3926 6554
245 422 358 484 665

1227 425 1325 484 DE
1366 422 1759 484 MICHAELE
1799 423 2262 486 PALEOLOGO
2300 426 2458 489 LIB.
2498 425 2617 485 III,

3410 419 3517 482 666

242 532 486 602 φῶντες.
526 535 739 606 Ταύτης
768 536 899 603 γοῦν
926 536 1024 605 τῆς
1055 537 1234 599 αἰτίας
1267 536 1298 605 ἢ
1342 534 1507 605 ούσης
1538 537 1569 605 ἢ
1610 538 1700 589 καὶ
1746 535 1833 589 δο-
1865 544 1905 598 Α
1938 536 1987 589 οί
2017 539 2134 598 ταῖς
2162 537 2359 607 ἀκραις
2381 536 2845 607 προσκαθήμενοι,
2868 536 2943 607 τῷ
2966 553 3022 589 τε
3047 535 3276 606 πάσχειν
3304 533 3515 587 ἐνθένδε

243 624 460 695 κούσης
485 627 647 679 ἕνεκα
681 630 899 697 συχναῖς
929 629 1269 697 ἀναγραφαῖς
1294 628 1393 691 τὰς
1421 627 1605 697 χώρας
1629 626 1831 681 ὲκαλα-

245 719 412 785 μᾶτο.
459 720 805 772 Ἐνεπίστευε
848 720 904 772 δὲ
940 720 1038 782 τὰς
1088 721 1339 783 τοιαύτας
1392 719 1707 789 οἰκονομίας
1740 718 1834 770 καὶ

242 810 545 875 ὲξισώσεις
600 810 856 881 ἀνδράσιν
911 811 1111 874 οὐδέσι,
1172 811 1425 879 μεγάλων
1480 813 1574 863 ἐπὶ
1625 810 1836 874 τούτοις

242 904 611 971 τεταγμένων
645 903 705 955 τὸ
755 901 1053 971 πρότερον·
1115 904 1331 972 Καῖσαρ
1386 904 1492 973 γὰρ
1557 902 1836 970 Ῥωμανὺς

245 994 346 1045 καὶ
380 997 565 1063 μέγας
592 993 911 1062 δομέστικος
944 996 971 1046 ό
1000 992 1093 1045 τοῦ
1134 993 1398 1063 βασιλέως
1433 991 1621 1062 πατὴρ
1646 992 1836 1055 ἐξισω-

241 1084 337 1136 ταὶ
395 1085 545 1138 κατά
613 1086 965 1155 Σκάμανδρον
1017 1080 1176 1156 ἦσαν.
1235 1084 1380 1151 Πλὴν
1445 1084 1836 1154 ὲχρυσολόγουν

242 1175 513 1228 ἐντεῦθεν
538 1178 635 1229 καὶ
673 1177 747 1247 τῷ
792 1175 956 1246 κοινῷ
993 1177 1225 1246 ταμιείῳ
1273 1177 1550 1246 προσῆγον
1589 1177 1658 1228 τὰ
1703 1177 1838 1245 χρή-

246 1283 428 1335 ματα.
479 1269 650 1322 Τοῦτο
691 1269 905 1336 συμϐὰν
945 1269 1041 1321 καὶ
1087 1272 1197 1330 τοῖς
1245 1268 1564 1335 Παφλαγόσι
1600 1267 1693 1319 καὶ
1727 1271 1837 1329 τοῖς

245 1360 618 1439 προσωτέρω,
660 1361 1127 1432 ἠργυρολογοῦντο
1166 1359 1243 1429 τῷ
1290 1360 1468 1429 χρόνῳ
1515 1359 1833 1426 κάμνοντες.

246 1450 373 1501 Τῶν
412 1451 519 1519 μὲν
548 1453 821 1521 χρειωδῶν
868 1453 962 1505 καί
1006 1469 1067 1520 γε
1119 1450 1238 1503 λίαν
1294 1449 1436 1520 εἶχον
1473 1450 1720 1516 εὐπόρως
1751 1449 1835 1501 δι·-

246 1540 462 1609 δούσης
490 1543 590 1611 τῆς
624 1544 747 1610 γῆς,
783 1542 1133 1612 νομισμάτων
1163 1541 1219 1594 δὲ
1263 1539 1533 1609 πενιχρῶς
1566 1534 1732 1607 εἶχον,
1763 1538 1838 1601 ὡς

250 1635 484 1686 πάντων
510 1636 897 1706 γεωργούντων
929 1637 997 1688 τὰ
1019 1636 1314 1702 ἀναγκαῖα.
1344 1633 1838 1701 Κεφαλαιουμένων

250 1724 389 1790 γοῦν
415 1727 530 1779 τῶν
549 1726 717 1780 τελῶν
744 1726 837 1779 ἐπὶ
860 1727 1157 1795 νομίσμασι
1179 1726 1401 1795 χρυσίου
1425 1722 1519 1776 καὶ
1549 1724 1836 1792 ἀργυρίου,

247 1816 499 1879 διδόντες
530 1818 590 1870 τὸ
620 1818 771 1871 τεθὲν
803 1818 862 1882 ἐξ
892 1818 1136 1887 ἀνάγκης
1161 1817 1545 1887 ὲξηποροῦντο.
1580 1813 1762 1868 Ἦσαν
1792 1814 1837 1866 δ’

1942 631 2036 681 καὶ
2067 627 2145 698 τῷ
2190 629 2433 693 ἐλπίζειν
2472 629 2683 681 ἐκεῖθεν
2710 628 2777 681 τὰ
2816 626 3009 698 λῴονσι,
3054 631 3102 681 εί
3146 629 3307 696 μόνον
3345 642 3519 697 προσ-

1942 722 2169 790 χωροῖεν
2216 721 2457 782 ἑκόντες,
2505 722 2846 791 προσχωρεῖν
2870 721 3109 788 ἔγνωσαν
3134 722 3227 772 καὶ
3246 720 3516 787 ὁσημέραι

1943 813 2327 882 προσετίθεντο
2373 814 2633 881 Πέρσαις.
2687 812 2855 865 Τοῦτο
2899 812 3028 879 γοῦν
3072 812 3156 864 ἐπ’
3192 812 3289 864 οὐκ
3337 812 3516 877 ὀλίγον

1940 906 2252 974 γενόμενον,
2301 904 2497 973 σύναμ⁴
2530 906 2757 966 ἐκείνοις
2807 906 2857 955 οί
2907 905 3111 972 Πέρσαι
3156 903 3366 972 ὁδηγοῖς
3399 902 3515 966 ἃμα

1943 996 2036 1050 καὶ
2073 998 2377 1064 συμμάχοις
2410 995 2682 1065 χρώμενοι
2716 996 3079 1065 καταθαρρεῖν
3110 990 3253 1063 εἶχον
3288 997 3393 1045 τῶν
3427 994 3515 1044 λε-

1942 1086 2278 1155 λειμμένων.
2334 1087 2439 1138 Καὶ
2494 1087 2709 1153 πρῶτον
2771 1087 2868 1155 μὲν
2920 1085 3191 1154 ἐκδρομὰς
3239 1084 3517 1145 ποιοῦντες

1947 1179 2207 1232 κατέθεον
2252 1179 2348 1249 τὴν
2411 1180 2513 1247 γῆν
2557 1179 2801 1243 ἐκείνων,
2856 1179 2949 1231 καὶ
2996 1177 3339 1236 σκυλεύοντες
3377 1177 3515 1245 (οὐδὲ

1943 1270 2051 1337 γὰρ
2091 1270 2355 1342 ἐθάρρουν
2410 1272 2610 1339 μένειν)
2666 1272 3039 1338 ὑπέστρεφον·
3095 1266 3211 1321 εἶτα
3261 1269 3366 1319 τῶν
3421 1272 3517 1336 μὲν

1944 1360 2405 1429 ὑποκλινομένων,
2441 1361 2549 1414 τῶν
2587 1362 2642 1414 δὲ
2685 1364 2775 1413 καὶ
2820 1360 3255 1428 ἀποικιζομένων
3297 1358 3403 1409 δέει
3441 1358 3516 1422 τῷ

1943 1453 2070 1520 περὶ
2114 1450 2207 1503 τοῦ
2240 1452 2356 1522 ζῇν,
2392 1452 2636 1521 εύχερεῖν
2670 1454 2732 1503 ὲκ
2763 1453 2856 1503 τοῦ
2892 1451 3063 1520 ῥᾷστα
3104 1451 3213 1509 τοῖς
3257 1449 3518 1510 ἐναντίοις

1942 1536 2031 1611 ἦν,
2068 1542 2158 1593 καὶ
2202 1545 2567 1611 κατασχόντες
2600 1544 2695 1613 τὴν
2746 1543 2930 1613 χώραν
2964 1544 3133 1595 κακὸν
3177 1539 3312 1610 ἦσαν
3342 1543 3520 1606 γειτό-

1944 1652 2007 1703 νη
2018 1652 2091 1703 μα
2131 1636 2241 1697 τοῖς
2270 1634 2514 1702 πλησίον.
2546 1637 2587 1687 Τ
2592 1635 2635 1704 ᾧ
2670 1637 2847 1704 μέντοι
2883 1653 2943 1703 γε
2979 1636 3189 1702 βασιλεῖ
3211 1634 3364 1699 δόξαν
3392 1635 3521 1686 ἀνα-

1946 1727 2173 1796 κλητέον
2209 1728 2424 1796 ἐκείνην
2452 1723 2607 1792 εἶναι,
2650 1730 2740 1780 ὅτε
2792 1728 2856 1798 δὴ
2896 1730 2986 1780 καὶ
3016 1728 3252 1797 θελήσοι,
3302 1727 3375 1789 ὠς
3428 1726 3519 1778 ἐπὶ

1947 1816 2112 1887 θύρας
2145 1814 2343 1883 οὖσαν,
2375 1820 2434 1872 ού
2470 1821 2628 1888 μέλον
2668 1816 2755 1890 ἦν,
2796 1820 2930 1872 ἀλλά
2966 1820 3099 1888 πρὸς
3129 1822 3240 1880 τοῖς
3281 1819 3519 1880 δυτικοῖς

253 1908 438 1973 ἄλλως
460 1912 555 1963 καὶ
575 1909 860 1980 στρατείας
876 1911 1026 1963 οὐδὲν
1042 1910 1465 1977 είδότες.⁶ομως
1488 1907 1672 1966 ἔθνους
1694 1906 1842 1973 φιλο-
1872 1902 1914 1955 Β
1946 1910 2126 1961 πᾶσαν
2155 1905 2268 1978 εἶχε
2304 1909 2400 1980 τὴν
2439 1909 2716 1979 ἀσχολίαν,
2750 1914 2815 1963 τὰ
2853 1912 2907 1961 ὲν
2951 1911 3079 1961 ποσὶ
3114 1909 3519 1980 καταπροῖέμεο

255 1999 490 2067 κερδοῦς
510 2000 776 2069 πονηρίαν
796 1999 967 2052 πολλά
993 2001 1053 2052 iv
1076 1998 1241 2068 κάμοι
1271 2016 1353 2058 τις
1370 1995 1620 2066 διορθοῦν
1645 1995 1839 2058 θέλων,

255 2093 306 2143 εί
336 2093 441 2143 καὶ
489 2093 566 2161 μὴ
595 2093 813 2161 πάσχον
842 2093 890 2144 εί
931 2090 989 2144 δὲ
1028 2092 1248 2160 πάσχει,
1281 2091 1381 2143 ούκ
1413 2088 1560 2141 ἐστιν
1586 2089 1733 2150 ὅπως
1767 2088 1841 2157 μὴ

256 2184 576 2253 ἀπρακτεῖν
594 2186 773 2238 πᾶσαν
791 2185 1053 2237 ἐπίνοιαν.
1070 2183 1296 2236 Ἐκεῖνοι
1310 2180 1510 2246 τοίνυν,
1527 2182 1623 2234 καὶ
1642 2179 1842 2250 μᾶλλον

257 2364 527 2418 excmcati
574 2361 796 2418 JOannis
846 2372 902 2416 et
968 2361 1093 2415 inde
1143 2369 1387 2417 secutam
1447 2376 1475 2414 a
1535 2359 1843 2427 patriarcha

261 2456 887 2510 exvuunnuuicationem
922 2455 1212 2531 provinciae
1256 2453 1604 2516 rebellarent,
1677 2453 1841 2507 rebus

266 2556 406 2601 tunc
468 2548 585 2600 suis
639 2546 770 2600 utile
822 2546 1090 2614 putaverit
1163 2546 1397 2615 spoliare
1464 2546 1709 2600 subditos
1790 2553 1846 2597 et

268 2639 632 2693 facoltatibus
666 2640 905 2705 privare,
947 2653 1014 2692 ne
1040 2639 1106 2691 ad
1150 2647 1339 2691 contra
1369 2652 1433 2690 se
1456 2635 1845 2704 insurgendum

266 2731 420 2787 vires
452 2731 731 2784 haberent.
770 2730 1051 2798 Utcunque
1076 2729 1165 2793 sit,
1194 2744 1255 2782 ea
1288 2736 1421 2783 tunc
1478 2728 1556 2781 vel
1586 2744 1707 2781 vera
1758 2729 1843 2782 vel

268 2822 398 2876 iit-ta
473 2838 632 2875 causa
697 2822 956 2892 egestatis
1006 2822 1209 2886 aerarii,
1270 2822 1479 2875 crebris
1549 2821 1847 2890 imperator

269 2917 529 2970 censibus
579 2931 642 2969 ac
689 2915 1146 2982 descriptionibus
1204 2930 1299 2984 per
1362 2915 1646 2967 ministros
1705 2929 1844 2982 quo-

270 3024 603 3077 quoversum
668 3010 919 3062 dimissos
967 3022 1131 3062 avare
1174 3022 1237 3061 ac
1288 3006 1560 3074 rapaciter
1596 3008 1848 3060 exercitis

271 3098 717 3169 zzzspicilegia
736 3098 1015 3167 regionum
1036 3097 1335 3163 factitabat,
1357 3107 1513 3152 utens
1535 3098 1598 3151 ad
1617 3098 1664 3152 id
1685 3114 1847 3168 opera

272 3194 558 3249 hominum
612 3193 786 3252 nihili,
836 3206 958 3246 cum
1015 3201 1174 3246 antea
1222 3191 1605 3260 hujuscemodi
1663 3191 1855 3245 lustris

1944 2017 2049 2059 νος.
2080 2000 2249 2052 Εἴωθε
2283 2002 2391 2069 γὰρ
2421 2002 2505 2053 ἀεὶ
2546 2002 2608 2054 τὸ
2646 2003 2741 2070 μὲν
2777 2003 2879 2055 ἀνὰ
2922 2004 3113 2071 χεῖρας
3160 2004 3522 2081 κατεφρονεῖ-

1946 2089 2070 2141 σθαι
2116 2088 2203 2141 διὰ
2255 2090 2316 2141 τὸ
2364 2088 2612 2158 σύνηθες,
2664 2088 2944 2158 ζητεῖσθαι
2981 2088 3038 2140 δέ
3069 2104 3132 2155 γε
3168 2089 3228 2139 τὸ
3276 2088 3348 2157 μὴ
3387 2103 3523 2155 κρα-

1942 2182 2205 2252 τούμενον
2236 2182 2310 2244 ὡς
2340 2182 2524 2248 θέλξον
2558 2182 2659 2252 ἠδη
2695 2182 2753 2246 ἐξ
2792 2180 3098 2251 ἀσυνήθους
3130 2183 3515 2251 προσγεγονός.

1944 2374 2089 2418 certe
2110 2364 2325 2432 quando
2354 2364 2675 2419 exacerbata
2703 2364 2919 2418 damnis
2951 2361 3281 2431 acribusque
3308 2361 3523 2429 injuriis

1945 2456 2011 2510 ad
2042 2458 2467 2525 desperationem
2504 2457 2725 2511 ell‘erata
2782 2456 2960 2519 fuerit,
3019 2455 3216 2509 frustra
3238 2452 3525 2521 quantavis

1946 2549 2294 2604 adhibebitur
2327 2549 2592 2603 industria
2624 2547 2697 2605 ad
2736 2548 2880 2602 illam
2949 2547 3002 2600 in
3070 2546 3172 2599 fide
3239 2544 3523 2613 oliicioqne

1946 2639 2351 2692 continendam.
2381 2638 2549 2707 Igitur
2613 2637 2707 2702 illi,
2778 2638 3046 2705 prmeipue
3099 2649 3231 2690 vero
3291 2649 3521 2703 quorum

1948 2731 2167 2785 art-ibus
2194 2731 2418 2785 Persico
2448 2730 2696 2798 praesidio
2740 2729 2965 2783 inseSsis
3025 2729 3313 2782 viciniores
3369 2728 3526 2781 sed-ss

1950 2820 2354 2892 erant,quoda
2396 2824 2595 2877 nostris
2653 2823 2870 2888 quidem
2930 2822 3132 2873 atrocia
3189 2829 3523 2888 paterentur,

1951 2916 2019 2967 ab
2045 2916 2286 2970 hostibus
2326 2930 2453 2968 vero
2499 2914 2863 2967 commodiora
2900 2921 3206 2978 sperarent,
3265 2911 3519 2979 polliceo-

1952 3009 2095 3062 tibus
2119 3008 2367 3062 vidt-licet
2401 3008 2502 3061 illis
2540 3016 2615 3069 et,
2649 3007 2692 3061 si
2733 3006 2873 3059 ultro
2942 3020 3001 3059 se
3058 3004 3338 3067 dederent,
3394 3004 3526 3058 inite

1952 3100 2232 3168 imperium
2268 3098 2682 3168 spondentibus,
2710 3097 2939 3153 deiicere
2975 3097 3038 3150 ad
3080 3096 3271 3150 Persas
3331 3097 3522 3149 decre-

1958 3199 2172 3252 verunt,
2208 3190 2516 3258 ﬁebantqne
2560 3189 2786 3242 aliorum
2830 3199 2948 3255 post
3007 3187 3140 3242 alios
3202 3187 3529 3253 quotidiana:

273 3286 579 3339 condendis
632 3284 1120 3353 collationibusquc
1179 3285 1466 3353 exigendis
1524 3285 1842 3354 populorum
1874 3256 1920 3315 δ
1955 3284 2303 3337 transitiones
2324 3256 2768 3352 ad,bcuigniores,
2796 3283 3158 3349 utputabaut,
3181 3280 3339 3350 223
3358 3280 3530 3333 domi-

274 3379 595 3432 nobilissimi
625 3376 824 3447 quique
850 3377 1049 3445 praaiici
1081 3377 1224 3430 soliti
1250 3387 1434 3431 essent
1463 3393 1477 3436 :
1518 3392 1641 3429 nam
1669 3375 1850 3431 Caesar

274 3471 556 3525 Romanus
591 3478 646 3523 et
674 3484 894 3539 ntaguus
956 3468 1285 3523 domesticus
1310 3468 1661 3537 imperatoris
1698 3478 1851 3536 pater

277 3578 541 3617 censuras
583 3562 740 3616 istius
764 3565 979 3630 generis
1003 3574 1097 3627 per
1139 3560 1387 3628 regiones
1413 3560 1558 3613 circa
1592 3559 1851 3614 Scaman-

276 3658 431 3708 drum
466 3655 602 3710 sitas
662 3663 963 3723 gesserant.
1005 3654 1066 3708 lli
1103 3668 1264 3722 porro
1321 3653 1566 3708 vilissimi
1618 3652 1850 3706 ministri

277 3763 469 3802 aurum
534 3746 1034 3801 imntisericorditer
1125 3756 1396 3802 extortum
1487 3745 1729 3813 undique
1796 3744 1848 3797 in

277 3839 527 3892 aerarium
553 3839 936 3906 congerebant.
961 3837 1060 3903 Qui
1113 3853 1235 3892 cum
1287 3837 1505 3891 obirent
1559 3836 1855 3904 Paphlago-

282 3935 426 3986 niam
454 3944 509 3986 et
535 3933 818 3986 ulteriores
858 3933 1102 4001 regiones
1137 3933 1382 4001 pecuniis
1413 3931 1607 3986 acerbe
1665 3943 1853 3984 corra-

281 4026 491 4089 dendis,
521 4039 586 4080 eo
637 4025 809 4094 magis
843 4022 1190 4078 olfendebant
1238 4022 1359 4078 illos
1402 4022 1649 4091 populos,
1710 4020 1852 4086 quod

282 4119 621 4173 vexationem
659 4134 754 4188 per
800 4131 862 4171 se
898 4119 1143 4171 odiosam
1202 4115 1658 4183 intempeStivitas
1726 4121 1856 4165 tunc

285 4209 530 4278 quaedam
566 4209 912 4277 aggravabat.
948 4207 1309 4277 Agriculturae
1361 4216 1551 4275 gentes
1574 4204 1677 4258 illae
1710 4204 1855 4272 plus-

288 4317 446 4372 quam
478 4303 845 4355 ntercinmniis
870 4301 1087 4364 deditae,
1128 4300 1292 4353 rebus
1352 4299 1418 4351 ad
1462 4299 1662 4350 victum
1718 4310 1854 4364 quas

292 4406 433 4450 terra
470 4395 646 4465 gignit
684 4394 1063 4454 abundabant,
1093 4392 1319 4460 signatae
1360 4391 1602 4459 pecuniae
1659 4403 1852 4458 parum

293 4489 583 4541 habebant.
647 4486 827 4552 Quare
925 4486 1060 4555 ipsis
1116 4492 1235 4537 erat
1288 4480 1604 4550 perdiﬂicile
1659 4495 1856 4558 aureos

1956 3391 2079 3429 nos.
2104 3376 2256 3441 Quod
2291 3377 2464 3442 primo
2494 3392 2521 3426 a
2550 3374 2779 3444 singulis
2799 3385 3083 3437 tentatum,
3113 3383 3167 3428 et
3189 3375 3274 3427 ubi
3306 3386 3530 3425 succes-

1956 3483 2049 3522 sus
2086 3469 2303 3536 impune
2363 3469 2477 3523 lieri
2533 3468 2801 3536 probavit,
2857 3467 3224 3521 crebrioribus
3268 3464 3530 3530 exemplis

1954 3557 2379 3627 frequentatum,
2411 3561 2748 3630 irreparabili
2772 3560 3005 3628 jactura:
3037 3559 3329 3626 provinciae
3366 3556 3531 3610 totius

1953 3655 2290 3706 occasionem
2356 3652 2524 3717 dedit,
2588 3649 2851 3720 siquidem
2916 3650 3094 3705 Persa:
3155 3652 3237 3704 bis
3314 3652 3403 3718 qui
3464 3648 3531 3700 ad

1961 3754 2148 3812 partes
2177 3746 2422 3813 ipsowm
2456 3744 2785 3798 transierant
2815 3743 3046 3797 ducibus
3098 3750 3152 3796 et
3188 3740 3532 3810 adjutoribus

1956 3837 2062 3902 usi,
2127 3836 2449 3904 paucitatem
2537 3851 2725 3890 eorum
2788 3836 2881 3905 qui
2946 3844 3258 3889 constantes
3322 3835 3372 3886 in
3429 3834 3537 3886 lide

1960 3926 2274 3995 imperatori
2302 3927 2480 3995 jurata
2506 3927 2813 3995 perstabant
2873 3934 3302 3987 contemnentes,
3359 3934 3534 3975 terras

1957 4036 2143 4075 eorum
2174 4022 2381 4075 crebris
2418 4020 2677 4075 infestare
2700 4020 3107 4074 incursionibus
3132 4029 3417 4087 coeperant
3446 4036 3460 4085 ;
3497 4033 3528 4070 e

1957 4112 2154 4180 quibus
2178 4112 2358 4167 onusti
2415 4113 2619 4181 praeda,
2683 4112 2926 4179 spoliatis
2986 4111 3218 4164 subinde
3283 4110 3527 4171 miseris,

1960 4207 2208 4262 redibant
2228 4206 2465 4268 domum,
2494 4204 2732 4259 nondum
2768 4205 2837 4258 ibi
2871 4205 2997 4256 ausi
3020 4202 3324 4267 considere,
3348 4205 3528 4270 (μιοού

1964 4296 2145 4352 multis
2204 4298 2432 4349 istorum
2465 4298 2793 4363 experientia
2829 4297 3093 4349 malorum
3126 4296 3526 4349 inclmantibos

1960 4390 2024 4442 ad
2056 4389 2275 4451 Persas,
2303 4387 2490 4441 multis
2544 4388 2861 4454 quotidiana
2892 4388 3017 4441 vita:
3059 4388 3298 4454 pericula
3327 4386 3450 4455 fuga
3479 4398 3538 4440 et

1960 4482 2265 4536 voluntario
2289 4480 2498 4536 exsilio.
2519 4480 2934 4545 redimentibus,
2953 4481 3179 4535 subactu
3211 4479 3323 4549 jam
3347 4481 3534 4535 faciles

292 4592 682 4651 argenteosque
713 4594 983 4641 nummos.
1018 4576 1107 4646 (ἰυί
1136 4575 1345 4646 singula
1386 4576 1436 4627 ίη
1493 4573 1667 4641 039513
1718 4572 1858 4625 indi-
1893 4609 1937 4664 ο
1963 4574 2143 4629 Persa:
2177 4576 2426 4643 regiones
2448 4589 2561 4627 suae
2596 4574 2786 4626 ditioni
2816 4575 3171 4642 subjunxere,
3207 4574 3437 4643 lixisque
3462 4575 3535 4629 ibi

291 4676 569 4735 cebautur,
613 4684 938 4733 numerare;
977 4678 1029 4720 et
1070 4682 1129 4720 se
1162 4668 1227 4719 ad
1272 4666 1323 4720 id
1343 4665 1487 4734 quod
1512 4679 1616 4717 non
1637 4672 1858 4732 possent

292 4765 502 4817 damnis
526 4779 589 4815 ac
636 4759 1096 4833 pigebeusiouibus
1143 4757 1259 4826 cogi
1314 4755 1692 4825 indignissime
1749 4754 1858 4808 sci—

292 4858 416 4909 licet
458 4856 717 4917 ferebant,
740 4853 1040 4921 praesertim
1075 4850 1328 4920 quoniam
1361 4848 1489 4902 inde
1521 4846 1855 4915 sequebatur

293 4958 405 5002 toto
435 4949 580 5016 ipsos
606 4947 860 5012 deinceps
887 4957 1029 4996 anno
1084 4942 1411 4996 necessariis
1473 4955 1663 5009 egere,
1708 4950 1856 5009 post-

288 5055 451 5109 quam
487 5053 691 5093 messes
753 5049 804 5092 et
834 5036 1155 5098 vindemias,
1200 5043 1259 5087 ut
1310 5049 1555 5087 summas
1621 5034 1855 5087 indictas

289 5131 675 5200 quoqnomodo
705 5128 1057 5190 conficerent,
1091 5128 1267 5180 alieno
1298 5135 1540 5193 tempore
1565 5125 1654 5177 vili
1681 5126 1853 5194 pretio

288 5226 597 5281 distrahere
630 5232 769 5276 totas
822 5233 1140 5277 exartorum
1192 5218 1537 5273 inclementia
1592 5216 1855 5285 compulsi

289 5318 526 5373 fuerant.
566 5317 777 5370 Nullum
822 5316 1039 5384 quidem
1090 5312 1202 5367 fere
1251 5312 1493 5383 plerique
1528 5310 1741 5364 illorum
1779 5309 1857 5363 rei

289 5409 496 5462 bellica:
540 5422 696 5461 usum
742 5407 1036 5470 habebant,
1066 5417 1124 5459 ut
1156 5404 1378 5460 rebellio
1405 5404 1584 5458 minus
1618 5402 1856 5456 timenda

287 5498 581 5551 videretur.
653 5495 859 5551 Tamen
932 5498 1106 5566 gentis
1151 5498 1289 5551 lucri
1361 5498 1588 5567 cupidas,
1642 5498 1859 5551 etiamsi

289 5588 435 5641 nulla
478 5590 787 5644 extorsione
817 5589 1059 5652 irritatae,
1114 5605 1210 5658 per
1235 5607 1294 5645 se
1324 5605 1548 5659 pronam
1604 5591 1670 5643 ad
1713 5606 1863 5659 quae-

290 5691 535 5736 stuosum
564 5683 864 5753 perjurium
916 5682 1150 5737 indolem
1223 5697 1343 5737 cum
1379 5698 1591 5747 semper
1638 5697 1864 5753 magnus

292 5771 441 5827 labor
470 5774 545 5830 sit
589 5772 659 5831 ab
716 5773 831 5831 utili
887 5776 999 5830 visa
1063 5774 1364 5832 defectione
1432 5777 1702 5839 cohibere,
1752 5785 1861 5830 tum

1866 5902 1933 5913 -ο

1965 4666 2256 4723 domiciliis
2303 4667 2502 4719 malam
2574 4666 2820 4727 ﬁnitimis
2852 4666 3107 4720 viciniam
3178 4668 3543 4735 praestabant,

1965 4763 2285 4817 infestantes
2309 4776 2405 4815 eos
2434 4761 2757 4815 latrociniis.
2790 4760 2915 4815 Haec
2960 4760 3187 4815 audiens
3245 4762 3545 4829 imperator

1964 4872 2030 4911 eo
2051 4864 2338 4910 accurrere
2370 4854 2971 4922 neglexit,existinians
3025 4870 3082 4909 se
3134 4856 3268 4907 istas
3323 4856 3544 4922 provino

1966 4948 2108 5010 cias,
2155 4948 2353 5016 quippe
2374 4946 2427 4999 in
2478 4944 2783 5014 prepinquo
2855 4946 3011 5010 sitas,
3078 4955 3541 5012 recuperaturum

1964 5041 2391 5110 quandocumque
2426 5037 2564 5091 foret
2587 5038 2821 5101 libitum,
2858 5046 2911 5092 et
2954 5037 3152 5090 tuuciu
3183 5052 3267 5090 res
3299 5036 3521 5090 Occidui

1957 5141 2165 5188 tractus
2196 5146 2291 5199 spe
2322 5147 2382 5184 ac
2421 5131 2713 5198 cupiditate
2747 5138 2891 5183 totus
2942 5129 3258 5189 imminens,
3291 5127 3342 5180 in
3364 5142 3537 5193 eaque

1953 5240 2060 5281 una
2085 5225 2295 5279 delian
2324 5240 2461 5278 cura
2485 5223 2846 5293 cogitationes
2881 5222 3108 5281 habens,
3141 5236 3289 5273 more
3324 5220 3528 5287 ingenii

1961 5316 2202 5382 humani,
2235 5316 2571 5385 plerumque,
2597 5314 2725 5368 dum
2782 5314 2953 5367 inhiat
2982 5312 3304 5383 longinquis,
3385 5312 3545 5362 amit-

1969 5410 2133 5464 tentis
2159 5423 2344 5463 coram
2381 5409 2574 5475 posita,
2630 5418 2683 5460 et
2740 5406 3068 5473 voluptatem
3110 5421 3172 5459 ex
3232 5404 3537 5457 absentium

1966 5500 2326 5568 acquisitione
2364 5509 2662 5569 speratam,
2691 5499 2838 5567 quod
2896 5498 3112 5552 insolita
3149 5499 3239 5562 sit,
3273 5497 3538 5567 potiorem

1965 5593 2278 5647 arbitrantis
2329 5591 2505 5646 fructu
2556 5602 2777 5660 propter
2833 5593 3133 5660 quamdam
3165 5590 3537 5645 assuetudiuis

1966 5698 2221 5737 nauseam
2254 5685 2430 5737 minus
2452 5684 2715 5753 jucundo,
2745 5687 2833 5752 qui
2868 5700 2933 5738 ex
2992 5684 3342 5753 praesentium
3403 5682 3536 5735 olim

1966 5790 2335 5845 possessorum
2371 5788 2634 5833 consueto
2661 5776 2911 5846 amplexu
2973 5775 3283 5846 percipitur.
