3926 6544
228 412 295 470 73
894 390 895 393 Ἴ
1138 404 1233 465 DE
1275 401 1661 463 MICHAELE
1705 395 2162 458 l‘AL/EOLOGO
2207 395 2350 456 LIB.
2389 397 2508 455 III.

3328 391 3432 454 674

192 522 415 576 εκσασιν
448 518 595 574 ἔθετο
628 520 900 590 προφανῆ.
947 519 1183 582 Ἐκεῖνος
1227 520 1335 589 γὰρ
1378 519 1471 572 ἐπὶ
1506 518 1757 569 πλεῖστον
1786 522 1831 576 Α
1864 513 2072 581 γνύειν,
2104 512 2164 565 τὸ
2187 512 2435 580 κρεῖττον
2464 511 2558 579 τῆς
2588 509 2737 572 λείας
2761 509 2855 563 καὶ
2884 494 3434 579 αὑτδνδιαφερόντως

188 618 247 683 τῇ
281 613 697 667 Κωνσταντίνου
727 613 1136 683 προστετηκὼς.
1168 614 1262 667 καὶ
1288 612 1556 682 ὁσημέραι
1590 626 1758 676 προσ-

186 706 355 760 δοκῶν
391 705 682 773 ἐπανήξειν
713 704 832 775 μεθ’
876 706 958 758 ὅτι
992 704 1250 774 πλείστης
1302 703 1504 772 ἰσχύος.
1546 700 1668 754 ἐπεὶ
1697 700 1759 752 τὸ

185 800 239 852 ὲν
264 798 483 851 ἐλπίσιν
512 798 832 865 ἀπέγνωστο
883 797 1021 867 (ᾔδει
1064 796 1171 865 γὰρ
1221 795 1353 848 ἄλλα
1397 794 1487 846 τὸν
1537 791 1759 863 βασιλέα

190 889 739 958 πραγματευόμενον,
775 888 870 941 καὶ⁴
904 888 962 942 τὸ
999 889 1156 956 κῆδος
1194 886 1375 940 ἔπειθε
1412 887 1470 938 τὸ
1505 884 1639 953 πρὸς
1668 882 1759 935 τὸν

199 984 444 1049 Ἀπαγᾶν
485 984 558 1044 ὡς
596 981 779 1034 οὐκέθ’
817 979 1252 1051 ὑποστρέψειεν),
1302 975 1477 1047 εὑρὼν
1519 975 1596 1044 τῷ
1636 975 1758 1027 τότε

187 1076 371 1142 καιρὸν
399 1074 461 1126 δν
496 1076 526 1141 ἡ
563 1075 657 1125 τοῦ
705 1074 969 1142 βασιλέως
999 1072 1233 1126 ἀπουσία
1261 1071 1448 1123 δέοντα
1476 1069 1525 1119 oi
1568 1068 1762 1136 παρεῖ-

189 1184 296 1235 χεν,
318 1164 683 1232 διαμηνύεται
712 1164 819 1215 τῶν
846 1181 951 1216 τινι
979 1163 1277 1230 συγγενῶν,
1305 1160 1533 1228 ἐπιδόξῳ
1558 1175 1619 1225 γε
1645 1157 1759 1210 om

187 1257 322 1307 κατὰ
357 1256 427 1307 τὰ
469 1254 601 1325 πρὸς
650 1256 852 1325 ἄρκτον
898 1255 1036 1325 μέρη
1091 1252 1185 1306 τοῦ
1238 1252 1491 1316 Εὐξείνου
1538 1250 1757 1310 πόντου,

187 1348 451 1401 δυσωπῶν
483 1346 759 1415 ἐπαμῦναι
791 1349 839 1399 oi
874 1347 1117 1415 ἀσιδήρῳ
1166 1344 1567 1413 πεφυλαγμένῳ
1606 1340 1759 1411 παρὰ

189 1441 322 1509 φίλῳ
349 1440 428 1507 τῷ
455 1439 686 1509 βασιλεῖ.
714 1440 865 1493 οὐδὲν
892 1438 1085 1509 ἐχθροῦ
1108 1438 1438 1507 διαφέροντι,
1464 1431 1618 1489 Εἶναι
1648 1435 1758 1503 γὰρ

189 1532 395 1601 ἐκείνῳ,
432 1535 483 1583 εἰ
517 1531 759 1601 βούλοιτο
793 1531 1027 1601 βοηθεῖν,
1064 1530 1337 1582 συνελθεῖν
1368 1527 1757 1597 Κωνσταντίνῳ

187 1625 273 1675 καί
308 1623 617 1676 σπεύδοντα
651 1622 989 1691 ωροτρῦναι
1034 1621 1172 1691 πρὸς
1223 1621 1319 1690 τὴν
1360 1620 1455 1672 τοῦ
1496 1618 1757 1689 βασιλέως

188 1712 449 1767 ἐπίθεσιν.
482 1715 591 1766 Καὶ
620 1714 781 1767 αὐτὸν
801 1713 858 1765 δὲ
883 1714 1185 1781 οἰκονομεῖν
1209 1712 1337 1781 παρ’
1362 1712 1566 1763 ἐκεῖνον
1595 1710 1754 1771 ίέναι,

186 1806 270 1858 καὶ
302 1804 485 1868 οὕτως
527 1806 724 1875 ἐκείνῳ
760 1806 987 1858 συνόντα
1021 1806 1149 1875 ῥᾷον
1193 1804 1314 1857 καθ’
1343 1803 1461 1855 ὁδὸν
1502 1803 1755 1854 ἐκπεσεῖν

1857 605 2181 672 ἀγομένους.
2212 600 2537 672 Μεμνῆσθαί
2576 616 2635 652 τε
2678 600 3002 668 συγγενείας
3040 599 3315 667 προτέρας
3340 598 3435 649 καὶ

1858 695 2038 763 δόξης.
2071 694 2181 747 Καὶ
2214 695 2261 746 εί
2299 692 2371 762 μὴ
2394 691 2460 745 δι’
2484 690 2651 761 ἄμφω
2677 692 2775 744 καὶ
2807 690 2883 753 ὼς
2912 689 3154 758 συγγενῆ
3184 687 3434 740 σπεύδειν

1857 786 1954 838 καὶ
2003 784 2079 845 ὡς
2117 782 2406 845 ἐλπίζοντα
2449 778 2885 848 μεταλαμόἀνειν
2935 777 3097 831 πάλιν
3145 776 3215 827 τὰ
3263 773 3435 841 μείζω

1860 873 2105 945 θαρρεῖν,
2137 871 2251 925 ἀλλ’
2282 866 2376 924 οὖν
2427 869 2494 923 δι’
2534 869 2591 922 ἓν
2633 870 2838 922 τούτων
2872 868 3019 933 ἄξιον
3059 866 3432 937 συμπράττειν
3484 914 3489 918 .

1858 959 2142 1029 οἵεσθαι,ἢ
2176 960 2250 1021 ὼς
2283 961 2533 1027 συγγενεῖ
2567 957 2918 1028 βοηθοῦνταῆ
2957 956 3030 1017 ὡς
3059 956 3233 1008 εἰδότα
3297 973 3434 1009 κατ-

1858 1049 2134 1103 ελεοῦντα.
2177 1049 2362 1103 Ταῦτα
2383 1049 2626 1118 δηλώσας
2669 1048 2747 1119 τῷ
2781 1048 2908 1118 θείῳ
2958 1049 3026 1101 δι’
3084 1048 3432 1119 ἀπορρήτων,

1858 1144 1927 1197 τὰ
1963 1143 2127 1196 πιστὰ
2154 1142 2332 1195 λαϐὼν
2368 1142 2578 1195 ἐκεῖθεν
2620 1142 2709 1194 διὰ
2759 1140 3102 1211 γραμμάτων
3138 1156 3434 1208 προσεποι-

1859 1237 1968 1288 εῖτο
1996 1234 2192 1305 ἐφετὴν
2217 1230 2354 1287 εἷναί
2382 1235 2429 1286 οί
2464 1233 2562 1303 τὴν
2600 1232 2861 1303 βασιλέως
2917 1231 3065 1295 θέαν,
3113 1232 3208 1285 καὶ
3259 1231 3437 1300 γράμ-

1863 1343 2024 1394 μασιν
2050 1326 2237 1395 ἐδήλου
2267 1324 2344 1393 τῷ
2376 1324 2603 1394 βασιλεῖ,
2637 1324 2730 1377 καὶ
2764 1324 3004 1376 ἱκέτευεν
3048 1324 3256 1392 ἐφεῖναι
3303 1320 3437 1391 παρ’

1857 1419 2065 1470 ἐκεῖνον
2117 1416 2406 1486 γενέσθαι’
2463 1414 2583 1468 οὐδὲ
2633 1415 2742 1484 γὰρ
2794 1416 2993 1467 ἀνεκτά
3038 1415 3086 1465 ol
3143 1410 3283 1465 εἶναι
3343 1412 3437 1464 ἐπὶ

1856 1511 2107 1563 τοσοῦτον
2136 1508 2463 1579 ἐστερῆσθαι
2496 1508 2597 1577 τῆς
2628 1507 2914 1577 βασιλικῆς
2952 1506 3149 1574 ὅψεως.
3212 1507 3273 1558 El
3306 1505 3437 1571 γοῦν

1860 1600 2189 1670 προστάσσοι
2212 1616 2225 1631 ·
2260 1602 2307 1653 εί
2336 1601 2383 1654 δ’
2418 1596 2531 1663 οὖν,
2568 1600 2685 1653 ἀλλ’
2712 1600 2872 1654 αὐτὸν
2905 1600 3056 1670 ἥξειν
3102 1600 3194 1652 καὶ
3242 1597 3435 1663 οὕτως,

1858 1693 1978 1746 ἐπεὶ
2009 1693 2171 1755 πόθος
2194 1692 2405 1760 ἐπείγει
2450 1694 2544 1746 καὶ
2584 1694 2857 1761 τυραννεῖ.
2922 1692 3107 1744 Ταῦτα
3170 1690 3357 1760 μαθὼν
3411 1692 3439 1742 ό

1861 1785 2135 1856 βασιλεὺς,
2171 1784 2285 1855 (καὶ
2315 1784 2418 1838 ποῦ
2453 1786 2561 1852 γὰρ
2588 1788 2680 1836 τὸν
2736 1785 2885 1837 δόλον
2935 1781 3078 1854 εἶχεν
3128 1784 3373 1836 ὑπονοεῖν
3396 1783 3437 1846 ;)

186 1898 255 1957 είς
278 1860 480 1964 χεῖρας
507 1860 757 1958 ἐκείνοίς,
794 1896 843 1947 εί
879 1860 1038 1964 μόνον
1065 1861 1341 1963 ,Τοχάροις
1377 1892 1611 1958 συνεξίοι
1641 1892 1757 1961 ἅμα
1786 1860 1832 1919 Β
1859 1877 1949 1929 διὰ
1997 1878 2338 1946 γραμμάτων
2388 1875 2470 1948 [Ρο
2509 1875 2635 1945 154i
2708 1876 2924 1945 ἐφίησιν
2977 1874 3267 1944 ἀφικέσθαι
3306 1872 3437 1944 παρ’

186 1986 581 2058 Κωνσταντίνῳ
619 1988 756 2055 μετὰ
788 1987 1130 2054 Βουλγάρων.
1164 1986 1271 2038 Καὶ
1300 1987 1349 2037 εί
1386 1987 1485 2051 μὲν
1513 1983 1627 2053 ἁλῷ
1662 1983 1756 2036 καὶ

184 2080 334 2142 αὐτὸς
365 2079 647 2149 βασιλεὺς,
691 2079 756 2132 εὖ
798 2077 937 2132 εἶναι
977 2080 1091 2142 τοῖς
1136 2077 1551 2148 ἐπιθησομένοις
1576 2094 1588 2107 ο
1624 2078 1670 2128 εί
1711 2074 1758 2129 δ’

183 2170 290 2234 οὖν,
317 2173 458 2227 ἀλλὰ
489 2171 639 2225 λείαν
670 2171 1134 2242 περιϐαλομένους
1181 2170 1439 2238 πλείστην
1478 2168 1630 2238 ὅσην,
1677 2167 1757 2221 ἔτι

184 2266 351 2319 δὲκαὶ
384 2265 501 2319 τῶν
535 2265 630 2320 τοῦ
663 2264 930 2333 βασιλέως
956 2264 1130 2317 πολλὰ
1163 2262 1431 2325 λαθόντας
1456 2261 1756 2326 ὲπαναζευο

189 2441 495 2507 manifesto,
541 2444 779 2511 pernicie
815 2442 1025 2511 publica
1053 2441 1308 2511 patravit.
1341 2440 1439 2496 llic
1474 2449 1754 2511 postquam

188 2532 272 2584 diu
327 2534 468 2601 apud
522 2532 1054 2600 Constantinopolim
1116 2532 1336 2585 taediosa
1384 2531 1758 2588 contabuisset

190 2638 351 2687 mora,
408 2623 463 2676 in
510 2624 629 2677 dies
673 2632 999 2691 exspectans
1059 2624 1242 2677 reduci
1290 2640 1347 2677 se
1390 2639 1511 2677 cum
1564 2640 1758 2694 magno

192 2714 420 2767 exercitu
478 2714 537 2766 in
596 2712 891 2775 Persidem,
952 2714 1041 2767 ubi
1101 2728 1222 2780 spes
1272 2714 1387 2781 ejus
1459 2713 1531 2768 rei
1582 2715 1757 2769 omnis

191 2808 458 2858 exstincta
492 2803 596 2872 ipsi
626 2804 871 2859 funditus
901 2816 1006 2873 est,
1056 2816 1166 2860 tum
1209 2806 1364 2874 longa
1418 2806 1757 2860 infinitarum

194 2893 599 2949 frustrationum
629 2896 982 2963 experientia,
1016 2906 1125 2950 tum
1180 2896 1418 2951 maxime
1458 2899 1603 2968 quod
1652 2914 1758 2955 non

196 2984 459 3054 ignoraret
494 2986 627 3053 quid
680 3001 803 3040 cum
857 2988 969 3041 suis
1014 2987 1259 3042 hostibus
1304 2989 1443 3043 clam
1504 2999 1762 3045 tractaret

198 3076 499 3145 imperator,
531 3087 589 3133 et
639 3077 817 3132 foedus
868 3079 936 3132 ab
982 3093 1048 3133 eo
1112 3079 1275 3133 ictum
1322 3096 1441 3135 cum
1506 3083 1761 3150 Apagane

196 3182 524 3241 compertum
580 3172 820 3237 haberet,
848 3176 990 3227 unde
1053 3174 1187 3229 satis
1238 3173 1503 3229 intellexit
1558 3172 1832 3264 nullamC

198 3264 284 3317 sibi
324 3264 586 3319 redeundi
624 3280 862 3334 unquam
921 3265 1155 3333 amplius
1201 3266 1266 3320 ad
1316 3267 1571 3321 amissum
1614 3268 1763 3335 prin-

197 3356 417 3423 cipatum
472 3356 738 3425 reliquam
794 3372 912 3411 esse
963 3358 1212 3412 fiduciam
1280 3359 1497 3418 debere,
1573 3368 1763 3414 nactus

200 3451 593 3504 accomodatam
649 3449 762 3504 suis
813 3449 1115 3504 rationibus
1159 3453 1523 3513 occasionem.
1563 3453 1757 3508 absen-

201 3536 316 3590 tiam
354 3537 728 3608 imperatoris,
783 3537 975 3606 allegat
1023 3538 1189 3592 iidum
1222 3538 1321 3593 sibi
1366 3542 1636 3595 hominem
1695 3543 1761 3596 ad

201 3633 473 3698 quemdam
499 3646 532 3685 e
562 3634 803 3701 cognatis
829 3632 881 3685 in
924 3634 1333 3699 septentrionali
1364 3633 1554 3686 Euxini
1608 3634 1761 3688 Ponti

202 3732 363 3777 tractu
394 3733 812 3793 praepotentem,
852 3740 1017 3778 orans
1042 3733 1099 3777 ut
1130 3726 1229 3778 sibi
1263 3726 1577 3779 subveniret
1622 3728 1760 3781 citra

203 3813 387 3868 ferrum
425 3825 486 3869 et
522 3815 734 3868 vincula
788 3816 1030 3870 custodia
1066 3817 1282 3870 detento
1313 3815 1383 3871 ab
1434 3816 1763 3886 imperatore

201 3905 362 3957 amico
395 3906 447 3959 in
484 3907 745 3973 speciem,
778 3919 965 3960 revera
994 3905 1123 3959 nihil
1162 3907 1230 3960 ab
1275 3907 1431 3962 hoste
1460 3909 1762 3964 differente.

202 3992 355 4051 Posse
377 3999 529 4051 enim
555 3998 702 4050 illum
730 3997 909 4064 facile,
940 3998 983 4052 si
1010 3999 1205 4062 vellet,’
1226 4000 1471 4054 auxiliari
1504 4002 1605 4055 sibi
1633 4018 1777 4069 opes

203 4099 312 4138 cum
380 4086 744 4144 Constantino
814 4089 1210 4158 conjungeudo,
1265 4100 1317 4145 et
1377 4094 1518 4146 bnuc
1575 4104 1765 4160 sponte

206 4190 503 4236 currentem
538 4182 817 4238 incitando
857 4184 924 4262 ad
990 4184 1305 4238 irruendunt
1364 4186 1661 4253 improviso
1710 4187 1762 4241 in

208 4270 597 4340 imperatorem.
650 4276 780 4330 Sese
824 4276 997 4345 ipsum
1022 4277 1130 4346 jam
1160 4276 1212 4331 id
1245 4292 1427 4345 agere,
1462 4294 1525 4333 ac
1577 4294 1767 4334 consc-

207 4374 439 4419 cuturum
485 4382 730 4434 sperare,
763 4376 821 4422 ut
847 4370 997 4424 adire
1028 4370 1411 4438 imperatorem
1445 4371 1546 4426 sibi
1576 4371 1759 4438 liceat,

178 4468 263 4545 ¹«ιο
288 4462 517 4514 consilio
542 4470 597 4513 ut
634 4477 868 4529 priest-ns
898 4476 1019 4516 eum
1057 4463 1464 4517 dissimulanter
1504 4464 1558 4518 in
1591 4460 1765 4535 {para-

1860 1971 2098 2023 ἐκεῖνονο
2138 1970 2268 2022 ίδεῖν
2302 1968 2412 2039 γὰρ
2451 1970 2546 2022 καὶ
2589 1969 2840 2031 δυτικοὺς
2872 1969 3067 2030 τόπους
3120 1966 3437 2035 ἐγγενέσθαι

1858 2060 1931 2123 oi,
1959 2058 2051 2122 οὒς
2079 2060 2180 2113 οὐκ
2200 2056 2268 2129 ἦν
2297 2057 2429 2132 ὀρᾷν
2460 2061 2588 2114 κατ’
2616 2060 2876 2123 ἀνατολὰς
2905 2060 3176 2127 διάγοντα.
3249 2057 3305 2111 Ὀ
3338 2057 3437 2129 μὲν

1859 2146 1952 2203 οὖν
2019 2152 2248 2205 σουλτὰν
2306 2153 2645 2223 ἐπιχωρηθεὶς
2692 2153 2791 2223 τὴν
2842 2153 3023 2219 ἔξοδον
3097 2153 3434 2220 ἐπετάχυνε,

1860 2243 1957 2296 καὶ
2012 2243 2219 2314 πλῆθος
2266 2246 2567 2315 χρημάτων
2617 2246 2795 2313 ἀφεὶς,
2846 2243 2928 2296 ἔτι
2957 2243 3013 2296 δέ
3044 2243 3139 2295 καὶ
3170 2245 3435 2310 γυναῖκας

1860 2430 2116 2485 felicitate
2140 2430 2194 2483 in
2234 2444 2398 2498 quam
2452 2429 2723 2483 miseriam
2761 2438 2869 2482 tam
2924 2437 3040 2483 arta
3074 2428 3176 2497 ipsi
3236 2441 3437 2496 cogna-

1860 2522 2025 2575 tionis
2063 2520 2460 2576 necessitudine
2493 2519 2780 2575 devinctus
2822 2521 3071 2589 princeps
3108 2518 3423 2579 decidisset,

1863 2630 2124 2688 reputans
2156 2618 2529 2672 miseraretur.
2559 2618 2757 2683 Quodsi
2798 2618 2911 2671 haec
2943 2631 3131 2683 parum
3159 2623 3439 2667 moverent

1868 2712 1934 2764 ad
1967 2712 2266 2763 audendum
2297 2711 2437 2778 quod
2473 2711 2814 2775 suadebatur,
2843 2717 2897 2761 at
2923 2706 3155 2762 fructum
3178 2707 3438 2777 cogitaret

1863 2804 1989 2858 inde
2015 2805 2113 2873 ipsi
2145 2814 2533 2872 proventttrum
2587 2804 2805 2857 uberem
2868 2803 2950 2856 vel
2990 2816 3243 2856 snecessu
3309 2800 3436 2854 belli

1864 2896 2079 2950 lucroso
2110 2896 2453 2964 praemiisque
2496 2894 2759 2959 victorim,
2789 2893 2870 2947 vel
2899 2908 2926 2947 a
2968 2893 3178 2961 propria
3209 2891 3439 2961 gratitu-

1864 2987 1990 3040 dine
2029 2986 2110 3039 sui
2146 2987 2336 3055 ipsius,
2369 2993 2650 3053 postquam
2702 2999 2823 3037 sese
2881 2983 2931 3035 in
2969 2993 3170 3036 statum
3206 2983 3435 3035 fortuna

1865 3077 2154 3148 pristinum
2225 3078 2554 3145 reposuerit,
2611 3076 2795 3129 omnia
2849 3074 3123 3128 liberatori
3174 3075 3436 3129 debituri.

1866 3172 1989 3227 Haec
2028 3172 2072 3226 si
2117 3170 2437 3226 viderentur
2492 3172 2704 3225 infirma
2756 3167 2992 3237 singula,
3040 3168 3201 3223 simul
3254 3177 3434 3222 tamen

1864 3263 2147 3332 conjuncta
2189 3262 2366 3317 omnia
2415 3262 2522 3314 vim
2555 3261 2755 3315 habere
2789 3262 3080 3313 maximam
3134 3262 3275 3326 apud
3319 3257 3435 3326 ejus

1864 3358 2103 3412 animum
2133 3370 2229 3424 par
2269 3369 2409 3408 esse.
2447 3355 2642 3422 Ageret
2672 3353 2859 3423 igitur,
2894 3363 2947 3407 et
2972 3351 3056 3404 vel
3108 3351 3437 3419 consangui-

1866 3448 2047 3503 nitatis
2076 3457 2321 3514 respectu
2350 3447 2545 3501 auxilio
2568 3446 2797 3510 veniret,
2837 3445 2918 3498 vel
2951 3460 3063 3500 sua:
3082 3444 3432 3508 infelicitatis,

1865 3558 2024 3609 quam
2053 3542 2152 3609 ipsi
2182 3542 2443 3609 aperiret,
2475 3541 2666 3595 notitia
2700 3540 2922 3608 indigna
2958 3538 3222 3592 ferentem
3278 3537 3439 3590 mise-

1868 3646 2096 3689 raretnr.
2129 3633 2223 3688 His
2272 3650 2472 3687 arcano
2534 3632 2794 3701 expositis
2856 3641 3068 3698 patruo,
3138 3632 3439 3699 littertsque

1866 3729 2037 3795 ipsius
2066 3729 2268 3782 mutuis
2313 3741 2537 3782 assensu
2592 3725 2761 3792 ipsius
2809 3725 3016 3793 fideque
3071 3734 3314 3790 accepta,
3366 3722 3441 3776 si—

1868 3820 2090 3874 mulavit
2119 3819 2430 3873 desiderare
2470 3832 2526 3871 se
2558 3816 2811 3883 majorem
2848 3817 2898 3868 in
2932 3816 3146 3868 modum
3179 3827 3440 3880 conspec-

1868 3919 1978 3963 tum
2012 3909 2382 3978 imperatoris,
2418 3909 2469 3961 in
2502 3918 2730 3973 eamque
2779 3903 3101 3959 sententiam
3156 3902 3222 3954 ad
3269 3898 3441 3969 impr?-

1868 4015 2102 4057 ratorem
2147 4001 2389 4069 scripsit,
2432 4014 2595 4053 orans
2649 3998 2811 4050 etiam
2846 4006 3007 4064 atque
3040 3994 3200 4048 etiam
3236 4003 3292 4044 ut
3335 3992 3437 4045 sibi

1870 4094 2204 4165 permitteret
2227 4093 2401 4161 ipsum
2431 4091 2601 4145 adire.
2630 4088 2811 4157 Neque
2841 4087 2986 4141 enim
3022 4085 3121 4140 sibi
3167 4084 3439 4138 tolerabile

1869 4191 2040 4245 videri
2073 4199 2223 4243 tanto
2257 4188 2368 4258 jam
2398 4197 2637 4255 tempore
2677 4201 2772 4238 usu
2802 4200 2865 4237 ac
2910 4184 3024 4237 visu
3074 4182 3271 4250 privari
3302 4179 3437 4233 chaé

1867 4283 2067 4337 rissimi
2097 4294 2258 4351 atque
2305 4279 2711 4335 honoratissimi
2756 4276 2857 4331 sibi
2894 4276 3153 4344 principis
3188 4291 3202 4327 :
3248 4274 3438 4343 jubere

1869 4376 2032 4443 igitur
2071 4373 2470 4443 quamprimum
2506 4372 2823 4440 dignaretur
2865 4382 2923 4423 se
2954 4368 3172 4432 venire;
3201 4368 3282 4421 sin
3315 4380 3439 4433 gra-

1871 4466 2061 4522 tillcari
2092 4468 2193 4521 hoc
2240 4465 2342 4518 sibi
2385 4462 2647 4527 differret,
2683 4461 2848 4516 sciret
2901 4466 3048 4515 tanta
3102 4473 3158 4512 se
3200 4458 3279 4510 uri
3323 4458 3438 4523 ejus

210 4557 283 4602 I88
301 4565 395 4618 per
452 4552 595 4605 viam
642 4552 867 4607 insidias
905 4553 1224 4621 praecipitet.
1295 4552 1514 4609 Veniret
1552 4565 1758 4610 tantum
1794 4551 1836 4606 0
1867 4574 2050 4613 coram
2092 4556 2334 4611 intuendi
2372 4556 2686 4623 cupiditate,
2740 4562 2796 4604 ut
2849 4553 2935 4607 vix
2968 4552 3068 4605 sibi
3138 4563 3438 4620 temperare

176 4650 259 4692 ἐι
321 4646 546 4698 eductos
613 4658 797 4697 secum
859 4642 1135 4700 Tocharos
1208 4661 1329 4699 cum
1401 4646 1768 4703 Constantino

212 4730 552 4805 Bulgarisque
581 4737 631 4788 in
670 4750 1008 4789 communem
1045 4736 1440 4805 expeditionem
1498 4740 1769 4807 traheret;

212 4836 267 4873 ac
293 4824 333 4875 si
359 4827 602 4894 quidem,
635 4828 776 4895 quod
816 4841 1046 4892 pronum
1078 4838 1297 4895 speratu
1346 4830 1648 4893 videbatur,
1680 4846 1770 4884 ca-

215 4928 417 4980 peretur
452 4920 765 4986 imperator.
802 4918 961 4972 facile
990 4934 1255 4989 apparere
1290 4934 1551 4988 quantum
1607 4922 1773 4992 23o

216 5004 328 5061 inde
354 5010 615 5064 bonorum
649 5012 701 5065 in
745 5011 892 5079 ipsos
925 5010 1343 5065 redundaturum
1376 5022 1520 5068 esset
1556 5029 1570 5065 :
1604 5016 1685 5068 sin
1718 5015 1771 5069 id

218 5110 316 5151 non
371 5102 707 5165 succederet,
775 5113 924 5156 certe
985 5117 1089 5155 non
1148 5117 1304 5171 posse
1358 5104 1590 5158 dubitari
1640 5107 1769 5175 quin

222 5196 665 5257 quaestuosissima
702 5195 803 5263 ipsi
844 5196 982 5249 foret
1016 5196 1119 5251 ista
1149 5198 1360 5262 militia,
1403 5198 1584 5267 utique
1617 5201 1776 5254 redu-

222 5293 365 5338 cturo
415 5304 480 5343 ex
532 5303 595 5342 ea
658 5290 841 5358 copias
898 5298 1124 5343 onustas
1167 5290 1346 5357 opima
1399 5284 1619 5358 prada,
1652 5306 1774 5346 cum

227 5376 437 5432 aliarum
470 5380 647 5435 omnis
676 5381 887 5449 generis
940 5396 1141 5447 rerum,
1205 5393 1318 5438 tum
1369 5394 1667 5453 apparatus
1710 5401 1775 5440 ac

229 5469 563 5533 supellectilis
618 5472 996 5539 imperatoria,
1026 5489 1090 5528 ex
1126 5474 1321 5543 quibus
1375 5477 1627 5545 excipere
1668 5478 1773 5531 sibi

233 5562 720 5619 praestantissimum
753 5564 990 5632 quidque
1022 5576 1224 5635 posset,
1259 5575 1313 5621 et
1341 5569 1514 5635 ipsum
1542 5583 1776 5623 consau-

232 5646 464 5709 guineutn
493 5653 784 5721 supplicem
821 5656 1039 5724 indigna
1069 5661 1310 5712 custodia
1337 5669 1577 5727 ereptum
1629 5663 1777 5716 inco-

236 5729 416 5792 lumem
462 5758 524 5797 ac
576 5744 799 5799 liberum
855 5760 975 5800 cum
1030 5748 1282 5816 pretiosis
1339 5750 1527 5818 spoliis
1557 5748 1774 5805 domum

237 5832 478 5899 recipere.
510 5834 836 5894 Meminisset
857 5840 1058 5908 prioris
1086 5856 1197 5896 suae
1237 5842 1443 5910 gloriae,
1483 5853 1535 5897 et
1568 5860 1629 5897 ex
1669 5859 1776 5914 qua

1871 4661 2059 4720 posset
2096 4666 2125 4704 a
2160 4647 2494 4718 profectione
2528 4647 2666 4700 istuc
2704 4644 2905 4711 injussu
2963 4646 3252 4707 tentanda;
3293 4644 3438 4710 quod

1869 4744 1913 4798 si
1947 4742 2367 4811 faceretignosci
2395 4756 2604 4808 aequum
2634 4738 2772 4801 fore,
2805 4738 3146 4807 tyrannicam
3177 4750 3297 4789 esse
3331 4735 3434 4787 vim

1870 4835 2151 4900 desiderii,
2208 4843 2262 4888 et
2303 4846 2587 4900 erumpere
2642 4832 2959 4899 plerumque
3012 4828 3149 4881 ultra
3213 4826 3440 4879 rationis

1872 4938 2034 4997 atque
2062 4926 2280 4981 humani
2334 4924 2545 4978 arbitrii
2594 4922 2905 4992 prmscripta
2945 4921 3155 4973 frenum
3184 4920 3443 4971 eluctatus

1872 5019 1989 5087 ejus
2021 5020 2273 5085 impetus.
2300 5015 2393 5069 llis
2422 5015 2718 5082 imperator
2739 5013 2998 5081 acceptis.
3029 5026 3125 5065 nec
3150 5011 3438 5079 quidquam

1874 5112 1944 5166 de
1972 5110 2200 5164 occultis
2228 5124 2366 5177 quas
2399 5107 2641 5161 diximus
2682 5105 3175 5160 machinationibus
3197 5102 3443 5170 suspica-

1877 5215 1984 5267 tus,
2030 5202 2310 5270 resdripsit
2364 5201 2672 5253 humaniter
2720 5199 3002 5265 indulgens
3052 5194 3245 5249 sultani
3300 5195 3442 5262 quod

1875 5295 2110 5364 petebat,
2150 5294 2290 5347 ultro
2322 5293 2447 5361 qttin
2480 5292 2645 5345 etiam
2696 5291 2934 5343 invitans
2985 5291 3049 5341 ad
3100 5288 3439 5341 occasionem

1878 5386 2241 5453 usurpandam
2296 5384 2500 5439 visendi
2557 5382 2865 5453 provincias
2904 5391 2957 5433 et
3014 5378 3175 5433 urbes
3215 5376 3442 5433 Occidui

1880 5489 2105 5541 tractus,
2134 5492 2363 5546 quarum
2402 5491 2673 5543 nunquam
2726 5474 3009 5538 hactenus,
3062 5471 3260 5540 quippe
3301 5486 3448 5525 sent-

1878 5586 1973 5640 per
2022 5578 2261 5621 moratus
2290 5568 2342 5621 in
2388 5564 2635 5630 Oriente,
2693 5580 2873 5619 coram
2906 5572 2959 5617 et
3023 5579 3122 5617 usu
3188 5564 3441 5632 praesenti

1878 5661 2375 5732 cognoscendarum
2409 5659 2559 5725 c0pizt
2595 5659 2697 5728 ipsi
2737 5658 3069 5725 contigisset.
3096 5657 3212 5711 Non
3235 5656 3447 5713 distulit

1881 5755 2061 5809 sultan
2121 5766 2379 5809 concessa
2437 5752 2594 5823 231
2639 5752 2712 5804 uti
2787 5750 3064 5816 facultate,
3106 5750 3200 5804 sed
3243 5749 3445 5815 statim,

1882 5848 2123 5916 pecuniae
2150 5862 2341 5918 magna
2369 5847 2419 5902 vi
2478 5860 2749 5916 opumque
2796 5854 3140 5912 exterarum,
3182 5844 3451 5924 uxoribus
