3926 6522
202 370 293 437 ί,τῖ
1170 370 1265 429 DE
1307 372 1696 431 MlCllAELE
1739 373 1752 430 Ι

1886 371 2200 431 ίΕΟιΟΟΟ
2243 372 2382 431 LIB.
2432 368 2542 431 ΙΙΙ.
3330 370 3436 435 (ΠΒ

218 490 301 535 σὺν
322 479 487 532 οὐδενὶ
516 477 660 547 φόϐῳ
690 478 891 532 διέθεον
920 479 1213 549 πανταχοῦ,
1246 480 1337 542 οὓς
1375 481 1474 550 μὲν
1498 483 1761 551 σφάττον-
1793 494 1836 544 Α
1870 482 2022 535 σιλεα
2048 485 2169 552 περὶ
2203 483 2398 535 ἑαυτοῦ
2426 482 2735 552 φροντίζειν
2752 482 2896 543 ὅπως
2927 480 3142 551 σωθείη.
3195 482 3438 556 Σπουδὴν

206 591 281 635 τες
310 568 639 640 παμπληθεὶ,
694 570 789 633 οὓς
822 572 876 623 δὲ
911 572 1211 635 ἀπάγοντες
1246 572 1454 626 ἐλεεινὰ
1481 576 1589 635 τοῖς
1618 572 1754 642 βαρο
1858 570 1966 636 γὰρ
1995 570 2219 631 ἕκαστος
2246 571 2481 623 ἐποιεῖτο
2507 569 2600 623 τοῦ
2627 572 2785 640 μόνον
2808 572 3065 640 σωθῆναι,
3093 572 3185 626 καὶ
3212 573 3436 641 ἀμελεῖν

204 668 370 735 ὀάροις
401 663 589 727 σκῦλα,
611 662 687 725 ὡς
710 663 873 732 μηδὲν
903 660 1041 716 εἶναι
1065 664 1198 716 ὅπου
1221 665 1463 732 προσῦἀς
1490 682 1571 728 τις
1598 666 1755 736 ἦθελε
1859 659 2265 729 παρεσκεύαζον
2290 660 2382 712 τοῦ
2407 660 2633 730 πλησίον
2667 661 2758 724 οὓς
2788 661 2886 731 μὲν
2910 663 2959 714 οἱ
2993 663 3293 734 προμηθεῖς
3338 661 3443 731 (pd-

205 758 451 821 σώζεσθαι
483 760 735 821 ἐπιεικῶς
760 759 1060 829 ἐλεύθερον.
1098 761 1205 812 Kai.
1240 761 1304 831 δὴ
1356 760 1542 831 κύκλῳ
1599 778 1757 831 περι·
1858 751 1943 803 σοι
1972 750 2066 815 οὓς
2093 752 2149 805 δὲ
2177 752 2271 806 καὶ
2292 752 2481 805 δειλίαι
2510 754 2750 823 ἄκαιροι.
2786 753 2910 815 τοὺς
2946 756 3043 823 μὲν
3072 754 3145 816 ὡς
3184 754 3243 818 ἐξ
3261 755 3433 821 ἀνάγ·

202 852 403 911 στάντες
452 850 575 902 ὅσον
626 848 777 901 οὒπω
810 851 1131 920 προσμίξειν
1176 850 1250 919 τῷ
1284 852 1591 922 κρατοῦντι.
1623 853 1757 907 Οὐδὲ
1858 861 1983 911 κηςν
2012 846 2061 897 εἷ
2104 844 2176 915 μὴ
2207 845 2594 910 σπουδάσαιεν,
2630 846 2932 899 ἁλώσεσθαι
3001 847 3433 915 προσδοκῶντας,

200 942 422 1013 γὰρὸσον
442 947 535 994 καὶ
560 943 813 1017 ἡμισείας
837 943 1047 1013 ἡμέρας
1072 943 1464 1013 ἱππηλατοῦντι
1483 944 1757 1014 διάστημα
1858 937 1983 1000 τοὺς
2014 937 2070 990 δὲ
2101 938 2223 1007 μηδ’
2252 938 2459 1001 εἰδότας
2486 934 2541 992 οἵ
2568 939 2736 992 κακοῦ
2762 940 3037 1006 γεγόνασι,
3079 939 3156 1008 τῷ
3216 938 3434 1006 βλέπειν

197 1030 255 1103 ἦν
277 1035 369 1102 τῆς
391 1032 535 1097 ὀδοῦ,
568 1032 652 1113 ἐφ’
672 1034 794 1085 ὅσον
819 1034 945 1104 παρ’
972 1035 1207 1104 ἑκάτερα
1236 1036 1286 1087 oi
1327 1036 1571 1105 πολέμιοι
1603 1037 1757 1105 διηγ-
1857 1028 2047 1090 ἄλλους
2084 1031 2162 1092 εἰς
2193 1029 2398 1083 ἔννοιαν
2425 1030 2755 1100 ἐρχομένους
2785 1032 2881 1083 καὶ
2911 1031 2996 1084 διὰ
3037 1030 3188 1083 ταῦτ’
3219 1031 3437 1097 ἀποχω-

198 1126 426 1195 γέλλοντο
467 1125 536 1177 τὰ
591 1124 735 1177 δεινὰ
791 1126 1071 1195 πράττειν,
1126 1126 1201 1185 ὡς
1251 1125 1490 1189 ἐκείνους
1522 1128 1758 1197 ἑσπέρας
1859 1121 2088 1192 ροῦντας
2150 1125 2257 1194 ὅπη
2321 1141 2405 1186 τις
2460 1123 2654 1193 ἡλπιζε
2695 1124 3055 1195 σωθήσεσθαι.
3096 1124 3169 1175 υύ
3220 1124 3330 1191 γὰρ
3366 1118 3434 1192 ἧν

198 1220 540 1286 κατασκηνεϊν
583 1217 705 1271 ὅθεν
735 1218 946 1287 πρωΐας
997 1217 1217 1287 ἐξώρμα
1258 1219 1286 1270 ὁ
1342 1218 1614 1288 βασιλεὺς,
1665 1221 1759 1272 καὶ
1859 1216 2261 1286 συνησπικότας
2329 1218 2470 1269 κατὰ
2536 1216 2811 1283 συντάξεις
2880 1216 3131 1278 ἐπιόντας
3187 1214 3434 1283 δέχεσθαι

196 1309 365 1369 ἄλλους
406 1310 615 1361 ἐκεῖθεν
646 1308 888 1380 ἐξορμᾷν
915 1310 1156 1380 τήμερον
1208 1310 1342 1362 ὅπου
1378 1310 1502 1378 χθὲς
1554 1312 1757 1375 ἐκείνος
1855 1306 1981 1369 τοὺς
2008 1307 2233 1377 ἐχθρούς
2266 1323 2283 1341 ·
2313 1310 2341 1362 ὁ
2374 1310 2481 1379 γὰρ
2511 1310 2660 1378 ἄγων
2686 1309 2928 1371 ἐκείνους
2960 1309 3052 1361 καὶ
3075 1307 3233 1369 αὐτὸς
3257 1323 3440 1359 συντε-

196 1401 486 1463 κατέμεινε.
519 1400 661 1469 Τόση
692 1418 774 1463 τις
805 1398 874 1471 ἦν
900 1401 1160 1471 σύγχυσις
1201 1401 1309 1454 τῶν
1359 1403 1620 1455 ἐπιόντων
1681 1403 1757 1466 ὡς
1800 1398 1825 1411 ί
1856 1401 2097 1469 τάρακτό
2124 1418 2181 1453 τε
2210 1401 2287 1469 τῷ
2316 1401 2589 1470 αἰφνιδίῳ,
2627 1402 2721 1453 καὶ
2768 1400 2875 1468 ὅπη
2922 1399 3081 1465 φύγοι
3116 1397 3435 1451 ἐσκέπτετο.

110 1542 113 1545 λ
199 1491 309 1561 μηδ’
330 1492 527 1553 αὐτοὺς
554 1494 694 1545 κατά
724 1492 1005 1560 φάλαγγας
1037 1494 1238 1562 μένειν,
1292 1493 1427 1546 ἀλλὰ
1480 1494 1755 1564 πανταχοῦ
1869 1491 2113 1559 Ὀλίγους
2140 1491 2269 1559 γοῦν
2296 1492 2419 1562 περὶ
2446 1493 2608 1544 αὑτὸν
2647 1491 2805 1561 ἔχων,
2833 1493 2923 1543 καί
2957 1491 3188 1561 μάλιστα
3218 1489 3338 1549 τοὺς
3358 1490 3438 1541 oi-

197 1582 389 1633 ἐκθέειν
408 1582 714 1651 λημμάτων
737 1583 913 1635 ἐλπίδι
938 1584 1078 1653 ύπέρ
1108 1584 1223 1647 δέος
1252 1584 1344 1637 τοῦ
1367 1584 1557 1637 παθεῖν
1586 1587 1752 1639 ἅπαν.
1856 1582 2167 1642 κειοτάτους
2194 1585 2287 1635 καὶ
2323 1578 2403 1646 οἷς
2438 1582 2689 1636 ἐπίστευε
2719 1582 2897 1645 πλέον,
2926 1584 3022 1636 σὺν
3069 1582 3297 1644 ἐκείνοις
3320 1579 3437 1649 ἆμα

194 1668 287 1723 Ἦν
316 1672 359 1724 δ’
393 1674 497 1725 ἀνὰ
529 1673 691 1742 μέρος
725 1674 818 1726 καὶ
863 1676 891 1728 ὁ
945 1676 1349 1739 Κωνσταντῖνος
1402 1676 1486 1745 ἐφ’
1540 1677 1757 1747 ἀμάξης
1857 1672 1954 1739 μὲν
1984 1671 2081 1733 τὰς
2114 1671 2487 1741 ὑποχωρήσεις
2510 1672 2615 1724 τῶν
2648 1672 2892 1740 φοϐερῶν
2924 1673 3157 1724 ἐποιεῖτο
3192 1671 3284 1724 καὶ
3339 1670 3435 1739 ἅμ’

196 1761 474 1829 φερόμενος
500 1761 584 1832 (τὸ
602 1761 711 1832 γὰρ
740 1764 927 1827 σκέλος
986 1765 1266 1833 κατεαγὼς
1324 1784 1453 1819 ποτε
1504 1768 1602 1825 οὐκ
1642 1764 1753 1838 εἶχε
1781 1831 1818 1838 Δ
1859 1763 2063 1832 ἑτέροις
2088 1764 2338 1832 φοϐεροῖς
2387 1765 2778 1833 προσέκρουεν,
2810 1764 2884 1827 ὡς
2928 1764 3054 1826 τοὺς
3092 1764 3191 1831 μὲν
3247 1764 3437 1817 ἀποδι-

194 1850 318 1899 κατά
346 1831 544 1920 τρόπον
593 1831 704 1912 τοῖς
737 1852 893 1904 ποσὶν
919 1853 997 1915 είς
1030 1853 1148 1905 ὁδὸν
1170 1831 1301 1906 τότε
1337 1854 1573 1924 χρῆσθαι
1631 1831 1752 1910 οὔτε
1781 1831 1828 1893 Β
1856 1831 2110 1924 δράνσκειν
2154 1831 2264 1917 τοίς
2319 1856 2365 1909 δ’
2418 1831 2734 1923 ἐμπίπτειν,
2786 1858 2875 1908 καὶ
2922 1856 3027 1909 τῶν
3054 1854 3330 1925 προτέρων
3357 1854 3433 1925 μὴ

195 1939 337 2009 πεζῇ,
372 1941 470 2009 οὺχ
497 1935 738 2011 ἦττονδέ
765 1945 860 1995 καὶ
900 1944 1017 2013 μεθ’
1062 1946 1288 2014 ἵππων),
1344 1948 1467 2009 τοὺς
1518 1947 1756 2016 Βουλγὰ-
1860 1949 2081 2018 φθάνειν
2140 1948 2385 2007 ἀνεῖσθαι
2444 1948 2607 2017 φόϐον
2654 1950 2746 2001 καὶ
2792 1948 3074 2015 δευτέρους
3121 1946 3435 2015 ἐκδέχεσθαι

196 2049 304 2100 ρους
341 2033 476 2101 ἀμφ’
511 2034 677 2085 αὑτὸν
708 2034 868 2105 ἔχων,
899 2038 995 2089 καὶ
1020 2037 1137 2090 αἰὲν
1165 2040 1271 2106 ὅπη
1302 2042 1527 2109 σκηνοίη
1545 2041 1754 2111 ἐπέχων
1858 2042 2098 2110 μείζους.
2154 2042 2264 2094 Καὶ
2322 2044 2428 2109 γὰρ
2485 2041 2577 2094 καὶ
2607 2040 2747 2093 αὐτὰ
2776 2041 2841 2092 τὰ
2872 2039 2980 2092 τῶν
3031 2040 3173 2107 ὀρῶν
3202 2038 3437 2107 ἀναστή-

193 2124 255 2186 ὡς
281 2126 721 2196 καταληψόμενος
754 2130 1081 2198 μονωθέντα.
1112 2134 1175 2184 Oi
1207 2132 1316 2202 γὰρ
1356 2136 1482 2204 περὶ
1510 2135 1601 2187 τὸν
1651 2135 1750 2205 βαι
1860 2149 2004 2198 ματα
2037 2131 2338 2198 φαντασίαν
2371 2135 2624 2201 παρεῖχον
2661 2130 2957 2201 πολεμίων,
2998 2131 3434 2199 ἐπεισπςσούσης

194 2217 325 2267 σιλέα
372 2217 596 2283 πάντες,
655 2221 777 2273 ὅσον
824 2216 891 2290 ἦν
938 2222 1325 2302 Θεραπευτικδν
1372 2228 1465 2278 καὶ
1512 2228 1753 2290 οἰκίδιον,
1854 2225 2052 2287 δειλίας
2087 2226 2314 2293 ἁφάτου.
2353 2225 2543 2294 Ὅμως
2584 2224 2639 2277 δὲ
2669 2226 2763 2277 καὶ
2812 2224 2986 2285 ἄλλως
3037 2222 3324 2290 ἠγγέλλετο
3375 2222 3435 2275 τὸ

192 2309 315 2375 ἀμφ’
367 2310 553 2372 αὐτοῖς
616 2311 844 2375 ἕκαστος
894 2314 1191 2379 δείσαντες,
1255 2318 1411 2381 ἄλλος
1458 2319 1647 2373 ἄλλοσέ
1677 2338 1751 2391 πη
1856 2318 2026 2369 δεινόν
2062 2335 2074 2349 ο
2115 2319 2173 2370 ού
2202 2317 2310 2388 γὰρ
2339 2313 2406 2387 ἦν
2432 2321 2581 2380 ὅστις
2640 2318 2731 2369 καὶ
2760 2318 2998 2385 προσιὼν
3048 2316 3079 2385 ἢ
3119 2317 3209 2368 καὶ
3248 2316 3434 2382 φανεὶς

190 2400 317 2469 ὁρμῇ
352 2402 496 2471 πασῃ
536 2404 831 2472 φεύγοντες
853 2407 1200 2475 παρεδύοντο,
1235 2411 1463 2479 ἀφέντες
1514 2414 1606 2465 καὶ
1657 2412 1753 2482 βα-
1856 2404 1916 2468 ἐξ
1946 2404 2162 2458 ἑτοίμου
2184 2406 2246 2459 οὐ
2277 2405 2439 2475 φόϐον
2460 2406 2707 2475 ἤγγελλε.
2730 2406 2845 2459 Κᾶν
2877 2424 2977 2458 που
3010 2409 3099 2458 καὶ
3124 2423 3433 2478 παρεσκευ-

194 2578 278 2642 tia,
310 2579 519 2636 cunctis
586 2583 790 2650 pariter
853 2585 987 2639 locis
1084 2589 1279 2655 partim
1359 2590 1751 2645 trucidatorum
1857 2586 2036 2641 festim
2070 2586 2308 2640 irruendi
2358 2586 2711 2655 capiendiqne
2742 2585 2912 2654 ipsum
2946 2602 3084 2655 pene
3115 2586 3227 2654 jam
3261 2587 3432 2641 solum

194 2673 467 2724 acervatim
537 2676 787 2729 cumulos
867 2688 1163 2741 struentes,
1224 2681 1415 2749 partim
1479 2695 1751 2752 raptantes
1859 2680 2127 2733 relictum.
2162 2677 2296 2731 Nam
2338 2693 2459 2746 qua:
2487 2680 2643 2731 turba
2673 2678 2820 2731 illum
2857 2678 3075 2733 familia:
3134 2695 3199 2734 ac
3268 2680 3432 2733 tnini-

190 2762 332 2832 233
362 2765 526 2819 libera
566 2781 791 2836 corpora
829 2773 1008 2826 omnis
1044 2775 1217 2828 aetatis
1252 2776 1303 2827 in
1334 2776 1650 2831 srrvitutem
1681 2776 1750 2831 ad
1853 2787 1950 2829 stet
1968 2776 1998 2827 ii
2032 2774 2310 2828 domestici
2336 2772 2585 2828 comitari
2616 2782 2869 2842 cmperat
2927 2772 3029 2825 hoc
3078 2773 3180 2827 iter
3248 2774 3432 2841 ingre-

192 2854 426 2911 barbaros
462 2859 858 2925 miserabilem,
903 2864 974 2916 ita
1035 2876 1091 2918 ut
1154 2869 1377 2921 omnino
1429 2884 1751 2940 quocunque
1840 2870 2110 2933 diemet“,
2139 2866 2411 2920 difﬂuebat
2439 2866 2489 2919 itt
2526 2866 2711 2929 horas,
2772 2874 2913 2919 metu
2954 2864 3110 2919 fidem
3177 2882 3240 2917 ac
3283 2880 3432 2918 reve-

189 2946 296 3011 ίιυίδ
326 2949 542 3015 Pl'Odire
576 2950 857 3020 cogitaret,
897 2954 1097 3007 nullam
1132 2960 1321 3011 viatna
1354 2961 1749 3026 prtesentiexi-
1862 2962 2091 3015 rentiant
2151 2961 2424 3021 vincente,
2487 2974 2812 3029 unoquoque
2873 2973 2972 3027 pro
3037 2974 3094 3012 se
3174 2958 3426 3021 sollicito,

192 3040 255 3089 tio
280 3054 375 3093 non
408 3042 530 3095 dico
559 3042 720 3108 plane
753 3053 945 3110 tutam,
981 3050 1074 3101 sed
1106 3064 1171 3101 ne
1201 3050 1357 3104 taletn
1406 3055 1625 3121 quidem
1661 3057 1746 3110 cui
1856 3055 2016 3108 modo
2048 3069 2203 3109 suam
2238 3054 2405 3122 ipsius
2434 3052 2600 3105 veloci
2641 3052 2763 3118 fuga
2794 3062 2847 3105 et
2876 3054 3169 3119 penetratis
3225 3052 3425 3104 latibu-

193 3130 545 3188 verisitniliter
596 3136 942 3206 aliquatenus
999 3154 1185 3208 posset
1253 3146 1417 3200 fidere
1475 3156 1528 3202 et
1587 3158 1818 3243 caputc
1854 3147 1917 3201 lis
1953 3148 2147 3215 ignotis
2201 3146 2340 3199 ho~ti
2376 3146 2605 3200 salutent
2645 3146 2697 3198 in
2729 3155 2844 3199 tuto
2868 3147 3160 3214 posuisset,
3221 3161 3413 3215 parum

193 3223 509 3295 salutemque
538 3244 692 3284 suam
720 3246 841 3285 cum
876 3236 1132 3289 nonnulla
1153 3237 1233 3291 vel
1264 3238 1427 3292 dubia
1467 3255 1563 3307 spe
1595 3256 1746 3296 com-
1775 3223 1818 3243 ν
1851 3241 1999 3311 pensi
2031 3238 2195 3312 234
2225 3241 2456 3293 habente
2482 3240 2611 3307 quid
2643 3239 2829 3301 sociis,
2867 3239 2994 3307 quid
3043 3238 3145 3307 ipsi
3207 3239 3427 3293 co:ttin-

196 3315 408 3381 η’ίιιθΐθν
471 3321 645 3373 ullam
727 3337 953 3393 usquam
1019 3329 1307 3395 reperiret.
1379 3328 1647 3386 Caeterum
1708 3332 1744 3387 ii
1850 3342 1997 3402 geret
2029 3333 2273 3400 principi.
2322 3330 2375 3382 ltt
2406 3346 2515 3399 quo
2537 3337 2653 3384 erat
2690 3331 2820 3383 ntira
2854 3342 2908 3383 et
2942 3331 3136 3384 misera
3188 3335 3423 3387 varietas

185 3412 344 3462 omnia
374 3428 465 3479 per
496 3416 792 3469 circuitum
844 3418 895 3471 in
940 3420 1107 3482 hunc,
1157 3436 1317 3489 quem
1353 3422 1485 3486 dixi,
1528 3426 1744 3479 modum
1850 3428 2121 3479 incondite
2152 3440 2587 3493 quoquoversum
2642 3424 2937 3486 ruentium,
2971 3439 3093 3477 cum
3126 3426 3260 3478 alios
3294 3442 3422 3492 prn-

186 3500 311 3553 Velut
362 3505 623 3575 indagine
661 3508 916 3577 amplexi,
950 3511 1020 3564 ita
1053 3528 1116 3566 ex
1164 3513 1311 3568 omni
1344 3527 1493 3583 parte
1548 3531 1745 3585 prope-
1848 3518 1981 3571 tletts
2016 3518 2193 3580 timor,
2231 3519 2373 3581 alios
2399 3516 2587 3585 panica
2621 3517 3005 3579 constet-natio,
3057 3517 3189 3569 alios
3238 3534 3421 3572 rumor

187 3593 380 3657 rahant,
410 3606 468 3649 ut
511 3606 727 3652 tantum
762 3616 868 3654 non
902 3603 1140 3671 contigui
1179 3605 1301 3658 telis
1368 3619 1432 3659 ac
1495 3609 1745 3663 manibus
1849 3608 2030 3671 falsos,
2095 3608 2387 3679 quosdam,
2442 3612 2659 3679 ignaros
2718 3611 2915 3675 alioqui
2970 3611 3095 3679 qn’d
3152 3622 3423 3677 ageretur,

186 3680 230 3733 in
262 3697 523 3739 momenta
583 3688 798 3753 singula
826 3694 1075 3745 cominus
1109 3694 1377 3749 adorituri
1403 3697 1740 3764 timerentnr,
1849 3700 1962 3769 ipse
1990 3702 2248 3755 tumultus
2280 3702 2437 3754 anxie
2484 3701 3044 3770 circumspectantium
3102 3712 3156 3758 et
3199 3721 3425 3758 rut-san-

186 3774 265 3828 vix
308 3785 448 3832 lauto
475 3780 681 3834 abillis
708 3796 845 3848 pone
895 3785 1227 3841 instantibus
1282 3788 1457 3856 spatio
1484 3802 1741 3859 quantum
1851 3795 1982 3847 tium
2012 3794 2334 3860 contagione
2400 3793 2793 3861 inquietudinis
2861 3798 3091 3864 quadam
3157 3798 3423 3863 abrlteret

186 3866 356 3923 itinere
381 3872 625 3927 dimidia:
658 3874 761 3927 diei
813 3875 975 3932 facile
1006 3889 1231 3947 possent
1280 3880 1511 3943 emetiri,
1578 3881 1746 3951 itnpe-
1845 3900 1954 3954 quo
1999 3885 2208 3939 salvum
2246 3901 2303 3939 se
2356 3886 2586 3954 quisque
2659 3886 2916 3953 sperabat
2964 3886 3100 3951 fore,
3148 3889 3246 3943 hoc
3305 3887 3418 3954 jam

189 3972 345 4017 ratore
377 3982 500 4020 cum
536 3966 903 4024 familiaribus
954 3974 1141 4041 paucis
1170 3974 1469 4042 equitante,
1519 3978 1744 4031 eodent-
1846 3980 2069 4035 effusius
2108 3988 2159 4033 et
2189 3979 2512 4033 verecundia
2578 3980 2796 4040 tninori,
2858 3981 3002 4049 quod
3032 3996 3128 4033 nec
3187 3983 3230 4033 si
3286 3983 3414 4049 quid

184 4068 279 4121 que
299 4057 510 4112 assidue
542 4061 762 4114 turbato
792 4064 1203 4119 occurrentibus
1227 4066 1294 4119 ab
1321 4077 1553 4135 utroque
1578 4070 1744 4124 latere
1845 4071 2091 4139 cuiquam
2126 4070 2405 4138 przesentis
2431 4068 2498 4122 ad
2524 4070 2880 4126 resistendum
2918 4081 3064 4124 esaet
3097 4073 3282 4130 animi.
3319 4071 3410 4125 fa-

188 4151 387 4215 trepidis
463 4152 676 4207 nuntiis
747 4155 1115 4225 direptionum
1152 4160 1163 4169 '
1196 4172 1261 4212 ac
1316 4161 1568 4225 caedium,
1623 4177 1743 4231 qua:
1844 4160 2015 4213 cultas
2044 4157 2160 4225 ejus
2197 4158 2274 4212 rei
2325 4159 2539 4212 adesset
2591 4159 2721 4223 ulla,
2782 4162 2969 4227 utique
3022 4158 3140 4225 ipso
3195 4159 3418 4214 ductore

185 4254 425 4308 nusquam
470 4259 581 4299 non
628 4244 1091 4302 circumstantium
1138 4250 1380 4306 locorum
1417 4256 1744 4311 exerceban-
1846 4253 2078 4305 novitate
2108 4250 2230 4304 mali
2272 4250 2436 4304 subiti
2475 4250 2745 4319 perculso,
2800 4266 2948 4321 spem
3009 4252 3180 4320 palam
3223 4268 3417 4323 repug-

184 4340 276 4386 tur.
308 4335 755 4407 Adtnovebatqtte
794 4350 995 4396 metum
1024 4346 1165 4411 quod
1203 4346 1315 4399 fere
1372 4349 1738 4417 contingebat,
1846 4342 2005 4399 nandi
2033 4342 2321 4396 damnante
2352 4358 2586 4403 ontnem,
2617 4354 2671 4396 et
2705 4343 2835 4396 ttiltil
2859 4344 3002 4397 aliud
3036 4359 3193 4413 quam
3235 4344 3415 4414 fugam

183 4427 311 4481 unde
380 4442 541 4483 mane
627 4432 970 4488 discessisset
1038 4430 1352 4503 imperator,
1414 4439 1486 4493 ibi
1555 4440 1740 4498 hostes
1844 4434 2165 4488 ειιειιεὺηε
2214 4444 2505 4503 quaerente.
2562 4433 2807 4505 Ηίοθΐεο
2844 4450 2966 4489 cum
3039 4436 3226 4503 P3UCiS
3280 4453 3419 4505 ιιυοε

182 4519 513 4576 tabernacula
558 4535 781 4591 vespere
830 4523 1012 4592 figere,
1081 4535 1137 4581 et
1206 4530 1258 4580 itt
1314 4543 1422 4597 quo
1480 4545 1614 4599 pago
1643 4542 1735 4585 aut
1767 4518 1809 4571 0
1840 4526 2070 4579 habebat
2092 4540 2274 4581 secum
2301 4526 2540 4595 reliquos
2565 4542 2630 4581 ex
2666 4527 2901 4580 maxime
2935 4527 3137 4581 intimis
3166 4543 3229 4581 ac
3263 4529 3416 4582 fidis-

180 4609 355 4671 ιινιιιιίυ
388 4612 499 4679 ipse
542 4612 656 4665 heri
700 4626 1095 4681 pernoctasset,
1124 4632 1187 4670 ex
1219 4633 1284 4672 eo
1326 4622 1542 4689 prodire
1579 4623 1741 4678 hodie
1841 4619 2016 4682 simis,
2052 4633 2298 4685 prorsum
2334 4629 2649 4680 retrorsum,
2692 4618 2819 4672 laeva
2867 4620 3076 4682 dextra,
3119 4620 3172 4672 in
3204 4630 3416 4687 partem

181 4696 393 4755 infestas
423 4704 496 4755 ita
526 4693 762 4758 licenter
794 4720 859 4761 ac
894 4722 1084 4763 secure
1137 4711 1575 4770 latrocinantium
1627 4732 1741 4770 ma-
1839 4726 2055 4765 onmem
2093 4726 2149 4765 se
2183 4711 2590 4779 circumagebat
2630 4712 2950 4766 vitabundus
3007 4720 3061 4767 et
3102 4712 3412 4778 incurrens,

180 4804 289 4852 nus,
324 4800 380 4846 ttt
415 4796 791 4863 manipulatim
823 4799 1004 4867 palare
1038 4802 1266 4871 dispersi
1335 4813 1390 4859 et
1418 4822 1739 4876 quocunque
1840 4804 1967 4857 hinc
1998 4804 2245 4873 repulsus
2274 4812 2481 4856 terrore
2512 4804 2782 4872 conspecti
2816 4805 2965 4869 mali,
2993 4804 3147 4872 pejus
3174 4805 3278 4858 illic
3306 4821 3411 4873 quo

179 4881 401 4939 alliceret
435 4889 620 4955 praeda
650 4888 949 4945 inordinati
1002 4907 1291 4950 accurrere
1349 4912 1454 4952 non
1518 4899 1735 4953 dubita-
1841 4896 2115 4966 refugerat
2158 4895 2454 4964 reperiens,
2488 4905 2596 4948 tum
2653 4910 2681 4948 a
2717 4899 2942 4965 quaesito
2980 4896 3105 4949 alibi
3170 4896 3414 4971 perfugio

182 4986 287 5028 rent
315 4992 329 5029 :
361 4994 424 5032 eo
448 4978 660 5034 fiducia:
681 4996 743 5036 ac
767 4993 1104 5053 contemptus
1127 4997 1433 5043 nostrorum
1459 5003 1736 5044 armorum
1842 4988 2021 5057 specie
2056 4988 2292 5041 tetriotis
2339 4987 2462 5041 inde
2492 5003 2552 5042 se
2600 4988 2920 5042 ostentantis
2943 4988 3093 5041 exitii
3131 4989 3411 5055 eiu-lusus,

180 5066 381 5136 impune
415 5074 678 5127 hactenus
703 5090 955 5129 ausorum
1005 5079 1340 5147 experientia
1382 5081 1734 5136 devenerant.
1840 5080 2033 5133 anxius
2067 5094 2281 5147 semper
2307 5090 2360 5133 et
2390 5091 2646 5145 aestuans,
2678 5079 3023 5147 perturbatae,
3046 5088 3102 5131 ut
3133 5077 3211 5142 ftt,
3242 5079 3411 5139 menti

182 5158 426 5217 Duetabat
460 5167 513 5218 itt
548 5167 850 5236 propinquo
877 5168 1179 5235 seiunctum
1230 5184 1259 5223 a
1300 5169 1562 5225 Tocltaris
1593 5186 1737 5225 διιο-
1835 5186 2021 5226 errore
2067 5172 2346 5227 oculorum
2429 5172 2767 5225 formidinem
2846 5172 3095 5236 addente,
3153 5187 3215 5225 ac
3278 5172 3407 5242 jnga

180 5264 284 5304 fll'lt
344 5271 535 5323 agmen
596 5258 982 5315 Constantinus
1048 5276 1209 5315 curru
1274 5262 1474 5317 vehens
1508 5282 1523 5319 :
1564 5264 1735 5318 fracto
1839 5266 2101 5319 montium
2140 5265 2348 5334 aliaque
2386 5264 2561 5318 obiter
2589 5265 2894 5332 apparentia
2929 5264 2979 5316 in
3015 5264 3195 5317 hostes
3227 5279 3410 5317 arma.

181 5346 309 5399 enim
337 5354 605 5417 quondam
634 5368 792 5408 crure
811 5355 887 5408 ita
918 5371 1059 5410 nunc
1082 5357 1255 5412 adhuc
1278 5360 1525 5413 utebatur
1546 5357 1731 5421 debili,
1838 5367 1923 5411 tos
1944 5357 2319 5425 irrueetesque
2355 5358 2716 5411 del'ormante.
2748 5352 3150 5423 lngeminabant
3177 5356 3411 5411 subinde

181 5448 350 5497 utnec
375 5448 539 5512 pedes
577 5448 827 5503 incedere
858 5464 958 5504 nec
986 5450 1231 5518 equitare
1260 5451 1399 5520 potis
1430 5462 1594 5506 esset.
1630 5451 1735 5508 Te-
1838 5450 2111 5503 miseriam
2192 5448 2529 5516 desperantis
2584 5448 2697 5517 jam
2778 5446 3037 5517 principis
3122 5447 3408 5505 obviorum

184 5534 327 5586 nebat
373 5540 516 5593 circa
569 5556 627 5595 se
696 5541 953 5612 Bulgaros
1001 5542 1262 5613 plurimos
1324 5544 1604 5612 expeditos
1677 5546 1729 5598 itt
1837 5544 2195 5609 undecunque
2218 5552 2434 5595 atroces
2474 5541 2672 5605 nuntii,
2698 5554 2844 5603 vera,
2882 5539 3062 5603 dubia,
3123 5540 3270 5605 lieta,
3307 5543 3409 5593 tri-

182 5628 341 5693 cquis,
373 5634 585 5700 evagari
616 5650 709 5688 eos
745 5647 799 5688 ut
832 5633 1110 5690 Tocltaros
1137 5650 1243 5691 non
1277 5635 1483 5701 sinetis,
1520 5634 1613 5688 sed
1647 5634 1729 5688 in-
1835 5632 2070 5685 stissima
2109 5631 2288 5683 omnia
2339 5629 2713 5699 horrendaque
2755 5629 3127 5685 referentium.
3184 5630 3238 5685 Id
3266 5644 3412 5699 saepe

185 5726 313 5771 tenta
341 5737 466 5776 cura
502 5739 715 5794 semper
755 5726 1036 5790 inquirens
1090 5728 1308 5781 ubinam
1364 5728 1734 5781 diversaretur
1838 5723 2063 5775 comites
2089 5722 2300 5790 experti
2339 5720 2732 5775 snlnnovebant
2758 5720 2952 5776 deinde
2980 5724 3279 5785 venientes,
3311 5736 3410 5777 nec

188 5823 474 5881 Imperator,
508 5821 778 5883 proposito
805 5821 1010 5875 scilicet
1050 5834 1113 5874 ae
1153 5820 1450 5887 cupiditate
1500 5834 1564 5873 co
1597 5833 1728 5874 con-
1836 5815 1985 5869 amri
2020 5816 2315 5885 principem
2347 5814 2624 5881 sinebant,
2657 5813 2798 5871 unde
2818 5816 2982 5869 etiam
3021 5814 3233 5873 utilium
3258 5812 3403 5869 indi-
