3926 6524
503 360 610 424 679

1713 354 2039 415 GEORGII
2079 351 2560 412 PACHYMERAZ

3655 345 3752 414 6&0

507 476 668 536 ἅζετο
703 473 1050 544 συγκατιέναι
1096 472 1186 546 [Ρ.
1213 471 1336 544 156]
1379 474 1514 542 πρὸς
1561 473 1687 536 τοὺς
1727 471 1953 542 ἐχθροὺς
2005 471 2098 526 ἐπὶ
2129 473 2172 528 Α
2201 470 2390 539 χεῖρας
2421 466 2480 521 τὸ
2509 466 2608 536 τῆς
2653 467 2815 520 Αἴνου
2842 461 3101 536 φροιὶριον
3134 457 3474 524 ὑπεισδύντες
3520 461 3624 514 τῶν
3661 462 3752 515 δειο

507 565 588 635 τῷ
631 563 820 634 μαθεῖν
870 565 1055 617 ὁπόσοι
1094 565 1186 616 καὶ
1234 564 1383 624 ὅπως
1433 563 1587 621 ῖοιεν.
1628 562 1678 614 οἱ
1727 563 1856 629 περὶ
1888 561 2092 612 ἐκεῖνον

508 660 598 713 διὰ
638 661 696 712 τὸ
733 657 956 728 μέγεθος
992 659 1084 710 τοῦ
1115 657 1363 710 κινδύνου
1404 658 1674 724 κατεῖχον,
1705 655 1779 716 ὡς
1812 655 1902 706 ἐπὶ
1934 655 2092 721 μόνον

511 753 644 823 ὀρᾷν
683 749 1061 816 τοσώζεσθαι.
1113 751 1280 812 Μόλις
1339 747 1468 816 γοῦν
1513 747 1632 814 νυξὶ
1683 747 1776 798 καὶ
1815 744 2094 814 παροδίαις

513 840 873 910 βοηθούμενος
909 839 1226 909 προσδαίνει
1268 837 1343 907 τῷ
1398 837 1572 906 Γάνῳ,
1625 833 1906 886 ἀπολιπὼν
1966 833 2096 896 τοὺς

513 934 733 994 λοιπους
767 933 948 999 ζητεῖν
975 934 1083 1000 ὅπη
1119 931 1394 996 σώζοιντο.
1430 930 1550 982 Τῶν
1582 931 1690 997 γὰρ
1719 929 1944 980 κατόπιν
1974 929 2083 979 ἰόν-

514 1043 623 1076 των
658 1025 749 1075 καὶ
783 1024 905 1092 μάλ’
943 1025 1318 1090 ἀπεγίνωσκεν
1368 1022 1442 1085 ὡς
1485 1023 1862 1090 ἁλωσομένων.
1914 1017 2094 1072 Ἷίσαν

515 1115 561 1168 δ’
593 1110 738 1169 οὗτοι
763 1116 811 1169 οἳ
847 1117 910 1185 δὴ
942 1117 999 1166 τὸ
1033 1116 1311 1185 βασιλικὸν
1343 1119 1587 1184 ταμιεῖον
1641 1115 1968 1183 διεκόμιζον,
2000 1113 2096 1166 καὶ

513 1208 566 1260 οἱ
606 1208 744 1276 ἀμφὶ
786 1207 876 1259 τὸν
925 1208 1150 1260 σουλτὰν
1212 1207 1513 1276 Ἀ-ζατίνην.
1583 1207 1816 1268 Ἐκεῖνος
1863 1206 1959 1274 μὲν
2001 1201 2096 1258 οὖν

516 1300 718 1360 ὓποδὺς
776 1300 835 1350 τὸ
886 1299 1030 1365 ὅρος,
1087 1301 1454 1367 ταχυόρόμους
1507 1299 1756 1367 πέμπων,
1805 1297 1955 1349 ἔνθεν
1996 1296 2095 1365 μὲν

516 1392 813 1442 ἐσκέπτετο
847 1391 971 1453 τοὺς
1003 1390 1228 1460 ἐχθροὺς
1277 1392 1527 1451 ἐπιόντας
1573 1391 1851 1444 λανθάνων
1897 1388 2096 1458 ἐκφεύ-

514 1500 655 1550 γειν,
695 1483 846 1534 ἔνθεν
878 1483 931 1534 δὲ
955 1485 1046 1534 καὶ
1076 1483 1518 1552 ταχυναυτοῦσαν
1549 1485 1747 1553 τριήρη
1803 1483 2098 1552 προσσχεῖν

513 1575 599 1627 δικ
631 1575 842 1644 ταχέων
869 1577 980 1636 τοῖς
1009 1574 1160 1644 ὄρεσι
1194 1574 1593 1642 παρεσκεύαζε.
1631 1574 1738 1624 Καὶ
1764 1572 1825 1640 δὴ
1848 1573 1974 1634 τοὺς
1998 1573 2097 1642 μὲν

513 1668 576 1718 ἐκ
601 1668 767 1719 τόπου
818 1667 982 1718 τόπον
1041 1666 1286 1736 ἀμείϐων
1336 1667 1570 1728 συνετῶς
1627 1668 1892 1735 ἐμφανεῖς
1938 1666 2096 1728 ὄντας

512 1761 654 1812 κατὰ
678 1759 738 1811 τὸ
769 1758 992 1828 λεληθὸς
1013 1758 1378 1828 διεδίδρασκεο
1410 1760 1507 1828 τὴν
1554 1758 1609 1810 δὲ
1665 1756 1852 1828 μαθὼν
1913 1759 2100 1826 εὑτρε-

2198 562 2308 614 νῶν
2363 561 2744 614 ἀναπνέουσιν.
2775 562 2849 612 Οὐ
2880 559 2986 628 μὴν
3024 555 3081 610 δὲ
3129 555 3220 607 καὶ
3266 555 3346 617 εῖς
3401 552 3534 606 πολῦ
3592 552 3760 622 σφίσιν

2195 649 2318 724 ἦνή
2349 653 2459 705 τῶν
2487 652 2665 704 πόνων
2716 653 2921 714 ἄνεσις,
2979 646 3096 700 ἀλλ’
3136 647 3334 701 ἐκεῖνοι
3399 645 3656 714 μαθόντες
3699 646 3761 698 τὰ

2197 745 2328 815 περὶ
2361 748 2450 796 τἰν
2481 743 2729 804 σουλτὰν,
2761 744 2856 795 καὶ
2887 743 2967 794 ὅτι
2992 744 3058 812 τῇ
3107 739 3252 810 Αἴνῳ
3285 737 3598 810 προσμένει,
3658 737 3764 806 ἅμα

2197 837 2253 890 δὲ
2286 838 2380 890 καὶ
2414 841 2539 906 περὶ
2570 839 2676 890 τῶν
2708 836 2901 896 ἄλλων,
2935 836 3111 886 ἐκεῖσε
3140 831 3416 901 πανδημεὶ
3439 829 3652 896 σύναμα
3681 831 3765 880 καὶ

2197 929 2272 997 τῷ
2297 930 2695 998 Κωνσταντίνῳ
2727 925 3209 996 συναθροισθέντες
3249 925 3346 992 τὴν
3381 921 3534 974 πόλιν
3592 937 3764 988 περιε-

2201 1022 2439 1089 κὰθηντο
2459 1023 2554 1074 καὶ
2583 1021 2731 1074 δεινὰ
2765 1020 3000 1081 ἐποίουν,
3024 1018 3168 1086 δῆλοι
3201 1017 3355 1078 ὄντες
3380 1015 3454 1076 ὡς
3481 1015 3766 1066 ἀνάστατον

2200 1116 2537 1179 ποιήσοντες.
2587 1110 3030 1179 Ἦκροὸολίζοντο
3062 1107 3193 1178 γοῦν
3221 1100 3346 1159 καθ’
3376 1107 3588 1176 ἡμέραν
3615 1123 3760 1174 περι-

2201 1202 2527 1264 κυκλοῦντες
2579 1203 2639 1255 τὸ
2667 1202 2948 1272 φρούριον,
2984 1203 3080 1255 καὶ
3117 1201 3380 1268 ἠπείλουν
3407 1202 3517 1261 τοῖς
3544 1198 3708 1260 ἐντὸς,
3727 1199 3769 1250 εἰ

2201 1295 2276 1364 μὴ
2301 1296 2569 1363 προδοῖεν,
2601 1295 2667 1348 τὰ
2700 1297 2965 1366 χείριστα.
3011 1295 3072 1346 Οῖ
3115 1293 3170 1345 δὲ
3193 1291 3431 1362 ὁρῶντες
3464 1290 3564 1360 μὲν
3597 1295 3687 1340 καὶ
3712 1290 3772 1342 τὰ

2197 1387 2348 1440 δεινὰ
2388 1389 2446 1437 ἐν
2470 1387 2586 1456 χρῷ
2613 1388 2796 1455 σφίσιν
2829 1389 2977 1451 ὄντα,
3009 1387 3102 1440 καὶ
3128 1384 3202 1448 ὡς
3235 1386 3294 1437 οὐ
3323 1383 3504 1452 φυκτὰ
3549 1383 3615 1435 τὰ
3643 1382 3773 1435 κατὰ

2200 1486 2360 1553 σφᾶς,
2392 1488 2439 1538 εί
2467 1485 2812 1556 ἐπιϐρίσειαν
2852 1487 3054 1552 utier);
3087 1486 3241 1546 ὄντες
3285 1483 3395 1537 οὐδ’
3450 1482 3546 1534 ἐπὶ
3593 1478 3772 1549 μικρὸν

2199 1577 2567 1648 λογιζόμενοι,
2591 1578 2824 1648 ὁρῶντες
2847 1579 2905 1630 δὲ
2940 1579 3031 1631 καὶ
3059 1577 3120 1630 τὸ
3152 1576 3416 1646 φρούριον
3443 1575 3519 1636 ὡς
3547 1588 3772 1639 κατερη-

2203 1666 2476 1737 ριμμένον
2515 1668 2610 1720 καὶ
2635 1667 2865 1721 ἐνδῶσον
2901 1666 3099 1719 αὐτίκα
3130 1666 3179 1717 εί
3217 1663 3580 1733 μηχανήμασι
3619 1676 3773 1730 προπ-

2202 1758 2467 1829 κρουσθῇ,
2497 1760 2556 1812 ὲν
2592 1759 2788 1822 δεινοῖς
2811 1755 2976 1828 ἦσαν.
3012 1759 3156 1828 Πλὴν
3183 1756 3370 1811 οὐδ’οῖ
3417 1772 3484 1823 γε
3518 1753 3774 1822 κατερρᾳ-

511 1853 796 1904 πισθεῖσαν
827 1817 1102 1920 παρεῖναι,
1169 1817 1518 1919 συγκτταδέις
1574 1817 1686 1915 τοῖς
1736 1851 1941 1914 λοιποῖς
1997 1817 2092 1904 τοῦ
2131 1817 2171 1873 Β
2203 1817 2522 1920 θόμουνῃμὴ
2549 1852 2645 1902 καὶ⁵
2680 1817 2931 1921 προνοεῖν
2977 1817 3199 1911 ἑαυτοῖς
3246 1848 3316 1900 τὰ
3362 1817 3444 1908 εἰς
3490 1817 3772 1912 σωτηρίαν.

511 1943 670 2014 ὅρους
711 1943 964 1996 ἐπέϐαινέ
997 1960 1056 1995 τε
1083 1944 1176 1996 καὶ
1203 1945 1258 2006 ἐς
1291 1941 1864 1995 Κωνσταντινούπολιν
1899 1942 2092 1995 διεσώ.

512 2034 654 2096 ζετο.
717 2033 779 2086 Οἱ
823 2033 868 2084 δ’
903 2033 1052 2087 ἄλλοι
1093 2032 1606 2101 διασκεδαννύμενοι
1670 2034 1946 2102 πανταχοῦ
1996 2033 2096 2104 τῆς

511 2127 737 2198 Θρᾴκης
769 2129 815 2179 οῖ
847 2126 944 2196 μὲν
974 2127 1281 2196 ἡλίσκοντο,
1323 2125 1373 2177 οῖ
1403 2124 1459 2178 δέ
1489 2127 1552 2178 ἐκ
1597 2124 1693 2178 τοῦ
1735 2127 1887 2191 παρὰ
1939 2124 2097 2188 δόξαν

511 2220 607 2270 καὶ
637 2217 977 2280 διεσώζοντο.
1012 2218 1075 2270 Οἱ
1104 2217 1286 2286 μέντοι
1332 2233 1394 2283 γε
1421 2215 1528 2268 τῶν
1553 2218 1785 2280 οἰκείων,
1838 2210 1919 2279 οἷς
1941 2233 2002 2268 τε
2038 2215 2097 2268 τὸ

511 2311 691 2362 κοινὸν
724 2313 968 2378 ταμιεῖον
1006 2310 1401 2375 ἐπετέτραπτο,
1450 2308 1550 2360 σὺν
1598 2307 1810 2370 τούτοις
1832 2306 1888 2358 δὲ
1927 2310 2022 2359 καὶ
2047 2305 2098 2358 οῖ

512 2404 660 2474 ἀμςλ
679 2404 768 2457 τὸν
803 2405 1052 2466 σουλτὰν,
1077 2402 1174 2464 τὰς
1204 2403 1312 2455 τῶν
1339 2401 1550 2472 ἐχθρῶν
1580 2402 1734 2471 μόλις
1785 2399 2098 2471 διαδράντες

513 2595 605 2634 ces
633 2581 723 2649 qui
750 2578 814 2632 de
845 2578 1090 2632 hostibus
1124 2593 1233 2648 quo
1269 2577 1386 2633 loco
1410 2589 1590 2633 essent
1625 2587 1678 2632 et
1704 2578 1832 2646 quid
1854 2587 2096 2647 agerem,

519 2673 832 2727 necessaria
867 2672 1005 2726 scitu
1075 2674 1379 2742 suggestnri
1433 2673 1772 2736 advolaranl,
1826 2671 2098 2726 inauditos

520 2765 706 2830 repelli
749 2766 1122 2835 contingebat,
1160 2765 1522 2832 imprudentia
1557 2767 1675 2818 sine
1717 2766 1882 2819 dttbio
1907 2766 2098 2820 exclu-

517 2861 758 2914 dentium
798 2874 987 2928 magna
1031 2874 1048 2911 :
1078 2859 1172 2911 sed
1199 2872 1295 2912 sna
1327 2873 1420 2912 eos
1442 2868 1808 2912 excmcaverat
1850 2869 2101 2913 conster-

517 2955 691 3016 natio,
723 2953 914 3018 nimio,
975 2961 1034 3005 ut
1065 2952 1157 3020 ζῐὶι,
1189 2951 1351 3022 235
1399 2953 1549 3006 exitii
1583 2961 1727 3006 metu
1761 2953 1813 3006 in
1873 2953 2098 3006 exilium

517 3055 758 3101 ruentes.
795 3044 1358 3112 Tandemzegerrime,
1392 3045 1700 3098 faventibus
1748 3045 1991 3099 noctium
2025 3056 2102 3100 te-

2209 1943 2300 1997 ’Ev
2363 1944 2521 2014 μέρει
2580 1943 2638 1997 δὲ
2667 1943 2762 1996 καὶ
2791 1944 2843 1996 οἱ
2873 1943 3002 2014 περὶ
3030 1942 3091 1995 τὸ
3121 1941 3296 1996 κοινὸν
3328 1940 3581 2010 ταμιεῖον
3609 1939 3666 1989 ἐν
3695 1939 3773 1990 ἐνο

2196 2035 2367 2099 νοίαις
2423 2035 2669 2106 μείζοσιν
2720 2034 2753 2106 ἢ
2803 2039 2993 2106 φέρειν
3033 2029 3198 2105 ἦσαν,
3234 2032 3350 2095 πῶς
3400 2031 3469 2085 ἂν
3496 2027 3773 2095 διασωθείη

2197 2129 2356 2192 τόσος
2409 2129 2583 2199 σωρὸς
2613 2129 2946 2199 χρημάτων,
2979 2129 3102 2191 ὅσος
3131 2129 3188 2181 ἐν
3218 2127 3522 2197 νομίσμασι
3553 2126 3644 2178 καὶ
3665 2123 3772 2184 ὅσος

2197 2225 2258 2274 ἐν
2322 2221 2601 2290 διαφόροις
2642 2220 3026 2296 θεωρούμενος
3053 2219 3242 2274 εῐδεσι.
3265 2219 3376 2274 Καί
3421 2235 3487 2288 γε
3513 2219 3608 2270 καὶ
3660 2219 3773 2286 περὶ

2201 2315 2444 2378 πλείονος
2474 2319 2574 2387 τῆς
2596 2315 2747 2383 σφῶν
2773 2314 3050 2384 σωτηρίας
3087 2313 3392 2376 ποιοῦντες,
3417 2311 3596 2364 δεινὴν
3621 2310 3768 2380 ἡγού-

2203 2425 2354 2480 μενοι
2384 2410 2478 2462 καὶ
2507 2409 2788 2462 πεσόντων
2822 2408 3048 2462 ἐκείνων
3068 2407 3116 2460 εῖ
3139 2405 3316 2459 τόσων
3341 2407 3402 2458 τὸ
3447 2403 3632 2458 κοινὸν
3668 2418 3765 2456 στι⁸

2199 2589 2936 2658 olisederunt,oppugnantes
2959 2600 3122 2656 quam
3143 2591 3395 2654 poterant
3424 2581 3768 2644 ferocissime,

2203 2697 2266 2735 ac
2301 2682 2461 2750 plane
2497 2697 2605 2751 prae
2638 2695 2697 2735 se
2729 2684 2964 2735 ferentes
3025 2681 3401 2734 destructuros
3423 2692 3488 2731 se
3536 2675 3769 2746 oppidum

2201 2787 2323 2826 cum
2354 2789 2500 2826 arce.
2545 2773 2758 2828 Corona
2821 2773 2985 2842 igitur
3017 2773 3252 2825 cinctam
3311 2770 3666 2823 munitionem
3695 2780 3769 2821 ss-

2204 2865 2354 2934 gittis
2381 2865 2620 2936 undique
2651 2865 2818 2936 236
2854 2881 2917 2920 ac
2943 2862 3143 2934 jaculis
3182 2878 3280 2934 per
3343 2862 3490 2916 diem
3541 2860 3770 2916 continue

2204 2963 2476 3027 petebant,
2511 2968 2567 3014 et
2593 2959 2936 3013 atrocissima
2980 2972 3208 3028 quasque
3239 2954 3616 3027 praesidiariis,
3645 2953 3693 3006 ni
3721 2966 3769 3006 se

2204 3051 2476 3115 dederint,
2531 3053 2916 3106 minabantur.
2978 3050 3078 3117 Qui
3107 3058 3288 3106 autem
3335 3049 3488 3104 intus
3549 3058 3694 3102 erant
3724 3047 3768 3100 in

516 3141 719 3203 hebris,
757 3139 982 3209 juvante
1015 3141 1080 3191 ad
1102 3137 1377 3192 latendum
1405 3139 1696 3194 solitudine
1746 3140 1963 3194 callium
2010 3141 2096 3194 in-
2131 3183 2173 3242 ο
2207 3157 2330 3200 ario
2370 3161 2429 3199 se
2469 3146 2871 3214 deprehensos,
2913 3148 3128 3197 admota
3159 3143 3408 3197 cominus
3463 3153 3521 3197 et
3565 3140 3770 3209 jamcu-

513 3247 750 3295 vmrum,
805 3232 1016 3287 Ganum
1081 3239 1318 3284 montem
1390 3232 1715 3284 conscendit
1778 3232 2097 3300 imperator,

513 3325 722 3379 relictis
747 3324 1058 3388 comitibus,
1085 3331 1139 3377 et
1169 3323 1270 3376 sibi
1301 3334 1457 3392 prout
1488 3327 1717 3393 quisque
1741 3327 2102 3394 possetjussis

516 3420 822 3473 consulere.
848 3418 979 3471 Nam
1010 3433 1105 3473 eos
1139 3434 1360 3472 suorum
1388 3424 1476 3487 qui
1517 3434 1653 3487 pone
1690 3424 2104 3474 assectabantur

521 3515 689 3581 magis
720 3513 997 3581 magisque
1045 3512 1368 3580 desperabat
1421 3510 1660 3582 ellugere
1715 3527 1871 3579 posse
1912 3528 2104 3568 manus

520 3606 781 3659 hostium.
830 3606 998 3659 Erant
1044 3616 1226 3658 autem
1260 3606 1310 3659 hi
1359 3605 1449 3672 qui
1479 3621 1672 3675 penum
1721 3617 1773 3658 et
1815 3609 2100 3677 pecuniam

518 3699 926 3767 imperatoriam
980 3701 1295 3768 portabant,
1343 3710 1398 3755 et
1429 3702 1604 3754 sultan
1663 3701 1924 3755 Azatinns
1980 3716 2102 3754 cum

519 3795 652 3847 suis.
691 3793 856 3848 Porro
879 3794 1174 3862 imperator
1206 3795 1293 3849 ubi
1343 3805 1578 3848 montem
1644 3796 1832 3858 subiit,
1895 3796 2103 3850 celeres

521 3887 574 3940 in
608 3888 821 3942 diversa
882 3889 1126 3953 mittens,
1174 3887 1302 3942 hinc
1335 3890 1549 3955 quidem
1600 3891 1954 3944 adventantes
1979 3904 2102 3958 spe-

516 3979 826 4041 culabatur,
869 3979 1172 4032 attentione
1207 3994 1416 4032 sunnua
1449 3991 1704 4049 satagens
1754 3980 1925 4034 latere
1960 3981 2104 4051 ipsos

521 4083 575 4126 et
609 4070 845 4142 cﬂ'ugere
877 4088 892 4137 ;
927 4074 979 4125 in
1005 4073 1165 4126 aliam
1223 4087 1352 4125 vero
1408 4082 1614 4140 partem
1652 4075 1848 4128 missos
1907 4089 2104 4128 Curare

524 4167 991 4236 diligenterjussit
1021 4176 1079 4220 ut
1100 4167 1338 4220 triremis
1371 4182 1530 4235 quam
1560 4167 1792 4237 primum
1849 4182 2105 4222 occurre-

523 4271 626 4323 ret,
690 4260 858 4314 tnouti
880 4274 984 4324 qua
1015 4273 1164 4312 mare
1191 4261 1358 4329 tangit
1381 4259 1661 4313 confestim
1689 4251 1748 4314 se
1771 4261 2100 4326 admovens;

518 4356 780 4407 ethostes
840 4353 1054 4421 quidem
1116 4367 1238 4405 mox
1284 4363 1610 4420 appatcntcs
1661 4352 1835 4405 I0t-um
1881 4370 1944 4408 ex
1988 4355 2105 4410 loco

528 4457 742 4499 nutans
789 4445 1013 4498 solerter
1044 4445 1224 4508 elusit,
1278 4460 1554 4513 nunquam
1597 4444 1661 4498 iis
1692 4445 1792 4514 etsi
1837 4450 2104 4500 acerrime

2209 3245 2316 3292 tem
2341 3252 2535 3292 exorsa
2570 3251 2732 3294 urere
2769 3237 3134 3293 ineluctabilis
3163 3236 3216 3291 vi
3266 3235 3414 3300 mali,
3474 3237 3765 3296 sentientes,

2203 3333 2505 3387 testuabant
2538 3331 2683 3386 anxii
2727 3343 2781 3388 et
2814 3342 3020 3387 tantum
3072 3346 3180 3386 non
3231 3329 3634 3399 despondebant
3665 3327 3765 3380 ani-

2205 3438 2324 3480 mos
2358 3425 2775 3496 haudquaquam
2811 3441 2932 3481 sese
2963 3439 3124 3496 pares
3154 3421 3484 3494 repellendis
3506 3420 3766 3477 assultibus

2205 3519 2469 3580 hostium.
2498 3520 2566 3582 si,
2618 3521 2762 3590 quod
2806 3537 2930 3574 mox
2999 3521 3242 3573 futurum
3295 3517 3614 3587 apparebat,
3663 3515 3766 3568 totis

2204 3613 2411 3669 viribus
2461 3615 2755 3677 irruerent,
2782 3615 2982 3683 quippe
3009 3613 3100 3682 qui
3129 3628 3190 3668 se
3230 3621 3380 3666 tanto
3399 3613 3537 3680 ipsis
3567 3610 3766 3666 inferio-

2207 3719 2292 3758 res
2319 3716 2548 3758 numero
2571 3702 2840 3766 viderent,
2867 3705 2934 3757 ad
2957 3703 3072 3756 haec
3096 3717 3223 3756 arce
3246 3700 3489 3755 inclusos
3507 3699 3761 3756 seinﬁrma

2204 3807 2258 3849 et
2287 3797 2624 3858 semidiruta,
2670 3795 2828 3864 cujus
2862 3810 2982 3864 quae
3039 3793 3321 3850 restabant
3376 3793 3586 3861 integra
3643 3791 3761 3844 baud

2204 3899 2391 3944 essent
2411 3898 2525 3942 tam
2551 3887 2710 3941 solidi
2726 3887 2903 3955 operis
2928 3895 2986 3939 ut
3017 3893 3231 3952 possent
3259 3884 3627 3938 machinarum
3655 3897 3759 3936 mox

2210 3981 2453 4050 undique
2476 3980 2938 4034 admovendarum
2969 3978 3242 4032 sustinere
3271 3978 3553 4046 impetum.
3583 3976 3758 4031 Tamen

2210 4071 2262 4126 in
2300 4073 2466 4127 tantis
2498 4071 2656 4126 malis
2688 4085 2957 4126 memores
2999 4064 3218 4124 virtutis
3269 4071 3474 4124 nullam
3501 4068 3758 4140 diligentiae

2210 4167 2674 4237 providentiamque
2739 4176 2944 4235 partem
2992 4166 3334 4230 omittebant,
3390 4167 3538 4220 oumi
3579 4163 3758 4220 ratione

2206 4269 2679 4329 satageutesetse
2716 4261 2866 4330 ipsos
2925 4270 2979 4314 et
3005 4261 3107 4314 sibi
3163 4262 3515 4315 commissam
3567 4269 3757 4313 servare

2207 4369 2410 4407 arcem.
2455 4351 2758 4407 Peculiaris
2789 4352 2932 4408 inter
2965 4353 3078 4406 haec
3116 4353 3424 4408 sollicitudo
3463 4357 3755 4405 eratcusto-

2207 4445 2333 4496 dum
2363 4425 2730 4511 imperatoriae
2771 4443 3122 4512 supellectilis
3152 4458 3216 4498 ac
3244 4443 3486 4513 pecunia:
3535 4441 3753 4510 publica.

523 4537 908 4604 imlagantibus
935 4546 1279 4604 conspectus.
1311 4533 1614 4588 Triremem
1654 4546 1831 4588 autem
1863 4550 1982 4589 cum
2016 4549 2107 4590 co-
2138 4539 2181 4593 ι)
2208 4550 2317 4604 quo
2344 4535 2550 4590 ferrent
2575 4545 2630 4590 et
2650 4535 2738 4590 ubi
2763 4537 2970 4592 salvum
3002 4536 3054 4589 in
3084 4545 3199 4590 tuto
3223 4535 3755 4606 deponereuttantum

523 4632 802 4698 gnovissel
855 4628 1171 4682 instructam
1227 4637 1425 4696 praesto
1470 4642 1590 4680 esse
1644 4629 1710 4678 ad
1764 4628 2103 4697 designatum

522 4720 703 4786 littus,
738 4736 946 4774 cot-um
995 4720 1204 4790 exiguis
1269 4719 1564 4773 comitatus
1621 4719 1816 4788 dilapsi
1865 4721 2107 4790 reliquiis

521 4813 858 4868 descendens
901 4828 933 4866 e
964 4825 1145 4866 monte
1174 4812 1502 4867 conscendit
1545 4810 1598 4865 in
1635 4824 1875 4880 paratam
1901 4815 2104 4880 navim,

520 4915 576 4959 et
609 4906 684 4958 sic
709 4904 1238 4974 Constantinopolim
1291 4904 1479 4958 salvus
1520 4905 1709 4958 tenuit.
1767 4903 1872 4959 Alii
1905 4906 2104 4974 passim

523 5000 758 5067 tliSpersi
813 5015 905 5065 per
939 4998 1230 5051 Thraciam
1286 4999 1477 5067 partim
1530 5000 1670 5068 capti
1708 5009 1856 5061 sunt,
1912 4999 2105 5067 partim

517 5102 722 5164 praeter
756 5092 1066 5162 Opinionem
1093 5090 1394 5146 incolumes
1430 5101 1743 5144 evaserunt.
1797 5091 1867 5144 Λι
1903 5091 1975 5143 illi
2004 5090 2106 5144 d0-

521 5189 874 5241 ntesticorntn
897 5186 1095 5255 quibus
1129 5191 1246 5236 erat
1301 5183 1663 5251 imperatoria:
1716 5181 2107 5251 suppellectilis

525 5291 580 5332 et
609 5279 848 5348 pecunia:
882 5276 1192 5332 delerenda:
1222 5291 1350 5329 cura
1395 5280 1711 5341 commissa,
1759 5276 2104 5344 quibuscum,

522 5383 580 5424 ut
608 5381 691 5427 est
723 5373 948 5434 dictum,
1003 5369 1184 5424 sultan
1217 5369 1346 5433 ibat,
1391 5382 1534 5437 a~gre
1576 5370 1826 5422 manibus
1871 5367 2104 5422 hostium

520 5465 694 5534 elapsi
734 5462 1059 5517 (Eniarcem
1093 5463 1388 5516 subeuntes
1421 5459 1693 5528 paululum
1716 5475 1743 5512 a
1767 5459 2106 5528 gravissimis

521 5557 788 5610 aerumnis
825 5555 1181 5626 respirarunt.
1217 5551 1321 5607 Sed
1365 5569 1471 5607 non
1516 5555 1672 5622 longa
1730 5553 1835 5606 illis
1881 5553 2109 5623 contigit

525 5649 775 5702 remissio
808 5647 1077 5701 laborum.
1136 5646 1272 5701 Nam
1309 5646 1489 5699 hostes
1531 5647 1745 5713 cognito
1779 5647 1844 5698 de
1895 5646 2110 5700 sultane

522 5741 620 5796 ubi
652 5751 817 5806 esset,
856 5750 911 5795 et
956 5754 1079 5793 eum
1113 5754 1233 5792 cum
1285 5737 1405 5790 aliis
1447 5737 1498 5792 in
1535 5736 1660 5791 IEni
1718 5752 1844 5792 arce
1884 5731 2106 5806 tersari,

522 5835 714 5888 statim
738 5830 1049 5902 congregati
1075 5844 1194 5886 cum
1229 5827 1593 5884 Constantino
1633 5829 1869 5885 unitrrsi
1921 5832 2107 5886 urbem

2210 4644 2462 4684 acervum
2495 4645 2678 4685 rerum
2702 4630 3238 4698 pretiosissimarutn,
3258 4640 3517 4705 quantum
3548 4629 3598 4682 in
3630 4624 3755 4681 cistis

2207 4721 2486 4776 conditum
2523 4735 2809 4776 numerum
2842 4721 3089 4777 ferebant
3139 4722 3333 4791 partim
3387 4736 3562 4775 aurea:
3588 4734 3754 4788 argen-

2211 4822 2418 4882 teaaque
2441 4823 2691 4879 monetae,
2724 4816 2922 4883 partim
2953 4829 3204 4870 vasorum
3234 4828 3297 4868 ac
3317 4816 3546 4868 vestium
3574 4809 3752 4874 conspi-

2209 4920 2326 4959 cua:
2359 4907 2498 4962 artis
2533 4922 2596 4962 ac
2624 4909 2802 4977 pretii.
2865 4908 3105 4964 Tandem
3161 4910 3238 4963 rei
3280 4918 3551 4964 momento
3598 4915 3647 4960 et
3686 4902 3751 4955 sui

2211 4997 2457 5066 ipsorum
2500 4999 2658 5055 cilicii
2693 5001 2877 5056 debito
2909 5015 3196 5072 perpenso,
3235 5017 3458 5056 suarum
3503 5015 3619 5055 esse
3648 5010 3752 5065 par-

2211 5091 2341 5143 tium
2370 5101 2683 5147 statuerunt
2710 5094 2874 5148 vitam
2895 5095 3078 5168 potius
3099 5092 3425 5163 profundere
3453 5107 3607 5163 quam
3630 5095 3751 5142 tanto

2209 5184 2468 5238 thesauro
2527 5185 2580 5239 in
2618 5201 2812 5242 manus
2841 5187 3076 5242 hostium
3139 5188 3401 5242 tradendo
3453 5177 3767 5253 irrepsrabili.

2209 5275 2404 5330 damno
2442 5278 2829 5345 rempublicam
2886 5280 3143 5351 afﬂigere.
3205 5279 3352 5333 Certi
3407 5295 3533 5348 ergo
3583 5279 3747 5329 conatu

2207 5367 2354 5420 omni
2405 5377 2568 5438 atque
2629 5372 2894 5426 industria
2947 5366 3281 5428 etintendere
3337 5373 3390 5427 in
3435 5363 3748 5428 custodiendo

2210 5457 2346 5509 tanti
2377 5459 2539 5526 pretii
2587 5459 2856 5531 deposito,
2900 5463 3134 5531 primum
3175 5464 3592 5533 pretiosissimas
3626 5468 3747 5527 8⁸⁸³³·

2211 5564 2328 5603 mas
2349 5559 2404 5603 et
2437 5554 2759 5622 margaritas
2790 5554 2923 5610 velis
2945 5555 3143 5624 quibus
3173 5565 3333 5610 erant
3364 5555 3573 5610 intexta:
3597 5549 3743 5603 detra-

2212 5640 2424 5708 hentes,
2462 5659 2568 5698 una
2615 5660 2736 5700 cum
2790 5648 3131 5702 ornamentis
3197 5646 3556 5714 imperatoriis
3600 5649 3648 5692 et
3693 5646 3745 5686 θο

2212 5735 2362 5803 quod
2399 5736 2448 5788 in
2483 5744 2592 5790 tota
2626 5753 2766 5808 penu
2791 5750 2911 5795 erat
2939 5741 3312 5809 exquisitiotis
3361 5738 3536 5812 pretii,
3560 5736 3743 5788 abstru-

2213 5829 2448 5888 sissimis
2484 5831 2812 5894 infodientes
2835 5839 2938 5894 sub
2978 5849 3122 5894 terra
3173 5838 3606 5894 commendarunt
3633 5828 3743 5883 late.
