3926 6514
197 353 282 417 tif-1

1095 355 1190 414 DE
1232 351 1618 414 M'iCUAELE
1661 348 2120 410 ΡΛι.-ΕΟ[ΟΟΟ
2157 350 2301 408 LlB.
2345 349 2461 408 ΙΙΙ.

3319 347 3422 410 62

195 472 347 538 ροῖτο,
375 467 626 535 πρόνοιαν
646 465 890 536 φυλακῆς
923 467 1160 524 ἐποίουν.
1193 468 1302 520 Καὶ
1334 467 1396 536 δὴ
1430 466 1609 527 λίθους
1649 464 1747 532 μὲν
1776 461 1822 518 Δ
1850 459 1941 510 καὶ
1976 459 2239 527 χρήμασι,
2274 460 2364 512 καὶ
2394 457 2705 512 τούντεῦθεν
2750 457 3210 528 καθυπισχνοῦντο
3273 461 3422 524 σξρ⁷ςι

194 559 413 620 ἐκείνους
444 559 536 610 καὶ
569 558 889 628 μαργάρους
933 559 1040 612 τῶν
1087 559 1306 612 πέπλων
1348 558 1610 612 ἀπέσπων
1654 554 1747 608 καὶ

190 653 241 703 ἐν
267 652 458 718 ἀφανεῖ
489 651 860 720 κατέκρυπτον
883 651 993 719 ἅμα
1038 654 1132 705 καὶ
1159 654 1271 715 τοῖς
1303 650 1591 720 βασιλείοις
1653 667 1747 717 φο-

193 743 400 812 ρέμασι,
436 740 521 813 [Ρ.
553 740 676 813 157]
709 743 803 795 καλ⁵
833 744 944 796 πᾶν
977 742 1030 795 εἴ
1054 761 1104 795 τι
1146 743 1398 813 λαμπρδν
1435 744 1528 795 καὶ
1565 745 1748 812 τίμιον

190 831 585 900 π³Ρα6’“³⁰ὖ“θτες
616 835 860 902 ἐτήρουνν
886 835 1040 887 αὑτοὶ
1073 835 1128 888 δὲ
1161 835 1297 904 πρὸς
1351 835 1427 899 τῷ
1488 834 1746 902 πολεμεῖν

189 918 316 992 ἦσαν
367 923 466 974 σὺν
527 925 638 985 τοῖς
687 924 920 990 λοιποῖς,
955 927 1046 978 καὶ
1095 925 1179 993 ἐφ’
1206 925 1328 978 ὅσον
1360 924 1541 993 ἴσχυον
1577 939 1745 992 παρε-

191 1015 522 1077 σκευάζοντο,
559 1008 766 1068 ἔνδόθεν
795 1016 1078 1084 βάλλοντες
1113 1017 1286 1082 τόξοις
1331 1033 1388 1068 τε
1433 1018 1525 1068 καὶ
1586 1033 1749 1083 σιρεν-

186 1105 368 1166 δόναις.
402 1105 542 1157 Ἀλλ’
565 1107 659 1160 οὐκ
685 1107 877 1174 ἤνυτον
899 1109 959 1161 τὸ
982 1110 1238 1179 παράπαν
1269 1126 1283 1140 ο
1315 1108 1392 1180 τῷ
1425 1107 1532 1177 γὰρ
1555 1107 1749 1176 πλήθει

188 1200 229 1250 οξ
284 1199 464 1266 ἐχθροὶ
526 1200 816 1269 περιῆσαν,
874 1201 968 1252 καὶ
1007 1201 1282 1268 κλίμακας
1333 1201 1750 1270 εὐτρεπίσαντες

187 1289 440 1343 ἐπιθεῖναι
468 1293 584 1352 τοῖς
615 1292 850 1360 τείχεσιν
877 1292 1168 1361 ἐπειρῶντο
1205 1309 1219 1324 ο
1276 1291 1596 1362 παρώτρυνε
1644 1293 1749 1362 γὰρ

189 1381 414 1444 ἐκείνους
449 1381 612 1434 πλέον
634 1383 725 1434 καὶ
748 1383 780 1451 ἡ
804 1383 909 1434 τῶν
942 1382 1243 1452 χρημάτων
1284 1383 1364 1444 είς
1403 1382 1591 1452 χεῖρας
1628 1384 1750 1434 ὅσον

186 1472 324 1525 οὕτω
362 1475 740 1544 γενησομένων
769 1474 922 1538 ἐλπὶς
946 1515 960 1540 ,
998 1475 1091 1527 καὶ
1128 1474 1412 1544 ἐπέὸριθον
1455 1474 1530 1538 ὡς
1584 1473 1752 1543 λαφύ-

189 1565 374 1630 ξσντες.
417 1565 578 1618 una
606 1566 778 1619 ταῦτα
816 1565 914 1636 μὲν
943 1567 1002 1619 τὸ
1037 1567 1168 1620 πολὺ
1203 1567 1426 1636 πλῆθος,
1461 1563 1540 1630 οἷς
1565 1567 1663 1620 οὐκ
1683 1562 1751 1638 ἦν

186 1655 300 1708 ἄλλο
349 1656 379 1724 ἦ
437 1656 500 1708 τὸ
558 1656 854 1725 κερδαίνειν
905 1657 1178 1729 προῦργου
1231 1658 1464 1721 παντός’
1512 1660 1559 1710 οί
1603 1658 1658 1710 δέ
1687 1675 1750 1727 γε

189 1748 516 1818 προεστῶτες
553 1751 646 1801 καὶ
675 1746 753 1811 οἷς
787 1745 853 1820 ἧν
878 1751 909 1818 ἡ
938 1750 1146 1816 σκέψις,
1189 1751 1246 1802 τὸ
1299 1751 1398 1820 μὲν
1450 1749 1752 1820 κερδαίνειν

187 1843 299 1904 τοὺς
326 1842 552 1894 ἐκείνων
573 1843 665 1895 καὶ
694 1843 892 1907 ἔξωθεν
928 1845 991 1897 ἐκ
1022 1843 1120 1914 τῆς
1147 1844 1330 1913 χώρας
1357 1837 1502 1912 εἶχον
1536 1842 1752 1911 ἕτοιμον

187 1932 239 1985 ὃν
275 1932 360 1987 καὶ
405 1933 571 1985 πλέον
607 1932 761 2004 ἧτὴν
792 1935 940 2002 σφῶν
973 1935 1249 2006 ἐμπιπλᾷν
1281 1934 1597 2005 ἐπιθυμίαν,
1652 1935 1753 1988 αὑ-

188 2028 297 2087 τοὺς
322 2025 366 2078 δ’
397 2028 442 2079 εί
469 2028 750 2097 ἀστοχοῖεν
768 2028 878 2081 τῶν
905 2027 962 2093 ἐξ
999 2031 1170 2100 ἀρχῆς
1220 2029 1600 2100 προκειμένων
1661 2028 1754 2099 γέ-

187 2118 317 2172 λωτα
349 2118 560 2190 δφλειν,
592 2121 860 2190 ἐνόμιζον.
900 2120 1064 2174 Ὂοεν
1102 2125 1195 2179 καὶ
1235 2123 1552 2192 πέμψαντες
1617 2124 1754 2192 μετὰ

188 2206 273 2276 τὴν
293 2208 634 2277 παράστασιν
656 2209 762 2261 τῶν
787 2211 972 2264 δεινῶν
1005 2213 1095 2264 καὶ
1134 2212 1194 2264 τὸ
1229 2211 1398 2276 δεῖξαι
1454 2210 1528 2274 ὡς
1578 2211 1754 2264 ἱκανοί

188 2301 280 2352 εἰσι
306 2301 693 2372 περιγενέσθαι
721 2303 814 2356 καὶ
848 2301 1003 2357 πάντ’
1053 2305 1217 2376 ἔχειν,
1263 2306 1346 2373 ἐφ’
1379 2307 1458 2358 ἐνὶ⁸
1496 2304 1573 2375 τῷ
1600 2303 1755 2357 σουλ-

189 2390 275 2443 τὰν
303 2391 360 2444 τὸ
385 2393 491 2445 πᾶν
524 2393 757 2461 ἐτίθουν,
783 2395 873 2448 καὶ
903 2395 1144 2467 ἀπῄτουν
1171 2397 1373 2451 ἐκεῖνον
1404 2394 1521 2465 ἅμα
1550 2393 1664 2466 λαῷ
1697 2410 1755 2448 τε

191 2577 312 2631 bris.
344 2575 446 2647 Ipsi
478 2578 562 2631 sic
593 2577 830 2646 expediti
865 2578 1222 2634 accinxerunt
1281 2594 1339 2634 se
1388 2597 1510 2635 cum
1547 2583 1757 2636 caeteris

195 2669 253 2723 ad
287 2686 440 2740 quant
501 2669 804 2725 fortissime
854 2672 1223 2740 pugnandum,
1270 2673 1570 2742 iaculantes
1597 2675 1755 2729 simul

195 2777 368 2816 omnes
397 2777 426 2815 e
458 2761 634 2815 muris
661 2763 712 2814 in
738 2772 1140 2830 oppugnatores
1201 2763 1431 2818 arcubus
1458 2752 1509 2818 δι
1540 2763 1753 2831 fundis;

195 2866 483 2920 quanquam
523 2850 580 2904 in
629 2849 734 2904 hoc
771 2850 984 2919 quidem
1021 2851 1370 2920 proficiebant
1411 2869 1624 2922 parum,
1663 2859 1758 2911 ob-

199 2951 368 2995 ruente
403 2941 752 2996 multitudine
783 2942 946 3012 237
981 2943 1241 3008 hostium,
1282 2946 1373 3013 qni
1413 2948 1574 3000 etiam
1619 2963 1759 3016 prae.

196 3036 378 3102 paratis
409 3035 572 3089 scalis
598 3034 654 3087 in
681 3050 866 3088 muros
895 3035 1101 3089 insilire
1130 3037 1487 3091 conabantur.
1516 3040 1756 3094 Addebat

1785 1803 1827 1858 Β

1847 551 1946 620 τὴν
1975 552 2178 604 ἄδειαν.
2213 552 2336 613 Τοῖς
2367 551 2410 604 δ’
2440 549 2788 622 ἀκούσασινή
2821 550 2980 621 βουλὴ
3020 550 3259 620 διάνδιχα
3317 547 3385 619 ἦν
3406 567 3419 584 ο

1849 644 1958 703 τοῖς
1988 642 2086 711 μὲν
2125 642 2232 712 γὰρ
2257 643 2427 695 ἐδόκει
2454 642 2673 705 διδόναι,
2707 643 2782 703 ti);
2833 645 3078 712 κρεῖττον
3145 641 3204 694 ὃν
3263 643 3426 695 αὑτὸν

1851 735 2108 798 ἑκουσίως
2145 734 2397 798 ἐκδόντας
2429 733 2596 788 τᾶλλα
2627 737 2929 806 περιποιεῖν
2974 733 3006 804 ἢ
3065 733 3138 804 μὴ
3175 733 3428 796 θέλοντας

1851 827 1987 898 πρὸς
2011 827 2087 896 τῷ
2115 827 2513 881 συναποόαλεῖν
2544 826 2692 897 αὑτῷ
2725 827 2790 879 τὰ
2844 827 3020 879 πάντα
3081 824 3172 878 καὶ
3229 824 3425 886 αὐτοὺς

1852 921 2202 985 κινδυνεύειν,
2232 922 2278 974 οῖ
2315 921 2371 974 δὲ
2403 921 2494 974 τὸν
2545 923 2608 974 ἐκ
2665 921 2758 972 τοῦ
2811 919 3070 989 βασιλέως
3117 917 3428 970 ἀντετίθουν

1853 1013 2037 1082 φόϐον,
2073 1015 2165 1066 καὶ
2203 1013 2276 1076 ὡς
2305 1013 2675 1083 ὑπομονητέον
2703 1011 2885 1079 ἔλεγον
2921 1027 2934 1042 ·
2967 1012 3107 1078 τάχα
3162 1010 3270 1078 γὰρ
3329 1010 3418 1060 κὰ-

1853 1107 2031 1159 κεῖθεν
2065 1105 2498 1176 προσαποστελεῖ
2527 1103 2756 1174 δύναμιν
2802 1105 2960 1174 (μηδέ
2992 1104 3100 1172 γὰρ
3138 1102 3432 1173 ἀμελήσειν

1850 1200 2024 1253 τόσων
2053 1201 2370 1269 χρημάτων)
2405 1200 2498 1254 καὶ
2557 1199 2962 1270 προσϐοηθήσει
3007 1199 3093 1251 διὰ
3157 1198 3432 1266 θαλάσσης

1853 1293 1946 1344 καὶ
1975 1293 2106 1361 ἡμῖν
2139 1294 2404 1361 ἐπαμυνεῖ
2427 1294 2518 1344 τὸν
2546 1292 2807 1345 κίνδυνον.
2833 1291 2896 1343 Εἰ
2923 1290 2967 1344 δ’
2997 1285 3111 1353 οὖν,
3148 1289 3283 1344 ἀλλὰ
3334 1289 3433 1358 τὴν

1852 1384 1946 1438 τοῦ
1983 1384 2210 1439 σουλτὰν
2247 1384 2489 1454 κεφαλὴν
2525 1383 2894 1452 ἀποτεμόντας
2923 1382 3025 1447 ἔξω
3078 1381 3171 1434 τοῦ
3222 1381 3433 1451 τείχους

1852 1480 1962 1541 τοῖς
1991 1475 2200 1546 ἐχθροῖς
2236 1477 2468 1543 ῥιπτεῖν,
2487 1475 2561 1538 ὡς
2586 1475 2619 1545 ἢ
2645 1475 3082 1546 καραδοκήσασιν
3108 1475 3432 1544 ἀποχωρεῖν,

1853 1569 1887 1640 ἢ
1919 1568 2264 1640 όρμηθέντων
2299 1567 2598 1636 ἀμύνεσθαι
2625 1568 2772 1637 ἡμᾶς
2812 1566 3058 1636 ἀντέχειν
3107 1566 3210 1628 ἕως
3266 1566 3434 1619 θανά-

1853 1680 1970 1724 του,
2006 1665 2098 1714 καὶ
2123 1661 2152 1732 ἢ
2178 1659 2311 1714 Θεοῦ
2343 1677 2445 1713 που
2472 1660 2732 1731 συνεργία
2759 1659 3189 1730 περιγενέσθαιῆ
3216 1660 3435 1712 πίπτειν

1857 1759 1996 1829 ὑπὲρ
2027 1759 2124 1826 τῆς
2155 1760 2232 1820 εἰς
2265 1757 2487 1828 βασιλέα
2518 1756 2774 1818 πίστεως.
2812 1754 2997 1808 Ταῦτα
3027 1754 3436 1824 βουλευομένων

1855 1853 2077 1923 ἐκράτει
2113 1851 2210 1921 μὲν
2236 1852 2268 1922 ἡ
2299 1850 2525 1920 δευτέρα
2560 1848 2744 1919 βουλὴ,
2771 1849 3059 1918 καρτερεῖν
3097 1849 3191 1900 καὶ
3239 1845 3317 1899 ἔτι
3348 1848 3436 1899 ἐκ-

1853 1943 2171 2014 δεχομένους
2203 1941 2475 2012 βοήθειαν,
2511 1941 2603 1994 καὶ
2630 1942 2743 2004 τοῖς
2799 1940 2896 2010 μὲν
2924 1939 3029 1998 ἔξω
3059 1940 3295 2009 ἀναρτᾷν
3346 1939 3435 1992 ὲλο

1855 2038 2014 2100 πίδας
2043 2037 2117 2099 ὡς
2147 2033 2552 2097 ἐκδωσείοντας,
2588 2032 2782 2095 αὐτοὺς
2836 2033 2890 2086 δέ
2942 2031 3204 2102 μένοντας
3258 2029 3318 2085 εὖ
3368 2029 3437 2083 τὰ

1857 2128 1998 2182 κατὰ
2063 2127 2202 2196 σφᾶς
2257 2125 2333 2188 ὼς
2385 2119 2497 2177 οἷόν
2531 2141 2590 2176 τε
2620 2123 2887 2186 τίθεσθαι,
2926 2122 3001 2186 ὡς
3049 2121 3435 2191 ἀνθεξομένους

1856 2219 1942 2290 ἐφ’
1975 2221 2096 2273 ὅσον
2131 2219 2380 2290 παρείκει
2411 2216 2502 2269 καὶ
2533 2215 2608 2286 μὴ
2645 2213 2894 2286 βοηθείας
2937 2213 3217 2282 φανείσης.
3275 2213 3337 2264 Εἰ
3379 2213 3437 2265 δὲ

1855 2310 2217 2363 κινδυνεύοιεν
2264 2305 2504 2360 πλεόνων
2565 2305 2966 2376 ἐπιϐρισάντων
3014 2303 3121 2357 τῶν
3163 2302 3430 2373 χαλεπῶν,

1859 2400 2100 2472 κεφαλὴν
2139 2398 2238 2470 μὲν
2264 2397 2358 2452 τοῦ
2419 2396 2649 2450 σουλτὰν
2677 2398 2805 2469 μήτ’
2850 2395 3136 2449 ἐκκόπτειν
3182 2397 3318 2467 μήτε
3351 2396 3433 2464 ῥι-

1861 2594 1982 2635 ιιοηι
2044 2593 2166 2634 cum
2232 2577 2428 2647 populo
2460 2585 2514 2632 et
2563 2575 2790 2648 pecunia
2830 2574 3108 2638 dederent,
3158 2575 3255 2645 ipsi
3302 2576 3436 2630 salvi

1862 2671 2075 2726 abirent
2101 2685 2207 2740 quo
2240 2671 2456 2734 liberet,
2499 2670 2674 2724 omnis
2720 2670 2787 2723 ab
2817 2684 2873 2722 se
2931 2669 3195 2723 molestia:
3236 2670 3434 2731 securi,

1865 2762 1960 2817 llis
1985 2763 2211 2817 Romani
2246 2762 2442 2816 auditis
2475 2763 2526 2816 in
2552 2763 2682 2816 duas
2713 2777 2770 2816 se
2806 2763 3113 2816 contrarias
3139 2763 3438 2816 sententias

1863 2858 2161 2912 sciderunt.
2203 2854 2540 2921 Quibusdam
2575 2855 2878 2921 .videbatur
2923 2854 3287 2924 prmstabilius
3322 2858 3435 2910 dari

1864 2951 2008 3005 ultro
2033 2959 2242 3004 mature
2263 2948 2404 3018 quod
2461 2964 2585 3002 mox
2624 2947 3054 3017 extorquendum
3120 2949 3167 3001 vi
3203 2958 3338 3014 erat,
3385 2958 3438 3002 «ιι

1863 3042 2130 3098 beneficio
2165 3041 2390 3095 exitium
2421 3042 2690 3096 redimere
2724 3056 2844 3095 cum
2866 3042 2967 3096 sibi
3004 3050 3114 3094 tum
3142 3041 3206 3096 iis
3236 3042 3439 3110 pariter

198 3129 324 3181 enim
352 3128 636 3182 ruentibus
677 3127 856 3181 calcar
887 3129 1021 3183 odor
1079 3129 1445 3184 subemanans
1477 3140 1639 3185 tantm
1702 3135 1756 3187 in
1787 3160 1830 3220 ρ
1865 3137 2200 3206 impendens,
2235 3150 2352 3203 quae
2414 3134 2575 3188 stulta
2655 3150 2817 3204 supra
2863 3135 3006 3188 vires
3068 3135 3437 3189 obstinatione

200 3223 481 3291 propinquo
516 3236 582 3275 ac
622 3235 772 3291 quas:
801 3220 901 3274 sub
935 3235 1151 3273 matmm
1203 3223 1445 3290 pecunia:
1500 3221 1750 3292 jacentis,

202 3312 343 3382 cujus
370 3314 567 3382 Opimm
635 3311 862 3379 olijectae
913 3310 1162 3366 faucibus
1220 3328 1282 3366 ac
1342 3315 1497 3383 quasi
1560 3317 1753 3371 famem

200 3403 360 3456 afllato
390 3419 455 3458 ex
485 3403 668 3456 vicina
715 3403 905 3456 nidore
955 3403 1276 3472 proritantis
1304 3405 1585 3460 confestim
1616 3410 1746 3462 abli.

201 3499 454 3566 gurienda:
513 3496 742 3551 admota
797 3500 989 3568 praedae
1031 3513 1153 3567 spes
1204 3499 1436 3554 immane
1497 3513 1754 3570 quantum

201 3592 548 3659 rapacissimae
583 3591 787 3658 gentis,
840 3598 953 3644 toto
994 3588 1196 3645 dudum
1241 3593 1360 3646 nisu
1399 3595 1756 3649 incumbentis

199 3687 256 3738 ad
287 3685 745 3754 perrumpendum
766 3683 982 3752 quidvis
1029 3686 1274 3762 obstans,
1328 3687 1479 3739 netis
1526 3688 1757 3744 cumulis

199 3779 383 3834 furoris
409 3779 787 3834 inflammabat
811 3779 1062 3846 impetus.
1082 3779 1171 3832 Ea:
1206 3788 1383 3831 tamen
1408 3780 1758 3848 cogitationes

199 3885 335 3928 erant
388 3874 532 3942 vulgi
593 3873 857 3928 duntaxat
912 3873 1136 3926 minoris
1167 3887 1231 3926 ac
1286 3873 1535 3926 militaris
1585 3873 1756 3939 lineis,

203 3967 678 4021 lucrumintuentis
712 3981 898 4029 unum,
941 3979 1006 4019 eo
1033 3975 1224 4019 cuneta
1262 3965 1566 4031 referentis,
1609 3977 1761 4022 extra

202 4058 246 4110 id
283 4059 405 4111 nihil
438 4071 770 4126 magnopere
808 4057 1072 4109 curantis.
1112 4055 1230 4108 Alia
1266 4057 1577 4111 sentiebant
1618 4059 1760 4125 opti-

207 4159 356 4204 mates
392 4165 455 4203 ac
520 4153 712 4213 duces,
766 4161 994 4216 quorum
1057 4147 1285 4202 arbitrio
1339 4148 1759 4206 deliberatimies

206 4243 656 4296 concludebantur
686 4249 740 4295 et
773 4241 1009 4310 regimen
1053 4240 1367 4295 vertebatur
1423 4243 1759 4296 universum.

207 4329 302 4384 llos
323 4338 590 4401 cupiditas
637 4334 850 4388 inhians
883 4342 938 4388 et
989 4333 1163 4387 avarae
1194 4348 1316 4402 spes
1361 4333 1413 4387 in
1444 4333 1602 4404 hujus
1624 4334 1764 4389 arcis

204 4427 591 4493 oppugnatione
619 4441 723 4480 non
768 4427 1046 4490 tenebant,
1085 4425 1240 4480 facile
1275 4425 1463 4494 utique
1519 4427 1764 4482 videntes

1864 3230 2004 3285 tueri
2037 3228 2446 3282 contenderent.
2505 3228 2588 3282 Ab
2625 3228 2710 3282 bis
2745 3228 2834 3281 alii
2868 3226 3283 3290 dissentiebant,
3311 3243 3441 3282 cono

1862 3332 1940 3377 tra
1980 3321 2310 3374 disserentes
2345 3318 2445 3372 ista
2479 3334 2599 3386 qua:
2637 3318 2704 3372 ab
2740 3319 2988 3372 hostibus
3025 3317 3192 3372 exitia
3226 3329 3438 3372 metue-

1861 3429 1900 3467 rt
1922 3424 2067 3476 ntnr,
2091 3411 2292 3480 justins
2321 3412 2388 3465 ab
2437 3413 2770 3482 imperatore
2803 3412 3180 3475 formidanda;
3215 3413 3303 3480 qui
3335 3414 3442 3466 uti-

1860 3519 1964 3571 que
1999 3505 2164 3571 ipsos,
2192 3503 2234 3556 si
2259 3503 2495 3572 juratam
2540 3502 2698 3557 fidem
2744 3512 2950 3557 terrore
2983 3503 3300 3570 abjecerint,
3328 3518 3441 3557 me-

1863 3597 1979 3648 ritis
2010 3595 2184 3664 legum
2224 3595 2504 3665 suppliciis
2557 3604 2892 3648 mactaturus
2929 3594 3095 3664 238
3132 3595 3225 3648 sit.
3262 3592 3441 3659 Quare

1862 3689 2076 3742 aiebant
2103 3689 2494 3742 obfirmandum
2528 3691 2768 3742 animum
2800 3689 2850 3742 in
2883 3688 3170 3742 resistendi
3195 3697 3447 3742 constan-

1865 3783 1956 3847 tia,
2000 3791 2053 3834 et
2096 3780 2368 3850 patienter
2407 3780 2804 3850 exspectandas
2856 3781 3037 3850 Capias
3095 3781 3442 3848 imperatoris

1865 3874 1997 3944 ipsis
2026 3876 2142 3931 sine
2170 3876 2331 3930 dubio
2365 3890 2469 3929 non
2491 3875 2565 3929 ita
2591 3874 2759 3928 multo
2787 3884 2907 3944 post
2931 3874 3128 3927 auxilio
3153 3885 3442 3928 venturas:

1865 3984 1968 4022 non
2006 3968 2150 4021 enim
2184 3966 2554 4035 neglecturum
2605 3967 2926 4035 prudentem
2967 3965 3263 4035 principem
3325 3975 3441 4018 tan—

1865 4067 1974 4113 tam
2003 4073 2157 4112 snam
2193 4057 2476 4126 pecuniam
2506 4072 2747 4121 servare,
2807 4057 2974 4110 missa
3003 4067 3224 4110 strenue
3271 4055 3444 4110 classe

1864 4163 1983 4217 qua:
2003 4157 2220 4216 patente
2251 4147 2387 4201 mari
2417 4148 2615 4201 auxilia
2666 4157 2906 4218 portaret
2932 4147 3196 4201 obsidioni
3231 4149 3444 4202 solven-

1865 4241 1945 4294 dae
1988 4236 2280 4294 suﬂectura
2317 4237 2413 4292 :id
2444 4237 2528 4291 vel
2566 4238 2611 4293 si
2641 4237 2874 4300 deferet,
2921 4251 3151 4292 censere
3193 4252 3312 4292 sese
3344 4237 3444 4291 ab.

1865 4333 2094 4386 scissum
2147 4328 2377 4384 sultanis
2425 4338 2589 4400 caput
2637 4332 2704 4384 ad
2743 4331 2926 4384 hostes
2958 4345 2988 4384 e
3019 4345 3174 4384 muro
3208 4344 3443 4400 superne

1863 4423 2172 4492 jactandnm
2218 4439 2232 4476 :
2275 4431 2366 4475 aut
2401 4423 2546 4476 enim
2592 4438 2728 4491 quos
2760 4423 2832 4476 ibi
2867 4423 3191 4477 detinuisset
3214 4434 3443 4476 eatenus

205 4513 391 4569 affatim
459 4529 618 4572 extra
673 4528 922 4588 prostare
975 4532 1072 4587 per
1118 4518 1394 4588 regionem
1454 4517 1762 4570 universam
1796 4515 2059 4584 Dcupida
2111 4513 2446 4583 exspectatio
2494 4513 2793 4583 recipiendi
2847 4515 3103 4580 sultanis,
3161 4515 3444 4584 desperato

204 4609 485 4674 spoliorum
527 4626 594 4664 ac
622 4610 836 4680 pitedae,
863 4625 984 4680 quin
1045 4620 1196 4676 raptu
1227 4618 1597 4678 congestoque
1629 4608 1759 4661 faci-

205 4697 296 4750 lior
324 4702 387 4752 ad
439 4702 865 4757 cxsaturandam
897 4701 1240 4770 quantumvis
1271 4700 1581 4753 aviditatem
1627 4700 1761 4755 satis

205 4799 355 4844 esset.
409 4789 513 4844 Sed
553 4810 618 4848 eo
678 4795 1032 4847 movebantur
1073 4794 1212 4860 quod
1268 4793 1623 4860 providebant
1679 4809 1759 4856 se,

208 4883 298 4934 nisi
330 4883 602 4936 destinata
632 4886 974 4951 perficerent.
1012 4885 1176 4936 risum
1217 4884 1492 4937 debituros
1518 4885 1762 4954 impunc-

209 4990 301 5046 que
324 4973 438 5029 fore
473 4974 734 5030 ludibrio.
783 4978 961 5042 Quare
998 4975 1062 5028 ad
1089 4978 1247 5029 linem
1277 4980 1608 5046 propositum
1645 4994 1762 5030 rec-

210 5076 306 5120 tam
356 5070 492 5122 hanc
554 5083 676 5123 esse
727 5070 866 5122 viam
925 5069 1052 5131 rati,
1118 5070 1358 5132 territos,
1415 5081 1466 5121 ut
1526 5086 1623 5138 par
1651 5079 1766 5123 erat

211 5160 440 5225 credere,
465 5171 728 5232 apparatu
757 5172 918 5231 atque
954 5161 1238 5216 insnltibus
1269 5162 1457 5231 primis
1493 5163 1765 5216 [tertianos

205 5253 450 5307 custodes
478 5254 622 5306 areis
653 5269 748 5322 per
767 5267 944 5308 certos
968 5255 1212 5307 homines
1255 5263 1550 5319 tentarunt,
1582 5256 1768 5310 admo-

209 5364 383 5405 nentes
401 5348 549 5406 haud
586 5363 704 5400 esse
738 5350 882 5418 ipsos
921 5348 1244 5410 resistendo,
1286 5359 1337 5402 et
1367 5349 1497 5403 satis
1527 5365 1622 5418 pro
1668 5367 1762 5404 sua

213 5444 473 5508 prudentia
509 5441 696 5497 videre
753 5457 908 5510 posse
953 5441 1371 5495 Constantinum
1407 5450 1461 5495 et
1491 5441 1766 5495 Tocharos

213 5531 357 5586 facile
381 5537 636 5600 perficere
664 5533 809 5604 quod
837 5545 990 5585 erant
1015 5532 1274 5603 aggressi,
1306 5542 1356 5586 et
1391 5547 1571 5586 arcem
1602 5549 1768 5587 unam

219 5624 360 5678 istam
400 5643 426 5678 a
461 5625 622 5680 fundo
677 5631 919 5680 diruere.
957 5627 1327 5678 Consulert-nt
1361 5625 1523 5694 igitur
1575 5627 1675 5679 sibi
1716 5636 1769 5679 et

221 5715 411 5769 cladem
478 5717 718 5770 ultimam
767 5724 981 5771 matura
1059 5734 1157 5771 ιιι-ο
1217 5719 1470 5770 indecora
1517 5722 1768 5788 pactione.

224 5819 604 5878 praeverterent.
638 5807 744 5862 llas
777 5809 922 5878 leges
949 5813 1353 5879 compositionis
1412 5812 1522 5865 fore
1554 5828 1566 5864 :
1595 5812 1772 5867 Sulla—

575 5907 843 5966 PATROL.
888 5904 1004 5964 Gn.
1047 5905 1291 5965 CXLIII

1867 4607 1975 4676 jam
2005 4607 2122 4675 ejus
2155 4607 2260 4661 voti
2288 4605 2480 4661 effectu
2507 4606 2771 4662 recessuri
2807 4606 3090 4663 confestim
3127 4616 3303 4670 erant,
3351 4621 3447 4662 aut.

1877 4700 2006 4768 ipsis
2030 4701 2256 4754 irritatis
2278 4701 2436 4754 amici
2475 4700 2619 4755 caede
2646 4710 2698 4755 et
2724 4701 2920 4755 saevius
2980 4702 3032 4755 in
3068 4717 3164 4756 nos
3197 4703 3262 4756 ad
3288 4703 3446 4756 ultio-

1876 4811 1998 4848 nem
2031 4795 2381 4861 expetendam
2415 4794 2718 4857 ruentibus,
2775 4795 3067 4861 optabilem
3103 4794 3253 4847 nobis
3284 4810 3446 4847 orea-

1878 4889 2080 4942 sionem
2107 4889 2286 4938 datum
2324 4885 2388 4937 iri
2419 4890 2502 4939 vt-l
2529 4883 2645 4938 fidei
2672 4899 2794 4954 erga
2827 4885 3203 4952 imperatorem
3253 4895 3450 4936 nostra:

1877 4983 2021 5034 obita
2081 4995 2175 5048 pro
2227 4993 2291 5032 eo
2346 4983 2632 5048 pugnando
2685 4990 2857 5034 morte
2939 4979 3303 5047 Obsignalltla‘,
3367 4983 3448 5029 rel

1879 5073 2148 5141 gloriosae,
2179 5071 2222 5123 si
2255 5071 2393 5123 Deus
2423 5071 2708 5140 adjuverit,
2735 5072 2996 5124 victoriae.
3047 5071 3197 5122 Talia
3233 5071 3318 5122 ubi
3369 5071 3450 5122 al-

1880 5173 2151 5218 tercartes
2218 5163 2468 5231 utrinque
2544 5163 2851 5230 aliquandiu
2905 5162 3199 5230 jactarunt,
3275 5163 3447 5215 media

1884 5258 2093 5310 tandem
2133 5259 2397 5311 sententia
2435 5256 2732 5325 praevaluit,
2766 5257 3061 5310 decernens
3093 5271 3449 5325 perseveran-

1882 5356 2004 5405 dum
2033 5351 2207 5405 adhuc
2247 5360 2300 5404 el
2331 5350 2753 5418 ex5pecmndnm
2789 5350 3044 5403 auxilium
3079 5350 3444 5420 imperatoris.

1885 5463 1980 5498 hec
2015 5454 2186 5498 tamen
2216 5444 2370 5511 plane
2388 5443 2776 5512 prmcidendam
2801 5443 2935 5495 hosti
2956 5442 3243 5497 deditionis
3271 5459 3444 5512 spem,

1880 5539 2007 5605 quin
2039 5552 2156 5589 eam
2191 5538 2369 5604 potius
2401 5535 2644 5588 alendam
2683 5532 2946 5587 industria
3003 5544 3055 5586 et
3083 5535 3450 5601 simulatione,

1881 5645 1986 5697 quo
2023 5629 2123 5696 ipsi
2154 5626 2555 5694 suspendantur
2607 5624 2822 5687 animis,
2873 5634 2922 5677 et
2957 5624 3214 5678 extremis
3247 5638 3451 5694 lt‘lltpe'

1883 5731 2067 5775 l‘.tltl.€$
2102 5719 2382 5773 conatibus
2411 5734 2464 5771 re
2497 5719 2545 5770 in
2583 5718 2796 5784 longum
2834 5727 3000 5770 tracta
3032 5716 3198 5770 otium
3241 5719 3454 5771 auxiliis

1878 5824 2187 5884 nostrorum
2215 5811 2314 5865 huc
2341 5826 2398 5866 se
2429 5809 2745 5864 admovendi
2775 5811 3042 5880 prmbeant
3080 5827 3093 5860 :
3122 5812 3280 5861 rebus
3313 5809 3456 5862 inte:

3062 5898 3137 5937 θ’)
