  <div class='ocr_page' id='page_1' title='image "/cluster/home/n/w/nwhite01/storage/ocr_20150623/143/hvd.32044019208321/372.png"; bbox 0 0 3926 6542; ppageno 0'>
   <div class='ocr_carea' id='block_1_1' title="bbox 266 414 371 476">
    <p class='ocr_par' dir='ltr' id='par_1_1' title="bbox 266 414 371 476">
     <span class='ocr_line' id='line_1_1' title="bbox 266 414 371 476; baseline 0 -1"><span class='ocrx_word' id='word_1_1' title='bbox 266 414 371 476; x_wconf 75' lang='grc'><strong>689</strong></span> 
     </span>
    </p>
   </div>
   <div class='ocr_carea' id='block_1_2' title="bbox 1184 406 2554 470">
    <p class='ocr_par' dir='ltr' id='par_1_2' title="bbox 1184 406 2554 470">
     <span class='ocr_line' id='line_1_2' title="bbox 1184 406 2554 470; baseline -0.001 0"><span class='ocrx_word' id='word_1_2' title='bbox 1184 411 1280 470; x_wconf 75' lang='grc' dir='ltr'><strong>ΠΕ</strong></span> <span class='ocrx_word' id='word_1_3' title='bbox 1323 411 1714 470; x_wconf 80' lang='lat' dir='ltr'><strong>MICHAELE</strong></span> <span class='ocrx_word' id='word_1_4' title='bbox 1757 407 2214 468; x_wconf 65' lang='lat' dir='ltr'><strong>PALEOLOGO</strong></span> <span class='ocrx_word' id='word_1_5' title='bbox 2249 407 2396 470; x_wconf 82' lang='lat' dir='ltr'><strong>LIB.</strong></span> <span class='ocrx_word' id='word_1_6' title='bbox 2439 406 2554 468; x_wconf 85' lang='lat' dir='ltr'><strong>Ill.</strong></span> 
     </span>
    </p>
   </div>
   <div class='ocr_carea' id='block_1_3' title="bbox 3399 393 3505 459">
    <p class='ocr_par' dir='ltr' id='par_1_3' title="bbox 3399 393 3505 459">
     <span class='ocr_line' id='line_1_3' title="bbox 3399 393 3505 459; baseline -0.028 0"><span class='ocrx_word' id='word_1_7' title='bbox 3399 393 3505 459; x_wconf 76' lang='lat'><strong>690</strong></span> 
     </span>
    </p>
   </div>
   <div class='ocr_carea' id='block_1_4' title="bbox 259 500 3510 594">
    <p class='ocr_par' dir='ltr' id='par_1_4' title="bbox 259 500 3510 594">
     <span class='ocr_line' id='line_1_4' title="bbox 259 500 3510 594; baseline -0.007 -16"><span class='ocrx_word' id='word_1_8' title='bbox 259 531 367 594; x_wconf 82' lang='grc' dir='ltr'>κη’.</span> <span class='ocrx_word' id='word_1_9' title='bbox 402 519 536 592; x_wconf 79' lang='grc' dir='ltr'>Περὶ</span> <span class='ocrx_word' id='word_1_10' title='bbox 561 521 665 594; x_wconf 80' lang='grc' dir='ltr'>τοῦ</span> <span class='ocrx_word' id='word_1_11' title='bbox 691 521 1089 594; x_wconf 62' lang='grc' dir='ltr'>φημισρέντος</span> <span class='ocrx_word' id='word_1_12' title='bbox 1117 522 1389 594; x_wconf 5' lang='grc' dir='ltr'>,ψεύδους</span> <span class='ocrx_word' id='word_1_13' title='bbox 1419 520 1516 575; x_wconf 82' lang='grc' dir='ltr'><strong>διὰ</strong></span> <span class='ocrx_word' id='word_1_14' title='bbox 1555 519 1828 589; x_wconf 72' lang='grc' dir='ltr'>Τοχάρων</span> <span class='ocrx_word' id='word_1_15' title='bbox 1854 523 1903 578; x_wconf 67' lang='grc' dir='ltr'><strong>Α</strong></span> <span class='ocrx_word' id='word_1_16' title='bbox 1933 533 2051 579; x_wconf 86' lang='grc' dir='ltr'>σαν,</span> <span class='ocrx_word' id='word_1_17' title='bbox 2077 517 2334 588; x_wconf 79' lang='grc' dir='ltr'>Τοχάρων</span> <span class='ocrx_word' id='word_1_18' title='bbox 2374 516 2522 577; x_wconf 80' lang='grc' dir='ltr'>ἔθνος</span> <span class='ocrx_word' id='word_1_19' title='bbox 2547 511 2622 583; x_wconf 82' lang='grc' dir='ltr'><strong>τῷ</strong></span> <span class='ocrx_word' id='word_1_20' title='bbox 2661 511 2854 582; x_wconf 83' lang='grc' dir='ltr'>πλήθει</span> <span class='ocrx_word' id='word_1_21' title='bbox 2909 507 3206 579; x_wconf 79' lang='grc' dir='ltr'>θαρσῆσαν,</span> <span class='ocrx_word' id='word_1_22' title='bbox 3237 504 3364 568; x_wconf 75' lang='grc' dir='ltr'>τοὺς</span> <span class='ocrx_word' id='word_1_23' title='bbox 3400 500 3510 556; x_wconf 83' lang='grc' dir='ltr'><strong>τῶν</strong></span> 
     </span>
    </p>
   </div>
   <div class='ocr_carea' id='block_1_5' title="bbox 632 591 1445 661">
    <p class='ocr_par' dir='ltr' id='par_1_5' title="bbox 632 591 1445 661">
     <span class='ocr_line' id='line_1_5' title="bbox 632 591 1445 661; baseline 0.002 -15"><span class='ocrx_word' id='word_1_24' title='bbox 632 591 968 661; x_wconf 73' lang='grc' dir='ltr'>ἐπιδρομὴν</span> <span class='ocrx_word' id='word_1_25' title='bbox 989 593 1138 646; x_wconf 81' lang='grc' dir='ltr'>κατὰ</span> <span class='ocrx_word' id='word_1_26' title='bbox 1171 595 1445 648; x_wconf 77' lang='grc' dir='ltr'>Νίκαιαν.</span> 
     </span>
    </p>
   </div>
   <div class='ocr_carea' id='block_1_6' title="bbox 321 706 1826 778">
    <p class='ocr_par' dir='ltr' id='par_1_6' title="bbox 321 706 1826 778">
     <span class='ocr_line' id='line_1_6' title="bbox 321 706 1826 778; baseline -0.003 -16"><span class='ocrx_word' id='word_1_27' title='bbox 321 707 431 763; x_wconf 82' lang='grc' dir='ltr'><strong>Τοῦ</strong></span> <span class='ocrx_word' id='word_1_28' title='bbox 487 707 532 761; x_wconf 87' lang='grc' dir='ltr'>δ’</span> <span class='ocrx_word' id='word_1_29' title='bbox 565 707 729 760; x_wconf 77' lang='grc' dir='ltr'>αὑτοῦ</span> <span class='ocrx_word' id='word_1_30' title='bbox 758 706 954 770; x_wconf 77' lang='grc' dir='ltr'>.έτους,</span> <span class='ocrx_word' id='word_1_31' title='bbox 993 708 1158 778; x_wconf 77' lang='grc' dir='ltr'>μηνὸς</span> <span class='ocrx_word' id='word_1_32' title='bbox 1205 709 1461 775; x_wconf 81' lang='grc' dir='ltr'>Κρονίου,</span> <span class='ocrx_word' id='word_1_33' title='bbox 1513 707 1622 772; x_wconf 79' lang='grc' dir='ltr'><strong>τῶν</strong></span> <span class='ocrx_word' id='word_1_34' title='bbox 1665 706 1826 759; x_wconf 89' lang='grc' dir='ltr'>θείων</span> 
     </span>
    </p>
   </div>
   <div class='ocr_carea' id='block_1_7' title="bbox 255 797 1829 869">
    <p class='ocr_par' dir='ltr' id='par_1_7' title="bbox 255 797 1829 869">
     <span class='ocr_line' id='line_1_7' title="bbox 255 797 1829 869; baseline -0.002 -18"><span class='ocrx_word' id='word_1_35' title='bbox 255 799 476 869; x_wconf 79' lang='grc' dir='ltr'>ἡμερῶν</span> <span class='ocrx_word' id='word_1_36' title='bbox 504 799 605 866; x_wconf 82' lang='grc' dir='ltr'><strong>τῆς</strong></span> <span class='ocrx_word' id='word_1_37' title='bbox 641 799 893 867; x_wconf 76' lang='grc' dir='ltr'><strong>νηστείας</strong></span> <span class='ocrx_word' id='word_1_38' title='bbox 922 799 1271 867; x_wconf 85' lang='grc' dir='ltr'>τελουμένης,</span> <span class='ocrx_word' id='word_1_39' title='bbox 1301 799 1484 868; x_wconf 69' lang='grc' dir='ltr'>ἡμέρα</span> <span class='ocrx_word' id='word_1_40' title='bbox 1510 798 1608 866; x_wconf 79' lang='grc' dir='ltr'>τῆς</span> <span class='ocrx_word' id='word_1_41' title='bbox 1649 797 1829 850; x_wconf 86' lang='grc' dir='ltr'>δευτέ-</span> 
     </span>
    </p>
   </div>
   <div class='ocr_carea' id='block_1_8' title="bbox 255 889 1830 961">
    <p class='ocr_par' dir='ltr' id='par_1_8' title="bbox 255 889 1830 961">
     <span class='ocr_line' id='line_1_8' title="bbox 255 889 1830 961; baseline -0.004 -17"><span class='ocrx_word' id='word_1_42' title='bbox 255 909 357 961; x_wconf 86' lang='grc' dir='ltr'><strong>ρας</strong></span> <span class='ocrx_word' id='word_1_43' title='bbox 385 890 678 961; x_wconf 78' lang='grc' dir='ltr'>ἐσδομάδος</span> <span class='ocrx_word' id='word_1_44' title='bbox 707 890 933 960; x_wconf 69' lang='grc' dir='ltr'>δευτέρᾳ</span> <span class='ocrx_word' id='word_1_45' title='bbox 965 890 1161 959; x_wconf 76' lang='grc' dir='ltr'>συνέϐη</span> <span class='ocrx_word' id='word_1_46' title='bbox 1214 892 1277 958; x_wconf 84' lang='grc' dir='ltr'>τῇ</span> <span class='ocrx_word' id='word_1_47' title='bbox 1311 889 1512 958; x_wconf 58' lang='lat' dir='ltr'><strong>Nimia</strong></span> <span class='ocrx_word' id='word_1_48' title='bbox 1562 889 1624 940; x_wconf 85' lang='grc' dir='ltr'><strong>ἐκ</strong></span> <span class='ocrx_word' id='word_1_49' title='bbox 1656 905 1830 956; x_wconf 82' lang='grc' dir='ltr'>παρα-</span> 
     </span>
    </p>
   </div>
   <div class='ocr_carea' id='block_1_9' title="bbox 256 979 1828 1052">
    <p class='ocr_par' dir='ltr' id='par_1_9' title="bbox 256 979 1828 1052">
     <span class='ocr_line' id='line_1_9' title="bbox 256 979 1828 1052; baseline -0.004 -15"><span class='ocrx_word' id='word_1_50' title='bbox 256 981 410 1048; x_wconf 79' lang='grc' dir='ltr'>δόξου</span> <span class='ocrx_word' id='word_1_51' title='bbox 439 1000 500 1036; x_wconf 90' lang='grc' dir='ltr'><strong>τε</strong></span> <span class='ocrx_word' id='word_1_52' title='bbox 522 984 613 1036; x_wconf 70' lang='grc' dir='ltr'>καὶ</span> <span class='ocrx_word' id='word_1_53' title='bbox 646 981 902 1052; x_wconf 75' lang='grc' dir='ltr'><strong>ἐξαίφνης</strong></span> <span class='ocrx_word' id='word_1_54' title='bbox 933 983 1163 1052; x_wconf 73' lang='grc' dir='ltr'>πρᾶγμα</span> <span class='ocrx_word' id='word_1_55' title='bbox 1187 981 1428 1051; x_wconf 83' lang='grc' dir='ltr'>πραχθὲν</span> <span class='ocrx_word' id='word_1_56' title='bbox 1477 981 1571 1050; x_wconf 84' lang='grc' dir='ltr'><strong>μὲν</strong></span> <span class='ocrx_word' id='word_1_57' title='bbox 1600 979 1828 1048; x_wconf 80' lang='grc' dir='ltr'>φοὸερδν</span> 
     </span>
    </p>
   </div>
   <div class='ocr_carea' id='block_1_10' title="bbox 252 1068 1828 1143">
    <p class='ocr_par' dir='ltr' id='par_1_10' title="bbox 252 1068 1828 1143">
     <span class='ocr_line' id='line_1_10' title="bbox 252 1068 1828 1143; baseline -0.004 -15"><span class='ocrx_word' id='word_1_58' title='bbox 252 1075 350 1128; x_wconf 72' lang='grc' dir='ltr'>καὶ</span> <span class='ocrx_word' id='word_1_59' title='bbox 376 1073 568 1143; x_wconf 77' lang='grc' dir='ltr'>μηδενὶ</span> <span class='ocrx_word' id='word_1_60' title='bbox 596 1072 740 1142; x_wconf 76' lang='grc' dir='ltr'>ἄλλῳ</span> <span class='ocrx_word' id='word_1_61' title='bbox 763 1075 841 1133; x_wconf 81' lang='grc' dir='ltr'>εἰς</span> <span class='ocrx_word' id='word_1_62' title='bbox 887 1072 1042 1139; x_wconf 87' lang='grc' dir='ltr'>λόγον</span> <span class='ocrx_word' id='word_1_63' title='bbox 1100 1072 1405 1142; x_wconf 81' lang='grc' dir='ltr'>ὑπερϐολῆς</span> <span class='ocrx_word' id='word_1_64' title='bbox 1461 1068 1828 1141; x_wconf 63' lang='grc' dir='ltr'>παραχωρῶν</span> 
     </span>
    </p>
   </div>
   <div class='ocr_carea' id='block_1_11' title="bbox 249 1159 1827 1230">
    <p class='ocr_par' dir='ltr' id='par_1_11' title="bbox 249 1159 1827 1230">
     <span class='ocr_line' id='line_1_11' title="bbox 249 1159 1827 1230; baseline -0.001 -17"><span class='ocrx_word' id='word_1_65' title='bbox 249 1160 361 1214; x_wconf 83' lang='grc' dir='ltr'>τῶν</span> <span class='ocrx_word' id='word_1_66' title='bbox 394 1160 694 1230; x_wconf 79' lang='grc' dir='ltr'><strong>πρωτείων,</strong></span> <span class='ocrx_word' id='word_1_67' title='bbox 716 1159 816 1213; x_wconf 75' lang='grc' dir='ltr'><strong>κᾶν</strong></span> <span class='ocrx_word' id='word_1_68' title='bbox 839 1161 867 1213; x_wconf 80' lang='grc' dir='ltr'><strong>ὅ</strong></span> <span class='ocrx_word' id='word_1_69' title='bbox 896 1177 948 1212; x_wconf 81' lang='grc' dir='ltr'><strong>τι</strong></span> <span class='ocrx_word' id='word_1_70' title='bbox 985 1161 1080 1213; x_wconf 71' lang='grc' dir='ltr'>καὶ</span> <span class='ocrx_word' id='word_1_71' title='bbox 1107 1161 1252 1222; x_wconf 79' lang='grc' dir='ltr'>ὅπως</span> <span class='ocrx_word' id='word_1_72' title='bbox 1287 1159 1550 1228; x_wconf 83' lang='grc' dir='ltr'>συμὸαίη,</span> <span class='ocrx_word' id='word_1_73' title='bbox 1604 1160 1729 1211; x_wconf 83' lang='grc' dir='ltr'>ὅσον</span> <span class='ocrx_word' id='word_1_74' title='bbox 1761 1159 1827 1228; x_wconf 76' lang='grc' dir='ltr'>τῇ</span> 
     </span>
    </p>
   </div>
   <div class='ocr_carea' id='block_1_12' title="bbox 248 1251 1830 1323">
    <p class='ocr_par' dir='ltr' id='par_1_12' title="bbox 248 1251 1830 1323">
     <span class='ocr_line' id='line_1_12' title="bbox 248 1251 1830 1323; baseline -0.002 -18"><span class='ocrx_word' id='word_1_75' title='bbox 248 1252 525 1322; x_wconf 81' lang='grc' dir='ltr'>προσϐολῇ</span> <span class='ocrx_word' id='word_1_76' title='bbox 559 1253 652 1308; x_wconf 67' lang='grc' dir='ltr'><strong>καὶ</strong></span> <span class='ocrx_word' id='word_1_77' title='bbox 687 1256 820 1322; x_wconf 86' lang='grc' dir='ltr'>μονῇ</span> <span class='ocrx_word' id='word_1_78' title='bbox 844 1253 938 1304; x_wconf 72' lang='grc' dir='ltr'><strong>καὶ</strong></span> <span class='ocrx_word' id='word_1_79' title='bbox 962 1255 1029 1323; x_wconf 74' lang='grc' dir='ltr'>τῇ</span> <span class='ocrx_word' id='word_1_80' title='bbox 1059 1252 1168 1303; x_wconf 87' lang='grc' dir='ltr'><strong>τῶν</strong></span> <span class='ocrx_word' id='word_1_81' title='bbox 1202 1251 1387 1303; x_wconf 80' lang='grc' dir='ltr'>δεινῶν</span> <span class='ocrx_word' id='word_1_82' title='bbox 1413 1251 1732 1320; x_wconf 73' lang='grc' dir='ltr'>προσδοκίᾳ,</span> <span class='ocrx_word' id='word_1_83' title='bbox 1755 1251 1830 1312; x_wconf 85' lang='grc' dir='ltr'><strong>ὡς</strong></span> 
     </span>
    </p>
   </div>
   <div class='ocr_carea' id='block_1_13' title="bbox 248 1337 1830 1411">
    <p class='ocr_par' dir='ltr' id='par_1_13' title="bbox 248 1337 1830 1411">
     <span class='ocr_line' id='line_1_13' title="bbox 248 1337 1830 1411; baseline -0.001 -19"><span class='ocrx_word' id='word_1_84' title='bbox 248 1341 352 1411; x_wconf 71' lang='grc' dir='ltr'><strong>ἤδη</strong></span> <span class='ocrx_word' id='word_1_85' title='bbox 397 1341 673 1408; x_wconf 73' lang='grc' dir='ltr'><strong>μεγίστοις</strong></span> <span class='ocrx_word' id='word_1_86' title='bbox 694 1343 881 1403; x_wconf 69' lang='grc' dir='ltr'>κακοῖς</span> <span class='ocrx_word' id='word_1_87' title='bbox 903 1340 1330 1409; x_wconf 77' lang='grc' dir='ltr'>περιὸεόλῆσθαι</span> <span class='ocrx_word' id='word_1_88' title='bbox 1366 1341 1658 1406; x_wconf 68' lang='grc' dir='ltr'>ἀναγκαῖον</span> <span class='ocrx_word' id='word_1_89' title='bbox 1688 1337 1830 1391; x_wconf 71' lang='grc' dir='ltr'>εἶναι</span> 
     </span>
    </p>
   </div>
   <div class='ocr_carea' id='block_1_14' title="bbox 249 1430 1833 1503">
    <p class='ocr_par' dir='ltr' id='par_1_14' title="bbox 249 1430 1833 1503">
     <span class='ocr_line' id='line_1_14' title="bbox 249 1430 1833 1503; baseline -0.001 -19"><span class='ocrx_word' id='word_1_90' title='bbox 249 1437 363 1494; x_wconf 79' lang='grc' dir='ltr'>τοῖς</span> <span class='ocrx_word' id='word_1_91' title='bbox 393 1433 701 1502; x_wconf 76' lang='grc' dir='ltr'><strong>δεχομένοις</strong></span> <span class='ocrx_word' id='word_1_92' title='bbox 731 1434 820 1484; x_wconf 73' lang='grc' dir='ltr'><strong>καὶ</strong></span> <span class='ocrx_word' id='word_1_93' title='bbox 853 1433 1015 1503; x_wconf 81' lang='grc' dir='ltr'>μηδὲν</span> <span class='ocrx_word' id='word_1_94' title='bbox 1044 1430 1106 1503; x_wconf 77' lang='grc' dir='ltr'><strong>[Ρ</strong></span> <span class='ocrx_word' id='word_1_95' title='bbox 1135 1430 1256 1502; x_wconf 76' lang='grc'><strong>165]</strong></span> <span class='ocrx_word' id='word_1_96' title='bbox 1285 1432 1392 1483; x_wconf 85' lang='grc' dir='ltr'><strong>τῶν</strong></span> <span class='ocrx_word' id='word_1_97' title='bbox 1428 1432 1508 1492; x_wconf 85' lang='grc' dir='ltr'>εἰς</span> <span class='ocrx_word' id='word_1_98' title='bbox 1558 1431 1833 1500; x_wconf 69' lang='grc' dir='ltr'>σωτηρίαν</span> 
     </span>
    </p>
   </div>
   <div class='ocr_carea' id='block_1_15' title="bbox 247 1523 1833 1594">
    <p class='ocr_par' dir='ltr' id='par_1_15' title="bbox 247 1523 1833 1594">
     <span class='ocr_line' id='line_1_15' title="bbox 247 1523 1833 1594; baseline -0.001 -18"><span class='ocrx_word' id='word_1_99' title='bbox 247 1525 512 1586; x_wconf 76' lang='grc' dir='ltr'>ἐλπίζειν,</span> <span class='ocrx_word' id='word_1_100' title='bbox 572 1525 858 1592; x_wconf 85' lang='grc' dir='ltr'>λεγόμενον</span> <span class='ocrx_word' id='word_1_101' title='bbox 910 1525 965 1576; x_wconf 82' lang='grc' dir='ltr'>δὲ</span> <span class='ocrx_word' id='word_1_102' title='bbox 1019 1524 1091 1594; x_wconf 78' lang='grc' dir='ltr'>μὴ</span> <span class='ocrx_word' id='word_1_103' title='bbox 1149 1525 1303 1576; x_wconf 92' lang='grc' dir='ltr'>τόσον</span> <span class='ocrx_word' id='word_1_104' title='bbox 1356 1523 1478 1591; x_wconf 77' lang='grc' dir='ltr'>ἕχον</span> <span class='ocrx_word' id='word_1_105' title='bbox 1543 1524 1620 1585; x_wconf 78' lang='grc' dir='ltr'><strong>είς</strong></span> <span class='ocrx_word' id='word_1_106' title='bbox 1667 1523 1833 1590; x_wconf 78' lang='grc' dir='ltr'>φόδον</span> 
     </span>
    </p>
   </div>
   <div class='ocr_carea' id='block_1_16' title="bbox 246 1613 1836 1683">
    <p class='ocr_par' dir='ltr' id='par_1_16' title="bbox 246 1613 1836 1683">
     <span class='ocr_line' id='line_1_16' title="bbox 246 1613 1836 1683; baseline -0.001 -17"><span class='ocrx_word' id='word_1_107' title='bbox 246 1617 341 1666; x_wconf 78' lang='grc' dir='ltr'><strong>καὶ</strong></span> <span class='ocrx_word' id='word_1_108' title='bbox 401 1613 681 1683; x_wconf 79' lang='grc' dir='ltr'>συστολὴν.</span> <span class='ocrx_word' id='word_1_109' title='bbox 739 1614 909 1667; x_wconf 71' lang='grc' dir='ltr'>Εἴωθε</span> <span class='ocrx_word' id='word_1_110' title='bbox 966 1616 1073 1682; x_wconf 65' lang='grc' dir='ltr'><strong>γὰρ</strong></span> <span class='ocrx_word' id='word_1_111' title='bbox 1122 1613 1149 1664; x_wconf 81' lang='grc' dir='ltr'>ὁ</span> <span class='ocrx_word' id='word_1_112' title='bbox 1205 1614 1360 1680; x_wconf 85' lang='grc' dir='ltr'>λόγος</span> <span class='ocrx_word' id='word_1_113' title='bbox 1422 1615 1532 1675; x_wconf 83' lang='grc' dir='ltr'>τοῖς</span> <span class='ocrx_word' id='word_1_114' title='bbox 1596 1613 1836 1682; x_wconf 76' lang='grc' dir='ltr'><strong>μετρίοις</strong></span> 
     </span>
    </p>
   </div>
   <div class='ocr_carea' id='block_1_17' title="bbox 249 1700 1831 1776">
    <p class='ocr_par' dir='ltr' id='par_1_17' title="bbox 249 1700 1831 1776">
     <span class='ocr_line' id='line_1_17' title="bbox 249 1700 1831 1776; baseline -0.001 -18"><span class='ocrx_word' id='word_1_115' title='bbox 249 1704 481 1776; x_wconf 85' lang='grc' dir='ltr'>μέγεθος</span> <span class='ocrx_word' id='word_1_116' title='bbox 530 1707 807 1776; x_wconf 75' lang='grc' dir='ltr'><strong>ἐπιφέρειν</strong></span> <span class='ocrx_word' id='word_1_117' title='bbox 855 1705 930 1769; x_wconf 82' lang='grc' dir='ltr'><strong>ὡς</strong></span> <span class='ocrx_word' id='word_1_118' title='bbox 980 1700 1091 1766; x_wconf 78' lang='grc' dir='ltr'>οἷός</span> <span class='ocrx_word' id='word_1_119' title='bbox 1148 1705 1196 1757; x_wconf 85' lang='grc' dir='ltr'>τ’</span> <span class='ocrx_word' id='word_1_120' title='bbox 1241 1703 1460 1758; x_wconf 77' lang='grc' dir='ltr'>ἐκείνων</span> <span class='ocrx_word' id='word_1_121' title='bbox 1518 1707 1831 1775; x_wconf 83' lang='grc' dir='ltr'>περιεῖναι,</span> 
     </span>
    </p>
   </div>
   <div class='ocr_carea' id='block_1_18' title="bbox 244 1800 1840 1872">
    <p class='ocr_par' dir='ltr' id='par_1_18' title="bbox 244 1800 1840 1872">
     <span class='ocr_line' id='line_1_18' title="bbox 244 1800 1840 1872; baseline 0.001 -20"><span class='ocrx_word' id='word_1_122' title='bbox 244 1802 361 1864; x_wconf 82' lang='grc' dir='ltr'>τοῖς</span> <span class='ocrx_word' id='word_1_123' title='bbox 415 1800 471 1854; x_wconf 79' lang='grc' dir='ltr'><strong>δὲ</strong></span> <span class='ocrx_word' id='word_1_124' title='bbox 513 1800 788 1870; x_wconf 74' lang='grc' dir='ltr'>μεγίστοις</span> <span class='ocrx_word' id='word_1_125' title='bbox 836 1801 1100 1867; x_wconf 82' lang='grc' dir='ltr'>ἐξατονῶν</span> <span class='ocrx_word' id='word_1_126' title='bbox 1161 1800 1381 1872; x_wconf 75' lang='grc' dir='ltr'>ὕστερος</span> <span class='ocrx_word' id='word_1_127' title='bbox 1448 1801 1598 1870; x_wconf 82' lang='grc' dir='ltr'>σφῶν</span> <span class='ocrx_word' id='word_1_128' title='bbox 1657 1802 1840 1868; x_wconf 83' lang='grc' dir='ltr'>φαίνε-</span> 
     </span>
    </p>
   </div>
   <div class='ocr_carea' id='block_1_19' title="bbox 209 1890 1830 1961">
    <p class='ocr_par' dir='ltr' id='par_1_19' title="bbox 209 1890 1830 1961">
     <span class='ocr_line' id='line_1_19' title="bbox 209 1890 1830 1961; baseline -0.001 -17"><span class='ocrx_word' id='word_1_129' title='bbox 209 1890 397 1945; x_wconf 69' lang='grc' dir='ltr'>’σθαι.</span> <span class='ocrx_word' id='word_1_130' title='bbox 450 1891 594 1961; x_wconf 79' lang='grc' dir='ltr'>Πλὴν</span> <span class='ocrx_word' id='word_1_131' title='bbox 630 1892 792 1946; x_wconf 84' lang='grc' dir='ltr'>καλὸν</span> <span class='ocrx_word' id='word_1_132' title='bbox 845 1895 904 1945; x_wconf 85' lang='grc' dir='ltr'>ὲν</span> <span class='ocrx_word' id='word_1_133' title='bbox 938 1893 1051 1954; x_wconf 80' lang='grc' dir='ltr'>τοῖς</span> <span class='ocrx_word' id='word_1_134' title='bbox 1100 1894 1362 1953; x_wconf 78' lang='grc' dir='ltr'>τοιούτοις</span> <span class='ocrx_word' id='word_1_135' title='bbox 1411 1891 1485 1961; x_wconf 76' lang='grc' dir='ltr'>μὴ</span> <span class='ocrx_word' id='word_1_136' title='bbox 1519 1893 1631 1953; x_wconf 75' lang='grc' dir='ltr'>τοῖς</span> <span class='ocrx_word' id='word_1_137' title='bbox 1671 1891 1830 1960; x_wconf 83' lang='grc' dir='ltr'>λεγο-</span> 
     </span>
    </p>
   </div>
   <div class='ocr_carea' id='block_1_20' title="bbox 249 1983 1836 2054">
    <p class='ocr_par' dir='ltr' id='par_1_20' title="bbox 249 1983 1836 2054">
     <span class='ocr_line' id='line_1_20' title="bbox 249 1983 1836 2054; baseline 0.001 -19"><span class='ocrx_word' id='word_1_138' title='bbox 249 1985 439 2053; x_wconf 74' lang='grc' dir='ltr'>μένοις</span> <span class='ocrx_word' id='word_1_139' title='bbox 498 1983 753 2053; x_wconf 84' lang='grc' dir='ltr'>ἐμμένειν</span> <span class='ocrx_word' id='word_1_140' title='bbox 814 1985 926 2045; x_wconf 81' lang='grc' dir='ltr'>τοϊς</span> <span class='ocrx_word' id='word_1_141' title='bbox 984 1983 1161 2052; x_wconf 76' lang='grc' dir='ltr'>λόγοις</span> <span class='ocrx_word' id='word_1_142' title='bbox 1237 1985 1640 2054; x_wconf 80' lang='grc' dir='ltr'>προσέχοντας,</span> <span class='ocrx_word' id='word_1_143' title='bbox 1701 1984 1836 2038; x_wconf 75' lang='grc' dir='ltr'>ἀλλὰ</span> 
     </span>
    </p>
   </div>
   <div class='ocr_carea' id='block_1_21' title="bbox 247 2073 1834 2146">
    <p class='ocr_par' dir='ltr' id='par_1_21' title="bbox 247 2073 1834 2146">
     <span class='ocr_line' id='line_1_21' title="bbox 247 2073 1834 2146; baseline -0.001 -20"><span class='ocrx_word' id='word_1_144' title='bbox 247 2073 344 2126; x_wconf 74' lang='grc' dir='ltr'>καὶ</span> <span class='ocrx_word' id='word_1_145' title='bbox 375 2075 434 2137; x_wconf 84' lang='grc' dir='ltr'><strong>ἐς</strong></span> <span class='ocrx_word' id='word_1_146' title='bbox 463 2075 608 2146; x_wconf 80' lang='grc' dir='ltr'>μάλα</span> <span class='ocrx_word' id='word_1_147' title='bbox 641 2073 731 2126; x_wconf 82' lang='grc' dir='ltr'><strong>τὸν</strong></span> <span class='ocrx_word' id='word_1_148' title='bbox 754 2073 880 2126; x_wconf 82' lang='grc' dir='ltr'>νοῦν</span> <span class='ocrx_word' id='word_1_149' title='bbox 916 2075 1213 2141; x_wconf 71' lang='grc' dir='ltr'>ἐπανάγειν</span> <span class='ocrx_word' id='word_1_150' title='bbox 1263 2076 1361 2128; x_wconf 77' lang='grc' dir='ltr'>καὶ</span> <span class='ocrx_word' id='word_1_151' title='bbox 1396 2075 1470 2138; x_wconf 84' lang='grc' dir='ltr'>ὡς</span> <span class='ocrx_word' id='word_1_152' title='bbox 1517 2077 1605 2128; x_wconf 82' lang='grc' dir='ltr'>ἐπ’</span> <span class='ocrx_word' id='word_1_153' title='bbox 1649 2074 1834 2128; x_wconf 81' lang='grc' dir='ltr'>αὐτῶν</span> 
     </span>
    </p>
   </div>
   <div class='ocr_carea' id='block_1_22' title="bbox 245 2165 1834 2238">
    <p class='ocr_par' dir='ltr' id='par_1_22' title="bbox 245 2165 1834 2238">
     <span class='ocr_line' id='line_1_22' title="bbox 245 2165 1834 2238; baseline -0.001 -20"><span class='ocrx_word' id='word_1_154' title='bbox 245 2165 412 2228; x_wconf 78' lang='grc' dir='ltr'>ὖντας</span> <span class='ocrx_word' id='word_1_155' title='bbox 434 2165 544 2219; x_wconf 83' lang='grc' dir='ltr'>τῶν</span> <span class='ocrx_word' id='word_1_156' title='bbox 572 2165 907 2236; x_wconf 79' lang='grc' dir='ltr'>πραγμάτων</span> <span class='ocrx_word' id='word_1_157' title='bbox 931 2167 1217 2219; x_wconf 79' lang='grc' dir='ltr'>ἀναπολεῖν</span> <span class='ocrx_word' id='word_1_158' title='bbox 1233 2167 1299 2220; x_wconf 90' lang='grc' dir='ltr'><strong>τά</strong></span> <span class='ocrx_word' id='word_1_159' title='bbox 1324 2166 1612 2237; x_wconf 88' lang='grc' dir='ltr'>λεγόμενα.</span> <span class='ocrx_word' id='word_1_160' title='bbox 1640 2166 1834 2238; x_wconf 78' lang='grc' dir='ltr'>Πρώτη</span> 
     </span>
    </p>
   </div>
   <div class='ocr_carea' id='block_1_23' title="bbox 247 2255 1836 2327">
    <p class='ocr_par' dir='ltr' id='par_1_23' title="bbox 247 2255 1836 2327">
     <span class='ocr_line' id='line_1_23' title="bbox 247 2255 1836 2327; baseline -0.001 -19"><span class='ocrx_word' id='word_1_161' title='bbox 247 2257 432 2309; x_wconf 79' lang='grc' dir='ltr'>τοίνυν</span> <span class='ocrx_word' id='word_1_162' title='bbox 460 2257 674 2326; x_wconf 79' lang='grc' dir='ltr'>φυλακῇ</span> <span class='ocrx_word' id='word_1_163' title='bbox 695 2258 794 2326; x_wconf 78' lang='grc' dir='ltr'><strong>τῆς</strong></span> <span class='ocrx_word' id='word_1_164' title='bbox 828 2255 1041 2325; x_wconf 84' lang='grc' dir='ltr'>ἡμέρας</span> <span class='ocrx_word' id='word_1_165' title='bbox 1070 2257 1305 2327; x_wconf 84' lang='grc' dir='ltr'>ἐκείνης,</span> <span class='ocrx_word' id='word_1_166' title='bbox 1359 2256 1836 2326; x_wconf 77' lang='grc' dir='ltr'>ὑπεραναὸεὸηκό·</span> 
     </span>
    </p>
   </div>
   <div class='ocr_carea' id='block_1_24' title="bbox 246 2347 1834 2420">
    <p class='ocr_par' dir='ltr' id='par_1_24' title="bbox 246 2347 1834 2420">
     <span class='ocr_line' id='line_1_24' title="bbox 246 2347 1834 2420; baseline -0.001 -19"><span class='ocrx_word' id='word_1_167' title='bbox 246 2365 341 2410; x_wconf 81' lang='grc' dir='ltr'><strong>τος</strong></span> <span class='ocrx_word' id='word_1_168' title='bbox 370 2347 462 2400; x_wconf 76' lang='grc' dir='ltr'><strong>τὸν</strong></span> <span class='ocrx_word' id='word_1_169' title='bbox 486 2349 734 2418; x_wconf 79' lang='grc' dir='ltr'>ὁρίζοντα</span> <span class='ocrx_word' id='word_1_170' title='bbox 756 2348 848 2401; x_wconf 77' lang='grc' dir='ltr'><strong>τοῦ</strong></span> <span class='ocrx_word' id='word_1_171' title='bbox 884 2349 1034 2418; x_wconf 80' lang='grc' dir='ltr'>ἡλίου</span> <span class='ocrx_word' id='word_1_172' title='bbox 1061 2351 1184 2403; x_wconf 86' lang='grc' dir='ltr'>ὅσον</span> <span class='ocrx_word' id='word_1_173' title='bbox 1219 2351 1314 2402; x_wconf 77' lang='grc' dir='ltr'>καὶ</span> <span class='ocrx_word' id='word_1_174' title='bbox 1353 2349 1447 2402; x_wconf 81' lang='grc' dir='ltr'><strong>ἐπὶ</strong></span> <span class='ocrx_word' id='word_1_175' title='bbox 1482 2351 1674 2420; x_wconf 71' lang='grc' dir='ltr'>μοίρας</span> <span class='ocrx_word' id='word_1_176' title='bbox 1729 2349 1834 2412; x_wconf 77' lang='grc' dir='ltr'><strong>ζω-</strong></span> 
     </span>
    </p>
   </div>
   <div class='ocr_carea' id='block_1_25' title="bbox 245 2439 1835 2511">
    <p class='ocr_par' dir='ltr' id='par_1_25' title="bbox 245 2439 1835 2511">
     <span class='ocr_line' id='line_1_25' title="bbox 245 2439 1835 2511; baseline 0.002 -20"><span class='ocrx_word' id='word_1_177' title='bbox 245 2440 363 2492; x_wconf 75' lang='grc' dir='ltr'>δῖου</span> <span class='ocrx_word' id='word_1_178' title='bbox 389 2441 700 2508; x_wconf 79' lang='grc' dir='ltr'>τριάκοντα,</span> <span class='ocrx_word' id='word_1_179' title='bbox 734 2439 818 2493; x_wconf 84' lang='grc' dir='ltr'>ἐπ’</span> <span class='ocrx_word' id='word_1_180' title='bbox 850 2440 1028 2510; x_wconf 79' lang='grc' dir='ltr'>ἔργοις</span> <span class='ocrx_word' id='word_1_181' title='bbox 1061 2441 1228 2493; x_wconf 83' lang='grc' dir='ltr'>όντων</span> <span class='ocrx_word' id='word_1_182' title='bbox 1260 2441 1368 2492; x_wconf 86' lang='grc' dir='ltr'>τῶν</span> <span class='ocrx_word' id='word_1_183' title='bbox 1405 2440 1705 2511; x_wconf 76' lang='grc' dir='ltr'>ἀνθρώπιον</span> <span class='ocrx_word' id='word_1_184' title='bbox 1726 2441 1835 2494; x_wconf 83' lang='grc' dir='ltr'>τῶν</span> 
     </span>
    </p>
   </div>
   <div class='ocr_carea' id='block_1_26' title="bbox 251 2531 1835 2603">
    <p class='ocr_par' dir='ltr' id='par_1_26' title="bbox 251 2531 1835 2603">
     <span class='ocr_line' id='line_1_26' title="bbox 251 2531 1835 2603; baseline 0.001 -20"><span class='ocrx_word' id='word_1_185' title='bbox 251 2531 351 2598; x_wconf 83' lang='grc' dir='ltr'><strong>μὲν</strong></span> <span class='ocrx_word' id='word_1_186' title='bbox 383 2535 770 2598; x_wconf 80' lang='grc' dir='ltr'>πνευματικοῖς</span> <span class='ocrx_word' id='word_1_187' title='bbox 803 2531 910 2583; x_wconf 87' lang='grc' dir='ltr'><strong>τῶν</strong></span> <span class='ocrx_word' id='word_1_188' title='bbox 945 2531 1002 2583; x_wconf 78' lang='grc' dir='ltr'><strong>δὲ</strong></span> <span class='ocrx_word' id='word_1_189' title='bbox 1030 2533 1122 2584; x_wconf 75' lang='grc' dir='ltr'>καὶ</span> <span class='ocrx_word' id='word_1_190' title='bbox 1177 2535 1529 2602; x_wconf 78' lang='grc' dir='ltr'>σωματικοῖς,</span> <span class='ocrx_word' id='word_1_191' title='bbox 1579 2532 1835 2603; x_wconf 77' lang='grc' dir='ltr'>ἐξαίφνης</span> 
     </span>
    </p>
   </div>
   <div class='ocr_carea' id='block_1_27' title="bbox 249 2621 1833 2696">
    <p class='ocr_par' dir='ltr' id='par_1_27' title="bbox 249 2621 1833 2696">
     <span class='ocr_line' id='line_1_27' title="bbox 249 2621 1833 2696; baseline 0.001 -22"><span class='ocrx_word' id='word_1_192' title='bbox 249 2621 555 2693; x_wconf 74' lang='grc' dir='ltr'>φημίζεται</span> <span class='ocrx_word' id='word_1_193' title='bbox 580 2623 734 2690; x_wconf 88' lang='grc' dir='ltr'>λόγος</span> <span class='ocrx_word' id='word_1_194' title='bbox 763 2623 862 2676; x_wconf 70' lang='grc' dir='ltr'>οὐκ</span> <span class='ocrx_word' id='word_1_195' title='bbox 903 2625 958 2674; x_wconf 86' lang='grc' dir='ltr'><strong>ἐν</strong></span> <span class='ocrx_word' id='word_1_196' title='bbox 986 2623 1120 2692; x_wconf 81' lang='grc' dir='ltr'>τῷδε</span> <span class='ocrx_word' id='word_1_197' title='bbox 1151 2624 1248 2694; x_wconf 84' lang='grc' dir='ltr'><strong>μὲν</strong></span> <span class='ocrx_word' id='word_1_198' title='bbox 1285 2622 1362 2694; x_wconf 84' lang='grc' dir='ltr'>τῷ</span> <span class='ocrx_word' id='word_1_199' title='bbox 1393 2625 1549 2696; x_wconf 81' lang='grc' dir='ltr'>μέρει</span> <span class='ocrx_word' id='word_1_200' title='bbox 1598 2624 1696 2694; x_wconf 83' lang='grc' dir='ltr'>τῆς</span> <span class='ocrx_word' id='word_1_201' title='bbox 1733 2623 1833 2676; x_wconf 85' lang='grc' dir='ltr'>πό-</span> 
     </span>
    </p>
   </div>
   <div class='ocr_carea' id='block_1_28' title="bbox 247 2713 1836 2786">
    <p class='ocr_par' dir='ltr' id='par_1_28' title="bbox 247 2713 1836 2786">
     <span class='ocr_line' id='line_1_28' title="bbox 247 2713 1836 2786; baseline 0.001 -20"><span class='ocrx_word' id='word_1_202' title='bbox 247 2714 389 2778; x_wconf 62' lang='grc' dir='ltr'>λεως</span> <span class='ocrx_word' id='word_1_203' title='bbox 419 2716 474 2768; x_wconf 76' lang='grc' dir='ltr'><strong>έν</strong></span> <span class='ocrx_word' id='word_1_204' title='bbox 503 2714 636 2785; x_wconf 80' lang='grc' dir='ltr'>τῷδε</span> <span class='ocrx_word' id='word_1_205' title='bbox 665 2715 708 2768; x_wconf 86' lang='grc' dir='ltr'><strong>δ’</strong></span> <span class='ocrx_word' id='word_1_206' title='bbox 729 2713 813 2780; x_wconf 83' lang='grc' dir='ltr'><strong>οὒ,</strong></span> <span class='ocrx_word' id='word_1_207' title='bbox 842 2715 975 2769; x_wconf 80' lang='grc' dir='ltr'>ἀλλὰ</span> <span class='ocrx_word' id='word_1_208' title='bbox 1006 2715 1186 2786; x_wconf 83' lang='grc' dir='ltr'>κύκλῳ</span> <span class='ocrx_word' id='word_1_209' title='bbox 1216 2715 1342 2768; x_wconf 70' lang='grc' dir='ltr'>περὶ</span> <span class='ocrx_word' id='word_1_210' title='bbox 1372 2715 1470 2769; x_wconf 66' lang='grc' dir='ltr'><strong>τὴν</strong></span> <span class='ocrx_word' id='word_1_211' title='bbox 1502 2715 1653 2768; x_wconf 82' lang='grc' dir='ltr'>πόλιν</span> <span class='ocrx_word' id='word_1_212' title='bbox 1680 2715 1836 2784; x_wconf 53' lang='grc' dir='ltr'>,ἃπα-</span> 
     </span>
    </p>
   </div>
   <div class='ocr_carea' id='block_1_29' title="bbox 247 2884 1832 2955">
    <p class='ocr_par' dir='ltr' id='par_1_29' title="bbox 247 2884 1832 2955">
     <span class='ocr_line' id='line_1_29' title="bbox 247 2884 1832 2955; baseline 0.003 -16"><span class='ocrx_word' id='word_1_213' title='bbox 247 2884 342 2940; x_wconf 70' lang='grc'><strong>28.</strong></span> <span class='ocrx_word' id='word_1_214' title='bbox 385 2884 458 2940; x_wconf 87' lang='lat' dir='ltr'><strong>De</strong></span> <span class='ocrx_word' id='word_1_215' title='bbox 486 2890 695 2955; x_wconf 76' lang='lat' dir='ltr'><strong>vulgata</strong></span> <span class='ocrx_word' id='word_1_216' title='bbox 729 2887 921 2941; x_wconf 65' lang='lat' dir='ltr'><strong>Nicaea:</strong></span> <span class='ocrx_word' id='word_1_217' title='bbox 953 2888 1088 2954; x_wconf 77' lang='lat' dir='ltr'><strong>falso</strong></span> <span class='ocrx_word' id='word_1_218' title='bbox 1121 2890 1306 2942; x_wconf 83' lang='lat' dir='ltr'><strong>nuntio</strong></span> <span class='ocrx_word' id='word_1_219' title='bbox 1339 2886 1832 2943; x_wconf 37' lang='lat' dir='ltr'><strong>invadentt&#39;um&#39;eam</strong></span> 
     </span>
    </p>
   </div>
   <div class='ocr_carea' id='block_1_30' title="bbox 754 2957 1341 3012">
    <p class='ocr_par' dir='ltr' id='par_1_30' title="bbox 754 2957 1341 3012">
     <span class='ocr_line' id='line_1_30' title="bbox 754 2957 1341 3012; baseline 0.003 -2"><span class='ocrx_word' id='word_1_220' title='bbox 754 2960 931 3012; x_wconf 81' lang='lat' dir='ltr'><strong>urbem</strong></span> <span class='ocrx_word' id='word_1_221' title='bbox 964 2957 1341 3012; x_wconf 78' lang='lat' dir='ltr'><strong>Tac/iurarunt.</strong></span> 
     </span>
    </p>
   </div>
   <div class='ocr_carea' id='block_1_31' title="bbox 323 3068 1828 3140">
    <p class='ocr_par' dir='ltr' id='par_1_31' title="bbox 323 3068 1828 3140">
     <span class='ocr_line' id='line_1_31' title="bbox 323 3068 1828 3140; baseline 0.005 -18"><span class='ocrx_word' id='word_1_222' title='bbox 323 3068 580 3140; x_wconf 83' lang='lat' dir='ltr'><strong>Ejusdem</strong></span> <span class='ocrx_word' id='word_1_223' title='bbox 628 3080 806 3125; x_wconf 90' lang='lat' dir='ltr'><strong>autem</strong></span> <span class='ocrx_word' id='word_1_224' title='bbox 869 3073 996 3124; x_wconf 89' lang='lat' dir='ltr'><strong>anni</strong></span> <span class='ocrx_word' id='word_1_225' title='bbox 1040 3088 1222 3128; x_wconf 90' lang='lat' dir='ltr'><strong>mense</strong></span> <span class='ocrx_word' id='word_1_226' title='bbox 1275 3072 1492 3139; x_wconf 85' lang='lat' dir='ltr'><strong>Martio,</strong></span> <span class='ocrx_word' id='word_1_227' title='bbox 1541 3089 1661 3128; x_wconf 88' lang='lat' dir='ltr'><strong>cum</strong></span> <span class='ocrx_word' id='word_1_228' title='bbox 1689 3077 1828 3130; x_wconf 90' lang='lat' dir='ltr'><strong>sacri</strong></span> 
     </span>
    </p>
   </div>
   <div class='ocr_carea' id='block_1_32' title="bbox 251 3162 1828 3231">
    <p class='ocr_par' dir='ltr' id='par_1_32' title="bbox 251 3162 1828 3231">
     <span class='ocr_line' id='line_1_32' title="bbox 251 3162 1828 3231; baseline 0.006 -17"><span class='ocrx_word' id='word_1_229' title='bbox 251 3163 371 3218; x_wconf 84' lang='lat' dir='ltr'><strong>dies</strong></span> <span class='ocrx_word' id='word_1_230' title='bbox 404 3162 598 3231; x_wconf 70' lang='lat' dir='ltr'><strong>ju-junii</strong></span> <span class='ocrx_word' id='word_1_231' title='bbox 633 3164 1060 3225; x_wconf 75' lang='lat' dir='ltr'><strong>celebrarentur.</strong></span> <span class='ocrx_word' id='word_1_232' title='bbox 1094 3165 1181 3219; x_wconf 89' lang='lat' dir='ltr'><strong>die</strong></span> <span class='ocrx_word' id='word_1_233' title='bbox 1201 3167 1436 3221; x_wconf 90' lang='lat' dir='ltr'><strong>secunda</strong></span> <span class='ocrx_word' id='word_1_234' title='bbox 1472 3167 1828 3223; x_wconf 77' lang='lat' dir='ltr'><strong>hebdomadis</strong></span> 
     </span>
    </p>
   </div>
   <div class='ocr_carea' id='block_1_33' title="bbox 251 3241 1832 3327">
    <p class='ocr_par' dir='ltr' id='par_1_33' title="bbox 251 3241 1832 3327">
     <span class='ocr_line' id='line_1_33' title="bbox 251 3241 1832 3327; baseline 0.002 -16"><span class='ocrx_word' id='word_1_235' title='bbox 251 3257 527 3321; x_wconf 66' lang='lat' dir='ltr'><strong>secundm,</strong></span> <span class='ocrx_word' id='word_1_236' title='bbox 582 3257 805 3326; x_wconf 86' lang='lat' dir='ltr'><strong>contigit</strong></span> <span class='ocrx_word' id='word_1_237' title='bbox 861 3257 1050 3311; x_wconf 63' lang='lat' dir='ltr'><strong>Nicaea?</strong></span> <span class='ocrx_word' id='word_1_238' title='bbox 1077 3241 1162 3311; x_wconf 27' lang='lat' dir='ltr'><strong>“ex</strong></span> <span class='ocrx_word' id='word_1_239' title='bbox 1207 3259 1483 3327; x_wconf 80' lang='lat' dir='ltr'><strong>inopinato</strong></span> <span class='ocrx_word' id='word_1_240' title='bbox 1539 3270 1590 3314; x_wconf 90' lang='lat' dir='ltr'><strong>et</strong></span> <span class='ocrx_word' id='word_1_241' title='bbox 1653 3261 1832 3314; x_wconf 89' lang='lat' dir='ltr'><strong>subito</strong></span> 
     </span>
    </p>
   </div>
   <div class='ocr_carea' id='block_1_34' title="bbox 252 3347 1830 3414">
    <p class='ocr_par' dir='ltr' id='par_1_34' title="bbox 252 3347 1830 3414">
     <span class='ocr_line' id='line_1_34' title="bbox 252 3347 1830 3414; baseline 0.003 -15"><span class='ocrx_word' id='word_1_242' title='bbox 252 3347 513 3414; x_wconf 79' lang='lat' dir='ltr'><strong>quiddam</strong></span> <span class='ocrx_word' id='word_1_243' title='bbox 571 3349 705 3403; x_wconf 84' lang='lat' dir='ltr'><strong>adeo</strong></span> <span class='ocrx_word' id='word_1_244' title='bbox 751 3349 1074 3413; x_wconf 78' lang='lat' dir='ltr'><strong>terriﬁcum,</strong></span> <span class='ocrx_word' id='word_1_245' title='bbox 1112 3360 1168 3404; x_wconf 85' lang='grc' dir='ltr'><strong>ιιι</strong></span> <span class='ocrx_word' id='word_1_246' title='bbox 1213 3351 1255 3404; x_wconf 89' lang='lat' dir='ltr'><strong>si</strong></span> <span class='ocrx_word' id='word_1_247' title='bbox 1291 3367 1410 3405; x_wconf 91' lang='lat' dir='ltr'><strong>cum</strong></span> <span class='ocrx_word' id='word_1_248' title='bbox 1449 3354 1680 3407; x_wconf 76' lang='lat' dir='ltr'><strong>maxime</strong></span> <span class='ocrx_word' id='word_1_249' title='bbox 1713 3362 1830 3406; x_wconf 87' lang='lat' dir='ltr'><strong>tur-</strong></span> 
     </span>
    </p>
   </div>
   <div class='ocr_carea' id='block_1_35' title="bbox 253 3440 1828 3514">
    <p class='ocr_par' dir='ltr' id='par_1_35' title="bbox 253 3440 1828 3514">
     <span class='ocr_line' id='line_1_35' title="bbox 253 3440 1828 3514; baseline 0.003 -20"><span class='ocrx_word' id='word_1_250' title='bbox 253 3440 492 3496; x_wconf 85' lang='lat' dir='ltr'><strong>buletttis</strong></span> <span class='ocrx_word' id='word_1_251' title='bbox 531 3453 584 3496; x_wconf 90' lang='lat' dir='ltr'><strong>et</strong></span> <span class='ocrx_word' id='word_1_252' title='bbox 643 3443 994 3496; x_wconf 68' lang='lat' dir='ltr'><strong>tumultuosis</strong></span> <span class='ocrx_word' id='word_1_253' title='bbox 1035 3445 1340 3510; x_wconf 85' lang='lat' dir='ltr'><strong>eventibus,</strong></span> <span class='ocrx_word' id='word_1_254' title='bbox 1389 3446 1480 3514; x_wconf 85' lang='lat' dir='ltr'><strong>qui</strong></span> <span class='ocrx_word' id='word_1_255' title='bbox 1537 3447 1828 3500; x_wconf 82' lang='lat' dir='ltr'><strong>maximam</strong></span> 
     </span>
    </p>
   </div>
   <div class='ocr_carea' id='block_1_36' title="bbox 252 3532 1832 3602">
    <p class='ocr_par' dir='ltr' id='par_1_36' title="bbox 252 3532 1832 3602">
     <span class='ocr_line' id='line_1_36' title="bbox 252 3532 1832 3602; baseline 0.003 -15"><span class='ocrx_word' id='word_1_256' title='bbox 252 3532 452 3589; x_wconf 73' lang='lat' dir='ltr'><strong>afferre</strong></span> <span class='ocrx_word' id='word_1_257' title='bbox 508 3537 1004 3590; x_wconf 75' lang='lat' dir='ltr'><strong>consternationem</strong></span> <span class='ocrx_word' id='word_1_258' title='bbox 1060 3538 1261 3602; x_wconf 78' lang='lat' dir='ltr'><strong>solent,</strong></span> <span class='ocrx_word' id='word_1_259' title='bbox 1309 3538 1640 3602; x_wconf 82' lang='lat' dir='ltr'><strong>conferatur,</strong></span> <span class='ocrx_word' id='word_1_260' title='bbox 1701 3539 1832 3593; x_wconf 93' lang='lat' dir='ltr'><strong>nulli</strong></span> 
     </span>
    </p>
   </div>
   <div class='ocr_carea' id='block_1_37' title="bbox 255 3615 1833 3700">
    <p class='ocr_par' dir='ltr' id='par_1_37' title="bbox 255 3615 1833 3700">
     <span class='ocr_line' id='line_1_37' title="bbox 255 3615 1833 3700; baseline 0.004 -20"><span class='ocrx_word' id='word_1_261' title='bbox 255 3629 502 3681; x_wconf 84' lang='lat' dir='ltr'><strong>omnium</strong></span> <span class='ocrx_word' id='word_1_262' title='bbox 560 3615 778 3682; x_wconf 68' lang='lat' dir='ltr'><strong>diiitate</strong></span> <span class='ocrx_word' id='word_1_263' title='bbox 828 3632 1209 3686; x_wconf 90' lang='lat' dir='ltr'><strong>commotionis</strong></span> <span class='ocrx_word' id='word_1_264' title='bbox 1239 3646 1302 3685; x_wconf 90' lang='lat' dir='ltr'><strong>ac</strong></span> <span class='ocrx_word' id='word_1_265' title='bbox 1331 3633 1606 3700; x_wconf 87' lang='lat' dir='ltr'><strong>popularis</strong></span> <span class='ocrx_word' id='word_1_266' title='bbox 1645 3633 1833 3687; x_wconf 81' lang='lat' dir='ltr'><strong>formi-</strong></span> 
     </span>
    </p>
   </div>
   <div class='ocr_carea' id='block_1_38' title="bbox 255 3721 1834 3796">
    <p class='ocr_par' dir='ltr' id='par_1_38' title="bbox 255 3721 1834 3796">
     <span class='ocr_line' id='line_1_38' title="bbox 255 3721 1834 3796; baseline 0.007 -26"><span class='ocrx_word' id='word_1_267' title='bbox 255 3721 402 3775; x_wconf 84' lang='lat' dir='ltr'><strong>dinis</strong></span> <span class='ocrx_word' id='word_1_268' title='bbox 444 3721 630 3776; x_wconf 84' lang='lat' dir='ltr'><strong>insana</strong></span> <span class='ocrx_word' id='word_1_269' title='bbox 678 3722 1042 3778; x_wconf 81' lang='lat' dir='ltr'><strong>concitatione</strong></span> <span class='ocrx_word' id='word_1_270' title='bbox 1102 3725 1388 3778; x_wconf 86' lang='lat' dir='ltr'><strong>concedat.</strong></span> <span class='ocrx_word' id='word_1_271' title='bbox 1431 3722 1586 3779; x_wconf 85' lang='lat' dir='ltr'><strong>Unde</strong></span> <span class='ocrx_word' id='word_1_272' title='bbox 1618 3741 1679 3780; x_wconf 91' lang='lat' dir='ltr'><strong>ac</strong></span> <span class='ocrx_word' id='word_1_273' title='bbox 1697 3743 1834 3796; x_wconf 85' lang='lat' dir='ltr'><strong>quo-</strong></span> 
     </span>
    </p>
   </div>
   <div class='ocr_carea' id='block_1_39' title="bbox 247 3815 1831 3887">
    <p class='ocr_par' dir='ltr' id='par_1_39' title="bbox 247 3815 1831 3887">
     <span class='ocr_line' id='line_1_39' title="bbox 247 3815 1831 3887; baseline 0.004 -21"><span class='ocrx_word' id='word_1_274' title='bbox 247 3819 417 3867; x_wconf 83' lang='lat' dir='ltr'><strong>‘modo</strong></span> <span class='ocrx_word' id='word_1_275' title='bbox 465 3815 724 3870; x_wconf 87' lang='lat' dir='ltr'><strong>acciderit</strong></span> <span class='ocrx_word' id='word_1_276' title='bbox 777 3825 884 3871; x_wconf 88' lang='lat' dir='ltr'><strong>tam</strong></span> <span class='ocrx_word' id='word_1_277' title='bbox 951 3817 1299 3873; x_wconf 82' lang='lat' dir='ltr'><strong>vehementer</strong></span> <span class='ocrx_word' id='word_1_278' title='bbox 1361 3819 1645 3887; x_wconf 83' lang='lat' dir='ltr'><strong>ingruens,</strong></span> <span class='ocrx_word' id='word_1_279' title='bbox 1721 3829 1831 3874; x_wconf 89' lang='lat' dir='ltr'><strong>tam</strong></span> 
     </span>
    </p>
   </div>
   <div class='ocr_carea' id='block_1_40' title="bbox 252 3903 1833 3983">
    <p class='ocr_par' dir='ltr' id='par_1_40' title="bbox 252 3903 1833 3983">
     <span class='ocr_line' id='line_1_40' title="bbox 252 3903 1833 3983; baseline 0.005 -25"><span class='ocrx_word' id='word_1_280' title='bbox 252 3903 478 3976; x_wconf 79' lang='lat' dir='ltr'><strong>longum</strong></span> <span class='ocrx_word' id='word_1_281' title='bbox 513 3909 735 3971; x_wconf 85' lang='lat' dir='ltr'><strong>durans,</strong></span> <span class='ocrx_word' id='word_1_282' title='bbox 773 3917 879 3962; x_wconf 87' lang='lat' dir='ltr'><strong>tam</strong></span> <span class='ocrx_word' id='word_1_283' title='bbox 911 3912 1070 3964; x_wconf 74' lang='lat' dir='ltr'><strong>anxia</strong></span> <span class='ocrx_word' id='word_1_284' title='bbox 1101 3911 1504 3980; x_wconf 78' lang='lat' dir='ltr'><strong>exspectatione</strong></span> <span class='ocrx_word' id='word_1_285' title='bbox 1543 3913 1667 3966; x_wconf 87' lang='lat' dir='ltr'><strong>mali</strong></span> <span class='ocrx_word' id='word_1_286' title='bbox 1707 3931 1833 3983; x_wconf 83' lang='lat' dir='ltr'><strong>gra-</strong></span> 
     </span>
    </p>
   </div>
   <div class='ocr_carea' id='block_1_41' title="bbox 255 3999 1832 4068">
    <p class='ocr_par' dir='ltr' id='par_1_41' title="bbox 255 3999 1832 4068">
     <span class='ocr_line' id='line_1_41' title="bbox 255 3999 1832 4068; baseline 0.008 -18"><span class='ocrx_word' id='word_1_287' title='bbox 255 3999 742 4056; x_wconf 81' lang='lat' dir='ltr'><strong>vissimicrucians</strong></span> <span class='ocrx_word' id='word_1_288' title='bbox 774 4011 969 4068; x_wconf 87' lang='lat' dir='ltr'><strong>terror,</strong></span> <span class='ocrx_word' id='word_1_289' title='bbox 1015 4015 1122 4058; x_wconf 87' lang='lat' dir='ltr'><strong>tam</strong></span> <span class='ocrx_word' id='word_1_290' title='bbox 1158 4005 1544 4061; x_wconf 87' lang='lat' dir='ltr'><strong>inevitabiliter</strong></span> <span class='ocrx_word' id='word_1_291' title='bbox 1582 4009 1832 4064; x_wconf 83' lang='lat' dir='ltr'><strong>insum-</strong></span> 
     </span>
    </p>
   </div>
   <div class='ocr_carea' id='block_1_42' title="bbox 255 4093 1832 4166">
    <p class='ocr_par' dir='ltr' id='par_1_42' title="bbox 255 4093 1832 4166">
     <span class='ocr_line' id='line_1_42' title="bbox 255 4093 1832 4166; baseline 0.008 -22"><span class='ocrx_word' id='word_1_292' title='bbox 255 4107 359 4146; x_wconf 70' lang='lat' dir='ltr'><strong>mae</strong></span> <span class='ocrx_word' id='word_1_293' title='bbox 395 4093 725 4148; x_wconf 86' lang='lat' dir='ltr'><strong>calamitatis</strong></span> <span class='ocrx_word' id='word_1_294' title='bbox 753 4107 972 4148; x_wconf 87' lang='lat' dir='ltr'><strong>sensmn</strong></span> <span class='ocrx_word' id='word_1_295' title='bbox 1028 4096 1183 4165; x_wconf 85' lang='lat' dir='ltr'><strong>quasi</strong></span> <span class='ocrx_word' id='word_1_296' title='bbox 1227 4110 1550 4166; x_wconf 67' lang='lat' dir='ltr'><strong>praesentem</strong></span> <span class='ocrx_word' id='word_1_297' title='bbox 1580 4119 1700 4157; x_wconf 89' lang='lat' dir='ltr'><strong>cntn</strong></span> <span class='ocrx_word' id='word_1_298' title='bbox 1733 4119 1832 4158; x_wconf 59' lang='lat' dir='ltr'><strong>ex-</strong></span> 
     </span>
    </p>
   </div>
   <div class='ocr_carea' id='block_1_43' title="bbox 255 4183 1834 4262">
    <p class='ocr_par' dir='ltr' id='par_1_43' title="bbox 255 4183 1834 4262">
     <span class='ocr_line' id='line_1_43' title="bbox 255 4183 1834 4262; baseline 0.009 -29"><span class='ocrx_word' id='word_1_299' title='bbox 255 4189 427 4235; x_wconf 86' lang='lat' dir='ltr'><strong>trema</strong></span> <span class='ocrx_word' id='word_1_300' title='bbox 494 4183 873 4252; x_wconf 79' lang='lat' dir='ltr'><strong>desperatione</strong></span> <span class='ocrx_word' id='word_1_301' title='bbox 921 4186 1112 4241; x_wconf 88' lang='lat' dir='ltr'><strong>salutis</strong></span> <span class='ocrx_word' id='word_1_302' title='bbox 1162 4203 1297 4257; x_wconf 90' lang='lat' dir='ltr'><strong>quos</strong></span> <span class='ocrx_word' id='word_1_303' title='bbox 1335 4195 1834 4262; x_wconf 78' lang='lat' dir='ltr'><strong>comprehendebat</strong></span> 
     </span>
    </p>
   </div>
   <div class='ocr_carea' id='block_1_44' title="bbox 258 4273 1833 4355">
    <p class='ocr_par' dir='ltr' id='par_1_44' title="bbox 258 4273 1833 4355">
     <span class='ocr_line' id='line_1_44' title="bbox 258 4273 1833 4355; baseline 0.013 -34"><span class='ocrx_word' id='word_1_304' title='bbox 258 4273 490 4329; x_wconf 87' lang='lat' dir='ltr'><strong>miseros</strong></span> <span class='ocrx_word' id='word_1_305' title='bbox 534 4275 847 4344; x_wconf 84' lang='lat' dir='ltr'><strong>conjicieus,</strong></span> <span class='ocrx_word' id='word_1_306' title='bbox 882 4279 1189 4333; x_wconf 88' lang='lat' dir='ltr'><strong>conandum</strong></span> <span class='ocrx_word' id='word_1_307' title='bbox 1215 4291 1295 4336; x_wconf 85' lang='lat' dir='ltr'><strong>est</strong></span> <span class='ocrx_word' id='word_1_308' title='bbox 1329 4283 1528 4349; x_wconf 65' lang='lat' dir='ltr'><strong>dicere,</strong></span> <span class='ocrx_word' id='word_1_309' title='bbox 1560 4298 1833 4355; x_wconf 86' lang='lat' dir='ltr'><strong>utcunque</strong></span> 
     </span>
    </p>
   </div>
   <div class='ocr_carea' id='block_1_45' title="bbox 257 4363 1832 4444">
    <p class='ocr_par' dir='ltr' id='par_1_45' title="bbox 257 4363 1832 4444">
     <span class='ocr_line' id='line_1_45' title="bbox 257 4363 1832 4444; baseline 0.012 -30"><span class='ocrx_word' id='word_1_310' title='bbox 257 4363 327 4414; x_wconf 85' lang='lat' dir='ltr'><strong>sit</strong></span> <span class='ocrx_word' id='word_1_311' title='bbox 359 4363 575 4419; x_wconf 77' lang='lat' dir='ltr'><strong>diliicile</strong></span> <span class='ocrx_word' id='word_1_312' title='bbox 605 4368 915 4422; x_wconf 88' lang='lat' dir='ltr'><strong>narratione</strong></span> <span class='ocrx_word' id='word_1_313' title='bbox 944 4385 1050 4423; x_wconf 88' lang='lat' dir='ltr'><strong>rem</strong></span> <span class='ocrx_word' id='word_1_314' title='bbox 1079 4373 1382 4440; x_wconf 81' lang='lat' dir='ltr'><strong>exprimere</strong></span> <span class='ocrx_word' id='word_1_315' title='bbox 1417 4376 1491 4428; x_wconf 91' lang='lat' dir='ltr'><strong>ttti</strong></span> <span class='ocrx_word' id='word_1_316' title='bbox 1526 4391 1585 4430; x_wconf 89' lang='lat' dir='ltr'><strong>se</strong></span> <span class='ocrx_word' id='word_1_317' title='bbox 1622 4379 1832 4444; x_wconf 91' lang='lat' dir='ltr'><strong>habuit,</strong></span> 
     </span>
    </p>
   </div>
   <div class='ocr_carea' id='block_1_46' title="bbox 257 4456 1832 4539">
    <p class='ocr_par' dir='ltr' id='par_1_46' title="bbox 257 4456 1832 4539">
     <span class='ocr_line' id='line_1_46' title="bbox 257 4456 1832 4539; baseline 0.012 -33"><span class='ocrx_word' id='word_1_318' title='bbox 257 4456 458 4526; x_wconf 87' lang='lat' dir='ltr'><strong>quippe</strong></span> <span class='ocrx_word' id='word_1_319' title='bbox 483 4473 602 4527; x_wconf 71' lang='lat' dir='ltr'><strong>quae</strong></span> <span class='ocrx_word' id='word_1_320' title='bbox 631 4459 701 4513; x_wconf 88' lang='lat' dir='ltr'><strong>sit</strong></span> <span class='ocrx_word' id='word_1_321' title='bbox 757 4463 1065 4517; x_wconf 88' lang='lat' dir='ltr'><strong>necessario</strong></span> <span class='ocrx_word' id='word_1_322' title='bbox 1118 4464 1300 4520; x_wconf 89' lang='lat' dir='ltr'><strong>minus</strong></span> <span class='ocrx_word' id='word_1_323' title='bbox 1332 4475 1486 4522; x_wconf 84' lang='lat' dir='ltr'><strong>atrox</strong></span> <span class='ocrx_word' id='word_1_324' title='bbox 1520 4463 1832 4539; x_wconf 84' lang='lat' dir='ltr'><strong>apparitura</strong></span> 
     </span>
    </p>
   </div>
   <div class='ocr_carea' id='block_1_47' title="bbox 1931 596 3510 678">
    <p class='ocr_par' dir='ltr' id='par_1_47' title="bbox 1931 596 3510 678">
     <span class='ocr_line' id='line_1_47' title="bbox 1931 596 3510 678; baseline -0.008 -18"><span class='ocrx_word' id='word_1_325' title='bbox 1931 607 2118 660; x_wconf 79' lang='grc' dir='ltr'>πυλῶν</span> <span class='ocrx_word' id='word_1_326' title='bbox 2149 606 2528 678; x_wconf 85' lang='grc' dir='ltr'>κρεουργῆσαν</span> <span class='ocrx_word' id='word_1_327' title='bbox 2561 603 2826 671; x_wconf 82' lang='grc' dir='ltr'>φύλακας,</span> <span class='ocrx_word' id='word_1_328' title='bbox 2887 600 3148 653; x_wconf 74' lang='grc' dir='ltr'>εἰσελθεῖν</span> <span class='ocrx_word' id='word_1_329' title='bbox 3203 597 3302 668; x_wconf 83' lang='grc' dir='ltr'>τὴν</span> <span class='ocrx_word' id='word_1_330' title='bbox 3357 596 3510 649; x_wconf 88' lang='grc' dir='ltr'>πόλιν</span> 
     </span>
    </p>
   </div>
   <div class='ocr_carea' id='block_1_48' title="bbox 1932 689 3512 769">
    <p class='ocr_par' dir='ltr' id='par_1_48' title="bbox 1932 689 3512 769">
     <span class='ocr_line' id='line_1_48' title="bbox 1932 689 3512 769; baseline -0.007 -16"><span class='ocrx_word' id='word_1_331' title='bbox 1932 699 2050 769; x_wconf 90' lang='grc' dir='ltr'>μεθ’</span> <span class='ocrx_word' id='word_1_332' title='bbox 2079 699 2160 751; x_wconf 84' lang='grc' dir='ltr'>ὅτι</span> <span class='ocrx_word' id='word_1_333' title='bbox 2192 698 2462 751; x_wconf 80' lang='grc' dir='ltr'>πλείστων</span> <span class='ocrx_word' id='word_1_334' title='bbox 2484 697 2576 749; x_wconf 79' lang='grc' dir='ltr'><strong>καὶ</strong></span> <span class='ocrx_word' id='word_1_335' title='bbox 2601 694 2810 747; x_wconf 73' lang='grc' dir='ltr'><strong>ι’δεινῶν</strong></span> <span class='ocrx_word' id='word_1_336' title='bbox 2857 691 3216 762; x_wconf 82' lang='grc' dir='ltr'>ὁρμημάτων,</span> <span class='ocrx_word' id='word_1_337' title='bbox 3281 689 3408 742; x_wconf 81' lang='grc' dir='ltr'>ὥστ’</span> <span class='ocrx_word' id='word_1_338' title='bbox 3451 689 3512 742; x_wconf 86' lang='grc' dir='ltr'><strong>ἐν</strong></span> 
     </span>
    </p>
   </div>
   <div class='ocr_carea' id='block_1_49' title="bbox 1928 782 3511 860">
    <p class='ocr_par' dir='ltr' id='par_1_49' title="bbox 1928 782 3511 860">
     <span class='ocr_line' id='line_1_49' title="bbox 1928 782 3511 860; baseline -0.009 -16"><span class='ocrx_word' id='word_1_339' title='bbox 1928 793 2128 860; x_wconf 87' lang='grc' dir='ltr'>ἀκαρεῖ</span> <span class='ocrx_word' id='word_1_340' title='bbox 2149 790 2274 852; x_wconf 72' lang='grc' dir='ltr'>τοὺς</span> <span class='ocrx_word' id='word_1_341' title='bbox 2304 789 2676 858; x_wconf 85' lang='grc' dir='ltr'>ἐμπίπτοντας</span> <span class='ocrx_word' id='word_1_342' title='bbox 2713 785 2894 854; x_wconf 83' lang='grc' dir='ltr'>σφίσιν</span> <span class='ocrx_word' id='word_1_343' title='bbox 2917 782 3335 852; x_wconf 77' lang='grc' dir='ltr'>ἀπροσδοκήτως</span> <span class='ocrx_word' id='word_1_344' title='bbox 3365 782 3511 848; x_wconf 83' lang='grc' dir='ltr'>ἀπη-</span> 
     </span>
    </p>
   </div>
   <div class='ocr_carea' id='block_1_50' title="bbox 1929 872 3579 961">
    <p class='ocr_par' dir='ltr' id='par_1_50' title="bbox 1929 872 3579 961">
     <span class='ocr_line' id='line_1_50' title="bbox 1929 872 3579 961; baseline -0.01 -22"><span class='ocrx_word' id='word_1_345' title='bbox 1929 887 2034 948; x_wconf 85' lang='grc' dir='ltr'><strong>νῶς</strong></span> <span class='ocrx_word' id='word_1_346' title='bbox 2055 884 2476 951; x_wconf 75' lang='grc' dir='ltr'>κατασφάττειν.</span> <span class='ocrx_word' id='word_1_347' title='bbox 2504 881 2612 932; x_wconf 63' lang='grc' dir='ltr'><strong>Καὶ</strong></span> <span class='ocrx_word' id='word_1_348' title='bbox 2639 879 2666 930; x_wconf 85' lang='grc' dir='ltr'><strong>ὁ</strong></span> <span class='ocrx_word' id='word_1_349' title='bbox 2694 878 2850 945; x_wconf 79' lang='grc' dir='ltr'>λόγος</span> <span class='ocrx_word' id='word_1_350' title='bbox 2871 876 2986 943; x_wconf 69' lang='grc' dir='ltr'>ἅμα</span> <span class='ocrx_word' id='word_1_351' title='bbox 3016 877 3111 946; x_wconf 82' lang='grc' dir='ltr'><strong>μὲν</strong></span> <span class='ocrx_word' id='word_1_352' title='bbox 3136 874 3366 947; x_wconf 70' lang='grc' dir='ltr'>ἐρρήθη,</span> <span class='ocrx_word' id='word_1_353' title='bbox 3393 872 3511 939; x_wconf 72' lang='grc' dir='ltr'>ἅμα</span> <span class='ocrx_word' id='word_1_354' title='bbox 3553 935 3579 961; x_wconf 63' lang='lat'><em>.</em></span> 
     </span>
    </p>
   </div>
   <div class='ocr_carea' id='block_1_51' title="bbox 1929 965 3512 1044">
    <p class='ocr_par' dir='ltr' id='par_1_51' title="bbox 1929 965 3512 1044">
     <span class='ocr_line' id='line_1_51' title="bbox 1929 965 3512 1044; baseline -0.011 -14"><span class='ocrx_word' id='word_1_355' title='bbox 1929 977 1985 1030; x_wconf 76' lang='grc' dir='ltr'><strong>δὲ</strong></span> <span class='ocrx_word' id='word_1_356' title='bbox 2047 978 2140 1028; x_wconf 72' lang='grc' dir='ltr'><strong>καὶ</strong></span> <span class='ocrx_word' id='word_1_357' title='bbox 2199 977 2296 1044; x_wconf 80' lang='grc' dir='ltr'><strong>τὴν</strong></span> <span class='ocrx_word' id='word_1_358' title='bbox 2343 972 2496 1026; x_wconf 80' lang='grc' dir='ltr'>πόλιν</span> <span class='ocrx_word' id='word_1_359' title='bbox 2541 969 2992 1040; x_wconf 74' lang='grc' dir='ltr'>περιελάμϐανεν.</span> <span class='ocrx_word' id='word_1_360' title='bbox 3075 965 3512 1035; x_wconf 80' lang='grc' dir='ltr'>Ἐκπηδήσαντες</span> 
     </span>
    </p>
   </div>
   <div class='ocr_carea' id='block_1_52' title="bbox 1923 1055 3509 1138">
    <p class='ocr_par' dir='ltr' id='par_1_52' title="bbox 1923 1055 3509 1138">
     <span class='ocr_line' id='line_1_52' title="bbox 1923 1055 3509 1138; baseline -0.011 -16"><span class='ocrx_word' id='word_1_361' title='bbox 1923 1068 2220 1138; x_wconf 79' lang='grc' dir='ltr'>τοιγαροῦν</span> <span class='ocrx_word' id='word_1_362' title='bbox 2245 1066 2356 1119; x_wconf 84' lang='grc' dir='ltr'><strong>τῶν</strong></span> <span class='ocrx_word' id='word_1_363' title='bbox 2384 1063 2593 1124; x_wconf 85' lang='grc' dir='ltr'>οίκιῶν,</span> <span class='ocrx_word' id='word_1_364' title='bbox 2625 1060 2805 1122; x_wconf 89' lang='grc' dir='ltr'>καθὼς</span> <span class='ocrx_word' id='word_1_365' title='bbox 2825 1059 3056 1120; x_wconf 78' lang='grc' dir='ltr'>ἕκαστος</span> <span class='ocrx_word' id='word_1_366' title='bbox 3110 1057 3247 1126; x_wconf 82' lang='grc' dir='ltr'>ἔχων</span> <span class='ocrx_word' id='word_1_367' title='bbox 3290 1055 3509 1124; x_wconf 81' lang='grc' dir='ltr'>εὑρέθη,</span> 
     </span>
    </p>
   </div>
   <div class='ocr_carea' id='block_1_53' title="bbox 1932 1145 3516 1227">
    <p class='ocr_par' dir='ltr' id='par_1_53' title="bbox 1932 1145 3516 1227">
     <span class='ocr_line' id='line_1_53' title="bbox 1932 1145 3516 1227; baseline -0.011 -15"><span class='ocrx_word' id='word_1_368' title='bbox 1932 1161 2144 1227; x_wconf 80' lang='grc' dir='ltr'>ἐξέθεον</span> <span class='ocrx_word' id='word_1_369' title='bbox 2172 1158 2522 1217; x_wconf 76' lang='grc' dir='ltr'>ἀσυντάκτως</span> <span class='ocrx_word' id='word_1_370' title='bbox 2544 1155 2686 1206; x_wconf 73' lang='grc' dir='ltr'>κατὰ</span> <span class='ocrx_word' id='word_1_371' title='bbox 2715 1152 2813 1213; x_wconf 83' lang='grc' dir='ltr'>τὰς</span> <span class='ocrx_word' id='word_1_372' title='bbox 2838 1150 3132 1220; x_wconf 70' lang='grc' dir='ltr'>ἁμφόδους,</span> <span class='ocrx_word' id='word_1_373' title='bbox 3158 1147 3251 1199; x_wconf 67' lang='grc' dir='ltr'><strong>καὶ</strong></span> <span class='ocrx_word' id='word_1_374' title='bbox 3307 1147 3355 1198; x_wconf 79' lang='lat' dir='ltr'><strong>oi</strong></span> <span class='ocrx_word' id='word_1_375' title='bbox 3413 1145 3516 1214; x_wconf 77' lang='grc' dir='ltr'><strong>μὲν</strong></span> 
     </span>
    </p>
   </div>
   <div class='ocr_carea' id='block_1_54' title="bbox 1933 1239 3512 1318">
    <p class='ocr_par' dir='ltr' id='par_1_54' title="bbox 1933 1239 3512 1318">
     <span class='ocr_line' id='line_1_54' title="bbox 1933 1239 3512 1318; baseline -0.009 -9"><span class='ocrx_word' id='word_1_376' title='bbox 1933 1256 2109 1317; x_wconf 77' lang='grc' dir='ltr'>ἔνθεν,</span> <span class='ocrx_word' id='word_1_377' title='bbox 2135 1254 2182 1306; x_wconf 88' lang='grc' dir='ltr'><strong>οί</strong></span> <span class='ocrx_word' id='word_1_378' title='bbox 2222 1252 2265 1304; x_wconf 84' lang='grc' dir='ltr'><strong>δ’</strong></span> <span class='ocrx_word' id='word_1_379' title='bbox 2292 1250 2499 1304; x_wconf 83' lang='grc' dir='ltr'>ἐκεῖθεν</span> <span class='ocrx_word' id='word_1_380' title='bbox 2521 1247 2808 1318; x_wconf 79' lang='grc' dir='ltr'>φερόμενοι</span> <span class='ocrx_word' id='word_1_381' title='bbox 2844 1241 3092 1311; x_wconf 75' lang='grc' dir='ltr'>ἀλλήλοις</span> <span class='ocrx_word' id='word_1_382' title='bbox 3122 1239 3512 1311; x_wconf 78' lang='grc' dir='ltr'>προσέπιπτον.</span> 
     </span>
    </p>
   </div>
   <div class='ocr_carea' id='block_1_55' title="bbox 1933 1330 3508 1404">
    <p class='ocr_par' dir='ltr' id='par_1_55' title="bbox 1933 1330 3508 1404">
     <span class='ocr_line' id='line_1_55' title="bbox 1933 1330 3508 1404; baseline -0.011 -3"><span class='ocrx_word' id='word_1_383' title='bbox 1933 1345 2042 1400; x_wconf 82' lang='grc' dir='ltr'><strong>ἿΙν</strong></span> <span class='ocrx_word' id='word_1_384' title='bbox 2075 1346 2242 1399; x_wconf 76' lang='grc' dir='ltr'>δὲκαὶ</span> <span class='ocrx_word' id='word_1_385' title='bbox 2265 1342 2474 1404; x_wconf 82' lang='grc' dir='ltr'>τούτοις</span> <span class='ocrx_word' id='word_1_386' title='bbox 2513 1338 2784 1400; x_wconf 79' lang='grc' dir='ltr'>κάκείνοις</span> <span class='ocrx_word' id='word_1_387' title='bbox 2818 1330 2898 1399; x_wconf 79' lang='grc' dir='ltr'><strong>εἷς</strong></span> <span class='ocrx_word' id='word_1_388' title='bbox 2933 1336 3026 1388; x_wconf 77' lang='grc' dir='ltr'><strong>καὶ</strong></span> <span class='ocrx_word' id='word_1_389' title='bbox 3065 1335 3092 1386; x_wconf 87' lang='grc' dir='ltr'><strong>ό</strong></span> <span class='ocrx_word' id='word_1_390' title='bbox 3124 1331 3291 1394; x_wconf 77' lang='grc' dir='ltr'>αὐτὸς</span> <span class='ocrx_word' id='word_1_391' title='bbox 3322 1332 3508 1392; x_wconf 82' lang='grc' dir='ltr'>πόνος.</span> 
     </span>
    </p>
   </div>
   <div class='ocr_carea' id='block_1_56' title="bbox 1937 1424 3516 1508">
    <p class='ocr_par' dir='ltr' id='par_1_56' title="bbox 1937 1424 3516 1508">
     <span class='ocr_line' id='line_1_56' title="bbox 1937 1424 3516 1508; baseline -0.013 -15"><span class='ocrx_word' id='word_1_392' title='bbox 1937 1440 2045 1494; x_wconf 82' lang='grc' dir='ltr'><strong>Καὶ</strong></span> <span class='ocrx_word' id='word_1_393' title='bbox 2077 1438 2261 1508; x_wconf 80' lang='grc' dir='ltr'>ὥσπερ</span> <span class='ocrx_word' id='word_1_394' title='bbox 2289 1434 2429 1489; x_wconf 80' lang='grc' dir='ltr'>κατὰ</span> <span class='ocrx_word' id='word_1_395' title='bbox 2478 1431 2643 1486; x_wconf 77' lang='grc' dir='ltr'>νώτου</span> <span class='ocrx_word' id='word_1_396' title='bbox 2693 1430 2784 1483; x_wconf 69' lang='grc' dir='ltr'>καὶ</span> <span class='ocrx_word' id='word_1_397' title='bbox 2829 1425 3158 1496; x_wconf 78' lang='grc' dir='ltr'>ἀμφοτέροις</span> <span class='ocrx_word' id='word_1_398' title='bbox 3204 1424 3516 1490; x_wconf 78' lang='grc' dir='ltr'>ἐπείγοντος</span> 
     </span>
    </p>
   </div>
   <div class='ocr_carea' id='block_1_57' title="bbox 1937 1516 3518 1597">
    <p class='ocr_par' dir='ltr' id='par_1_57' title="bbox 1937 1516 3518 1597">
     <span class='ocr_line' id='line_1_57' title="bbox 1937 1516 3518 1597; baseline -0.014 -12"><span class='ocrx_word' id='word_1_399' title='bbox 1937 1531 2030 1584; x_wconf 82' lang='grc' dir='ltr'>τοῦ</span> <span class='ocrx_word' id='word_1_400' title='bbox 2060 1528 2226 1584; x_wconf 78' lang='grc' dir='ltr'>κακοῦ</span> <span class='ocrx_word' id='word_1_401' title='bbox 2256 1523 2645 1597; x_wconf 80' lang='grc' dir='ltr'>συγκρούοντες</span> <span class='ocrx_word' id='word_1_402' title='bbox 2667 1521 2935 1590; x_wconf 78' lang='grc' dir='ltr'>ἀλλήλοις,</span> <span class='ocrx_word' id='word_1_403' title='bbox 2975 1519 3157 1584; x_wconf 74' lang='grc' dir='ltr'>ἅτεροι</span> <span class='ocrx_word' id='word_1_404' title='bbox 3213 1516 3272 1580; x_wconf 82' lang='grc' dir='ltr'>ἐξ</span> <span class='ocrx_word' id='word_1_405' title='bbox 3316 1516 3518 1584; x_wconf 83' lang='grc' dir='ltr'>ἐτέρων</span> 
     </span>
    </p>
   </div>
   <div class='ocr_carea' id='block_1_58' title="bbox 1941 1605 3520 1693">
    <p class='ocr_par' dir='ltr' id='par_1_58' title="bbox 1941 1605 3520 1693">
     <span class='ocr_line' id='line_1_58' title="bbox 1941 1605 3520 1693; baseline -0.012 -18"><span class='ocrx_word' id='word_1_406' title='bbox 1941 1620 2226 1693; x_wconf 76' lang='grc' dir='ltr'>μανθάνειν</span> <span class='ocrx_word' id='word_1_407' title='bbox 2248 1617 2435 1689; x_wconf 73' lang='grc' dir='ltr'>ἤθελον</span> <span class='ocrx_word' id='word_1_408' title='bbox 2469 1617 2552 1677; x_wconf 90' lang='grc' dir='ltr'><strong>τίς</strong></span> <span class='ocrx_word' id='word_1_409' title='bbox 2577 1617 2609 1682; x_wconf 82' lang='grc' dir='ltr'>ἠ</span> <span class='ocrx_word' id='word_1_410' title='bbox 2637 1613 2816 1683; x_wconf 82' lang='grc' dir='ltr'>φήμη,</span> <span class='ocrx_word' id='word_1_411' title='bbox 2850 1611 2943 1664; x_wconf 64' lang='grc' dir='ltr'><strong>κα)⁸</strong></span> <span class='ocrx_word' id='word_1_412' title='bbox 2990 1611 3037 1662; x_wconf 85' lang='grc' dir='ltr'><strong>εί</strong></span> <span class='ocrx_word' id='word_1_413' title='bbox 3071 1608 3244 1678; x_wconf 84' lang='grc' dir='ltr'>ἀληθῆ</span> <span class='ocrx_word' id='word_1_414' title='bbox 3271 1607 3336 1660; x_wconf 82' lang='grc' dir='ltr'><strong>τά</strong></span> <span class='ocrx_word' id='word_1_415' title='bbox 3364 1605 3520 1673; x_wconf 84' lang='grc' dir='ltr'>λεγό-</span> 
     </span>
    </p>
   </div>
   <div class='ocr_carea' id='block_1_59' title="bbox 1941 1696 3516 1782">
    <p class='ocr_par' dir='ltr' id='par_1_59' title="bbox 1941 1696 3516 1782">
     <span class='ocr_line' id='line_1_59' title="bbox 1941 1696 3516 1782; baseline -0.011 -16"><span class='ocrx_word' id='word_1_416' title='bbox 1941 1731 2097 1782; x_wconf 88' lang='grc' dir='ltr'>μενα.</span> <span class='ocrx_word' id='word_1_417' title='bbox 2120 1709 2259 1764; x_wconf 76' lang='grc' dir='ltr'>Οὔτε</span> <span class='ocrx_word' id='word_1_418' title='bbox 2290 1709 2334 1761; x_wconf 79' lang='grc' dir='ltr'><strong>δ’</strong></span> <span class='ocrx_word' id='word_1_419' title='bbox 2356 1703 2500 1761; x_wconf 69' lang='grc' dir='ltr'>οὗτοι</span> <span class='ocrx_word' id='word_1_420' title='bbox 2521 1705 2633 1759; x_wconf 69' lang='grc' dir='ltr'>οὔτ’</span> <span class='ocrx_word' id='word_1_421' title='bbox 2668 1707 2863 1756; x_wconf 83' lang='grc' dir='ltr'>ἐκεῖνοι</span> <span class='ocrx_word' id='word_1_422' title='bbox 2891 1701 3146 1770; x_wconf 75' lang='grc' dir='ltr'>ἀσφαλῶς</span> <span class='ocrx_word' id='word_1_423' title='bbox 3198 1697 3342 1768; x_wconf 77' lang='grc' dir='ltr'>εἶχον</span> <span class='ocrx_word' id='word_1_424' title='bbox 3371 1696 3516 1767; x_wconf 79' lang='grc' dir='ltr'>φρά-</span> 
     </span>
    </p>
   </div>
   <div class='ocr_carea' id='block_1_60' title="bbox 1942 1789 3513 1874">
    <p class='ocr_par' dir='ltr' id='par_1_60' title="bbox 1942 1789 3513 1874">
     <span class='ocr_line' id='line_1_60' title="bbox 1942 1789 3513 1874; baseline -0.011 -16"><span class='ocrx_word' id='word_1_425' title='bbox 1942 1806 2073 1870; x_wconf 81' lang='grc' dir='ltr'>ζειν,</span> <span class='ocrx_word' id='word_1_426' title='bbox 2106 1804 2240 1874; x_wconf 78' lang='grc' dir='ltr'>πλὴν</span> <span class='ocrx_word' id='word_1_427' title='bbox 2269 1801 2362 1856; x_wconf 83' lang='grc' dir='ltr'>τοῦ</span> <span class='ocrx_word' id='word_1_428' title='bbox 2396 1799 2567 1871; x_wconf 80' lang='grc' dir='ltr'>ἀληθῆ</span> <span class='ocrx_word' id='word_1_429' title='bbox 2594 1793 2730 1852; x_wconf 72' lang='grc' dir='ltr'>εἶναι</span> <span class='ocrx_word' id='word_1_430' title='bbox 2779 1797 2949 1850; x_wconf 81' lang='grc' dir='ltr'>ταῦτα</span> <span class='ocrx_word' id='word_1_431' title='bbox 2983 1793 3289 1864; x_wconf 79' lang='grc' dir='ltr'>συμφώνως</span> <span class='ocrx_word' id='word_1_432' title='bbox 3339 1789 3513 1844; x_wconf 55' lang='grc' dir='ltr'>ἁπαν-</span> 
     </span>
    </p>
   </div>
   <div class='ocr_carea' id='block_1_61' title="bbox 1937 1879 3516 1965">
    <p class='ocr_par' dir='ltr' id='par_1_61' title="bbox 1937 1879 3516 1965">
     <span class='ocr_line' id='line_1_61' title="bbox 1937 1879 3516 1965; baseline -0.011 -16"><span class='ocrx_word' id='word_1_433' title='bbox 1937 1913 2042 1949; x_wconf 93' lang='grc' dir='ltr'><strong>των</strong></span> <span class='ocrx_word' id='word_1_434' title='bbox 2082 1891 2507 1965; x_wconf 74' lang='grc' dir='ltr'>ίσχυριζομένων</span> <span class='ocrx_word' id='word_1_435' title='bbox 2564 1890 2645 1952; x_wconf 89' lang='grc' dir='ltr'><strong>είς</strong></span> <span class='ocrx_word' id='word_1_436' title='bbox 2701 1886 2876 1940; x_wconf 74' lang='grc' dir='ltr'>τοῦτο.</span> <span class='ocrx_word' id='word_1_437' title='bbox 2939 1886 3045 1937; x_wconf 77' lang='grc' dir='ltr'>Καὶ</span> <span class='ocrx_word' id='word_1_438' title='bbox 3098 1883 3328 1944; x_wconf 73' lang='grc' dir='ltr'>ἕκαστος</span> <span class='ocrx_word' id='word_1_439' title='bbox 3386 1879 3516 1950; x_wconf 74' lang='grc' dir='ltr'>περὶ</span> 
     </span>
    </p>
   </div>
   <div class='ocr_carea' id='block_1_62' title="bbox 1935 1973 3519 2056">
    <p class='ocr_par' dir='ltr' id='par_1_62' title="bbox 1935 1973 3519 2056">
     <span class='ocr_line' id='line_1_62' title="bbox 1935 1973 3519 2056; baseline -0.009 -16"><span class='ocrx_word' id='word_1_440' title='bbox 1935 1987 2111 2056; x_wconf 61' lang='grc' dir='ltr'>ἐαυτῷ</span> <span class='ocrx_word' id='word_1_441' title='bbox 2157 1984 2475 2055; x_wconf 71' lang='grc' dir='ltr'>ἀμφιϐόλως</span> <span class='ocrx_word' id='word_1_442' title='bbox 2512 1981 2648 2052; x_wconf 78' lang='grc' dir='ltr'>ἔχων</span> <span class='ocrx_word' id='word_1_443' title='bbox 2696 1979 2758 2032; x_wconf 88' lang='grc' dir='ltr'>τδ</span> <span class='ocrx_word' id='word_1_444' title='bbox 2795 1977 3082 2042; x_wconf 76' lang='grc' dir='ltr'>σώζεσθαι,</span> <span class='ocrx_word' id='word_1_445' title='bbox 3132 1973 3519 2044; x_wconf 77' lang='grc' dir='ltr'>ἀναμφιϐόλως</span> 
     </span>
    </p>
   </div>
   <div class='ocr_carea' id='block_1_63' title="bbox 1935 2062 3516 2150">
    <p class='ocr_par' dir='ltr' id='par_1_63' title="bbox 1935 2062 3516 2150">
     <span class='ocr_line' id='line_1_63' title="bbox 1935 2062 3516 2150; baseline -0.01 -17"><span class='ocrx_word' id='word_1_446' title='bbox 1935 2076 2048 2150; x_wconf 74' lang='grc' dir='ltr'>εἷχε</span> <span class='ocrx_word' id='word_1_447' title='bbox 2074 2080 2200 2149; x_wconf 75' lang='grc' dir='ltr'>περὶ</span> <span class='ocrx_word' id='word_1_448' title='bbox 2230 2077 2325 2148; x_wconf 82' lang='grc' dir='ltr'><strong>τὴν</strong></span> <span class='ocrx_word' id='word_1_449' title='bbox 2356 2075 2563 2146; x_wconf 81' lang='grc' dir='ltr'>φήμην.</span> <span class='ocrx_word' id='word_1_450' title='bbox 2599 2075 2687 2127; x_wconf 86' lang='grc' dir='ltr'>Ἐν</span> <span class='ocrx_word' id='word_1_451' title='bbox 2710 2073 2818 2142; x_wconf 84' lang='grc' dir='ltr'>ὅσῳ</span> <span class='ocrx_word' id='word_1_452' title='bbox 2847 2071 2902 2124; x_wconf 81' lang='grc' dir='ltr'><strong>δὲ</strong></span> <span class='ocrx_word' id='word_1_453' title='bbox 2928 2070 3078 2123; x_wconf 75' lang='grc' dir='ltr'>ταῦτ’</span> <span class='ocrx_word' id='word_1_454' title='bbox 3097 2068 3322 2128; x_wconf 85' lang='grc' dir='ltr'>ἐκείνοις</span> <span class='ocrx_word' id='word_1_455' title='bbox 3353 2062 3516 2137; x_wconf 68' lang='grc' dir='ltr'>ἦσαν,</span> 
     </span>
    </p>
   </div>
   <div class='ocr_carea' id='block_1_64' title="bbox 1933 2161 3518 2237">
    <p class='ocr_par' dir='ltr' id='par_1_64' title="bbox 1933 2161 3518 2237">
     <span class='ocr_line' id='line_1_64' title="bbox 1933 2161 3518 2237; baseline -0.009 -13"><span class='ocrx_word' id='word_1_456' title='bbox 1933 2172 2160 2224; x_wconf 78' lang='grc' dir='ltr'>κα;όπιν</span> <span class='ocrx_word' id='word_1_457' title='bbox 2213 2170 2360 2223; x_wconf 75' lang='grc' dir='ltr'>ἄλλοι</span> <span class='ocrx_word' id='word_1_458' title='bbox 2408 2169 2756 2237; x_wconf 75' lang='grc' dir='ltr'>ἐκτρέχοντες</span> <span class='ocrx_word' id='word_1_459' title='bbox 2782 2161 3120 2234; x_wconf 73' lang='grc' dir='ltr'>ἐτραγῴδουν</span> <span class='ocrx_word' id='word_1_460' title='bbox 3151 2162 3247 2221; x_wconf 89' lang='grc' dir='ltr'><strong>τάς</strong></span> <span class='ocrx_word' id='word_1_461' title='bbox 3307 2175 3518 2228; x_wconf 66' lang='grc' dir='ltr'>συμφο-</span> 
     </span>
    </p>
   </div>
   <div class='ocr_carea' id='block_1_65' title="bbox 1939 2251 3518 2332">
    <p class='ocr_par' dir='ltr' id='par_1_65' title="bbox 1939 2251 3518 2332">
     <span class='ocr_line' id='line_1_65' title="bbox 1939 2251 3518 2332; baseline -0.009 -16"><span class='ocrx_word' id='word_1_462' title='bbox 1939 2263 2057 2332; x_wconf 76' lang='grc' dir='ltr'><strong>ράς,</strong></span> <span class='ocrx_word' id='word_1_463' title='bbox 2093 2262 2185 2316; x_wconf 73' lang='grc' dir='ltr'>καὶ</span> <span class='ocrx_word' id='word_1_464' title='bbox 2225 2263 2444 2324; x_wconf 70' lang='grc' dir='ltr'>οἰκείοις</span> <span class='ocrx_word' id='word_1_465' title='bbox 2485 2260 2668 2328; x_wconf 72' lang='grc' dir='ltr'>ἔλεγον</span> <span class='ocrx_word' id='word_1_466' title='bbox 2721 2257 3016 2328; x_wconf 75' lang='grc' dir='ltr'>ὀφθαλμοῖς</span> <span class='ocrx_word' id='word_1_467' title='bbox 3047 2253 3332 2307; x_wconf 78' lang='grc' dir='ltr'>τεθεᾶσθαι</span> <span class='ocrx_word' id='word_1_468' title='bbox 3392 2251 3518 2313; x_wconf 79' lang='grc' dir='ltr'>τοὺς</span> 
     </span>
    </p>
   </div>
   <div class='ocr_carea' id='block_1_66' title="bbox 1939 2342 3513 2423">
    <p class='ocr_par' dir='ltr' id='par_1_66' title="bbox 1939 2342 3513 2423">
     <span class='ocr_line' id='line_1_66' title="bbox 1939 2342 3513 2423; baseline -0.008 -17"><span class='ocrx_word' id='word_1_469' title='bbox 1939 2355 2189 2417; x_wconf 77' lang='grc' dir='ltr'>ἐπιόντας</span> <span class='ocrx_word' id='word_1_470' title='bbox 2217 2353 2308 2407; x_wconf 80' lang='grc' dir='ltr'><strong>τὸν</strong></span> <span class='ocrx_word' id='word_1_471' title='bbox 2339 2353 2733 2423; x_wconf 81' lang='grc' dir='ltr'>ἐντυγχάνοντα</span> <span class='ocrx_word' id='word_1_472' title='bbox 2764 2351 2915 2419; x_wconf 86' lang='grc' dir='ltr'>σφίσι</span> <span class='ocrx_word' id='word_1_473' title='bbox 2946 2347 3175 2420; x_wconf 73' lang='grc' dir='ltr'>μεληδὸν</span> <span class='ocrx_word' id='word_1_474' title='bbox 3199 2342 3513 2411; x_wconf 77' lang='grc' dir='ltr'>κατασφάτ-</span> 
     </span>
    </p>
   </div>
   <div class='ocr_carea' id='block_1_67' title="bbox 1935 2433 3517 2510">
    <p class='ocr_par' dir='ltr' id='par_1_67' title="bbox 1935 2433 3517 2510">
     <span class='ocr_line' id='line_1_67' title="bbox 1935 2433 3517 2510; baseline -0.009 -14"><span class='ocrx_word' id='word_1_475' title='bbox 1935 2459 2144 2507; x_wconf 84' lang='grc' dir='ltr'>τοντας,</span> <span class='ocrx_word' id='word_1_476' title='bbox 2167 2443 2241 2507; x_wconf 80' lang='grc' dir='ltr'><strong>ὡς</strong></span> <span class='ocrx_word' id='word_1_477' title='bbox 2266 2437 2407 2498; x_wconf 71' lang='grc' dir='ltr'>εἶναι</span> <span class='ocrx_word' id='word_1_478' title='bbox 2435 2443 2531 2510; x_wconf 81' lang='grc' dir='ltr'><strong>τὴν</strong></span> <span class='ocrx_word' id='word_1_479' title='bbox 2570 2441 2795 2494; x_wconf 76' lang='grc' dir='ltr'>ἐκείνων</span> <span class='ocrx_word' id='word_1_480' title='bbox 2812 2438 2942 2493; x_wconf 88' lang='grc' dir='ltr'>θέαν</span> <span class='ocrx_word' id='word_1_481' title='bbox 2981 2437 3097 2506; x_wconf 73' lang='grc' dir='ltr'><strong>ἅμα</strong></span> <span class='ocrx_word' id='word_1_482' title='bbox 3137 2434 3232 2488; x_wconf 74' lang='grc' dir='ltr'><strong>καὶ</strong></span> <span class='ocrx_word' id='word_1_483' title='bbox 3287 2433 3517 2485; x_wconf 83' lang='grc' dir='ltr'>θάνατον</span> 
     </span>
    </p>
   </div>
   <div class='ocr_carea' id='block_1_68' title="bbox 1934 2521 3518 2603">
    <p class='ocr_par' dir='ltr' id='par_1_68' title="bbox 1934 2521 3518 2603">
     <span class='ocr_line' id='line_1_68' title="bbox 1934 2521 3518 2603; baseline -0.01 -15"><span class='ocrx_word' id='word_1_484' title='bbox 1934 2533 2227 2601; x_wconf 69' lang='grc' dir='ltr'>οἴκτιστον,</span> <span class='ocrx_word' id='word_1_485' title='bbox 2269 2532 2380 2586; x_wconf 81' lang='grc' dir='ltr'>τῶν</span> <span class='ocrx_word' id='word_1_486' title='bbox 2427 2532 2646 2603; x_wconf 75' lang='grc' dir='ltr'>φόϐων,</span> <span class='ocrx_word' id='word_1_487' title='bbox 2675 2526 2850 2602; x_wconf 69' lang='grc' dir='ltr'>οἶμαι,</span> <span class='ocrx_word' id='word_1_488' title='bbox 2919 2525 3402 2582; x_wconf 78' lang='grc' dir='ltr'>είδωλοποιούντων</span> <span class='ocrx_word' id='word_1_489' title='bbox 3449 2521 3518 2573; x_wconf 71' lang='grc' dir='ltr'>τὰ</span> 
     </span>
    </p>
   </div>
   <div class='ocr_carea' id='block_1_69' title="bbox 1937 2615 3518 2695">
    <p class='ocr_par' dir='ltr' id='par_1_69' title="bbox 1937 2615 3518 2695">
     <span class='ocr_line' id='line_1_69' title="bbox 1937 2615 3518 2695; baseline -0.007 -19"><span class='ocrx_word' id='word_1_490' title='bbox 1937 2624 2082 2695; x_wconf 81' lang='grc' dir='ltr'>πάθη</span> <span class='ocrx_word' id='word_1_491' title='bbox 2123 2626 2216 2678; x_wconf 68' lang='grc' dir='ltr'><strong>καὶ</strong></span> <span class='ocrx_word' id='word_1_492' title='bbox 2246 2624 2580 2695; x_wconf 85' lang='grc' dir='ltr'>γρηγοροῦσι</span> <span class='ocrx_word' id='word_1_493' title='bbox 2631 2623 2726 2677; x_wconf 66' lang='grc' dir='ltr'><strong>καὶ</strong></span> <span class='ocrx_word' id='word_1_494' title='bbox 2763 2623 2830 2677; x_wconf 76' lang='grc' dir='ltr'>τὰ</span> <span class='ocrx_word' id='word_1_495' title='bbox 2875 2622 2951 2692; x_wconf 75' lang='grc' dir='ltr'>μὴ</span> <span class='ocrx_word' id='word_1_496' title='bbox 2994 2619 3122 2673; x_wconf 73' lang='grc' dir='ltr'>ὄντα</span> <span class='ocrx_word' id='word_1_497' title='bbox 3175 2615 3518 2670; x_wconf 81' lang='grc' dir='ltr'>πλαττόντων</span> 
     </span>
    </p>
   </div>
   <div class='ocr_carea' id='block_1_70' title="bbox 1935 2707 3512 2788">
    <p class='ocr_par' dir='ltr' id='par_1_70' title="bbox 1935 2707 3512 2788">
     <span class='ocr_line' id='line_1_70' title="bbox 1935 2707 3512 2788; baseline 0.001 -21"><span class='ocrx_word' id='word_1_498' title='bbox 1935 2716 2234 2788; x_wconf 78' lang='grc' dir='ltr'>ὀφθαλμοῖς</span> <span class='ocrx_word' id='word_1_499' title='bbox 2259 2717 2319 2770; x_wconf 87' lang='grc' dir='ltr'><strong>τὸ</strong></span> <span class='ocrx_word' id='word_1_500' title='bbox 2351 2716 2572 2770; x_wconf 84' lang='grc' dir='ltr'>ὀπτικὸν</span> <span class='ocrx_word' id='word_1_501' title='bbox 2601 2710 2972 2785; x_wconf 82' lang='grc' dir='ltr'>πλανωμένοις</span> <span class='ocrx_word' id='word_1_502' title='bbox 3001 2712 3093 2766; x_wconf 77' lang='grc' dir='ltr'>καὶ</span> <span class='ocrx_word' id='word_1_503' title='bbox 3123 2709 3222 2780; x_wconf 83' lang='grc' dir='ltr'>τῆς</span> <span class='ocrx_word' id='word_1_504' title='bbox 3252 2707 3512 2780; x_wconf 80' lang='grc' dir='ltr'>ἀληθείας</span> 
     </span>
    </p>
   </div>
   <div class='ocr_carea' id='block_1_71' title="bbox 1935 2883 3514 2963">
    <p class='ocr_par' dir='ltr' id='par_1_71' title="bbox 1935 2883 3514 2963">
     <span class='ocr_line' id='line_1_71' title="bbox 1935 2883 3514 2963; baseline -0.004 -15"><span class='ocrx_word' id='word_1_505' title='bbox 1935 2895 2036 2948; x_wconf 90' lang='lat' dir='ltr'><strong>hac</strong></span> <span class='ocrx_word' id='word_1_506' title='bbox 2069 2894 2288 2963; x_wconf 83' lang='lat' dir='ltr'><strong>quidem</strong></span> <span class='ocrx_word' id='word_1_507' title='bbox 2322 2891 2470 2946; x_wconf 85' lang='lat' dir='ltr'><strong>urbis</strong></span> <span class='ocrx_word' id='word_1_508' title='bbox 2527 2902 2700 2962; x_wconf 87' lang='lat' dir='ltr'><strong>parte,</strong></span> <span class='ocrx_word' id='word_1_509' title='bbox 2744 2891 2795 2945; x_wconf 92' lang='lat' dir='ltr'><strong>in</strong></span> <span class='ocrx_word' id='word_1_510' title='bbox 2837 2890 2926 2945; x_wconf 92' lang='lat' dir='ltr'><strong>illa</strong></span> <span class='ocrx_word' id='word_1_511' title='bbox 2959 2905 3088 2945; x_wconf 89' lang='lat' dir='ltr'><strong>vero</strong></span> <span class='ocrx_word' id='word_1_512' title='bbox 3117 2906 3246 2956; x_wconf 90' lang='lat' dir='ltr'><strong>non,</strong></span> <span class='ocrx_word' id='word_1_513' title='bbox 3281 2889 3373 2945; x_wconf 91' lang='lat' dir='ltr'><strong>sed</strong></span> <span class='ocrx_word' id='word_1_514' title='bbox 3394 2883 3514 2943; x_wconf 72' lang='lat' dir='ltr'><strong>late</strong></span> 
     </span>
    </p>
   </div>
   <div class='ocr_carea' id='block_1_72' title="bbox 1939 2982 3506 3052">
    <p class='ocr_par' dir='ltr' id='par_1_72' title="bbox 1939 2982 3506 3052">
     <span class='ocr_line' id='line_1_72' title="bbox 1939 2982 3506 3052; baseline 0.001 -19"><span class='ocrx_word' id='word_1_515' title='bbox 1939 2999 2033 3052; x_wconf 85' lang='lat' dir='ltr'><strong>per</strong></span> <span class='ocrx_word' id='word_1_516' title='bbox 2090 2985 2279 3038; x_wconf 88' lang='lat' dir='ltr'><strong>urbem</strong></span> <span class='ocrx_word' id='word_1_517' title='bbox 2345 2992 2512 3036; x_wconf 88' lang='lat' dir='ltr'><strong>totam</strong></span> <span class='ocrx_word' id='word_1_518' title='bbox 2558 2999 2664 3037; x_wconf 87' lang='lat' dir='ltr'><strong>uno</strong></span> <span class='ocrx_word' id='word_1_519' title='bbox 2726 2983 2928 3037; x_wconf 88' lang='lat' dir='ltr'><strong>circum</strong></span> <span class='ocrx_word' id='word_1_520' title='bbox 2988 2982 3226 3052; x_wconf 87' lang='lat' dir='ltr'><strong>undique</strong></span> <span class='ocrx_word' id='word_1_521' title='bbox 3292 2993 3506 3044; x_wconf 85' lang='lat' dir='ltr'><strong>tenore,</strong></span> 
     </span>
    </p>
   </div>
   <div class='ocr_carea' id='block_1_73' title="bbox 1937 3073 3512 3146">
    <p class='ocr_par' dir='ltr' id='par_1_73' title="bbox 1937 3073 3512 3146">
     <span class='ocr_line' id='line_1_73' title="bbox 1937 3073 3512 3146; baseline -0.001 -18"><span class='ocrx_word' id='word_1_522' title='bbox 1937 3087 2150 3146; x_wconf 78' lang='lat' dir='ltr'><strong>gentem</strong></span> <span class='ocrx_word' id='word_1_523' title='bbox 2185 3077 2556 3130; x_wconf 77' lang='lat' dir='ltr'><strong>Tochat&#39;urnm</strong></span> <span class='ocrx_word' id='word_1_524' title='bbox 2613 3074 2956 3140; x_wconf 79' lang='lat' dir='ltr'><strong>multitudine</strong></span> <span class='ocrx_word' id='word_1_525' title='bbox 2996 3073 3191 3127; x_wconf 80' lang='lat' dir='ltr'><strong>fretam</strong></span> <span class='ocrx_word' id='word_1_526' title='bbox 3227 3073 3512 3126; x_wconf 84' lang='lat' dir='ltr'><strong>trucidatis</strong></span> 
     </span>
    </p>
   </div>
   <div class='ocr_carea' id='block_1_74' title="bbox 1938 3165 3511 3240">
    <p class='ocr_par' dir='ltr' id='par_1_74' title="bbox 1938 3165 3511 3240">
     <span class='ocr_line' id='line_1_74' title="bbox 1938 3165 3511 3240; baseline -0.003 -17"><span class='ocrx_word' id='word_1_527' title='bbox 1938 3181 2102 3240; x_wconf 62' lang='lat' dir='ltr'><strong>portae</strong></span> <span class='ocrx_word' id='word_1_528' title='bbox 2138 3170 2450 3223; x_wconf 70' lang='lat' dir='ltr'><strong>custodibus</strong></span> <span class='ocrx_word' id='word_1_529' title='bbox 2481 3170 2530 3219; x_wconf 90' lang='lat' dir='ltr'><strong>in</strong></span> <span class='ocrx_word' id='word_1_530' title='bbox 2565 3171 2836 3220; x_wconf 82' lang='lat' dir='ltr'><strong>civitatem</strong></span> <span class='ocrx_word' id='word_1_531' title='bbox 2872 3169 3134 3237; x_wconf 85' lang='lat' dir='ltr'><strong>irrupisse</strong></span> <span class='ocrx_word' id='word_1_532' title='bbox 3164 3165 3511 3234; x_wconf 85' lang='lat' dir='ltr'><strong>rapidissimo</strong></span> 
     </span>
    </p>
   </div>
   <div class='ocr_carea' id='block_1_75' title="bbox 1941 3258 3513 3328">
    <p class='ocr_par' dir='ltr' id='par_1_75' title="bbox 1941 3258 3513 3328">
     <span class='ocr_line' id='line_1_75' title="bbox 1941 3258 3513 3328; baseline -0.003 -12"><span class='ocrx_word' id='word_1_533' title='bbox 1941 3271 1994 3316; x_wconf 88' lang='lat' dir='ltr'><strong>et</strong></span> <span class='ocrx_word' id='word_1_534' title='bbox 2059 3263 2359 3315; x_wconf 79' lang='lat' dir='ltr'><strong>saevissimo</strong></span> <span class='ocrx_word' id='word_1_535' title='bbox 2399 3261 2558 3312; x_wconf 83' lang='lat' dir='ltr'><strong>simul</strong></span> <span class='ocrx_word' id='word_1_536' title='bbox 2611 3261 2835 3328; x_wconf 84' lang='lat' dir='ltr'><strong>impetu,</strong></span> <span class='ocrx_word' id='word_1_537' title='bbox 2891 3261 2961 3312; x_wconf 87' lang='lat' dir='ltr'><strong>ita</strong></span> <span class='ocrx_word' id='word_1_538' title='bbox 3025 3267 3081 3311; x_wconf 91' lang='lat' dir='ltr'><strong>ut</strong></span> <span class='ocrx_word' id='word_1_539' title='bbox 3147 3258 3345 3327; x_wconf 87' lang='lat' dir='ltr'><strong>passim</strong></span> <span class='ocrx_word' id='word_1_540' title='bbox 3382 3259 3513 3325; x_wconf 85' lang='lat' dir='ltr'><strong>ipsis</strong></span> 
     </span>
    </p>
   </div>
   <div class='ocr_carea' id='block_1_76' title="bbox 1942 3352 3516 3422">
    <p class='ocr_par' dir='ltr' id='par_1_76' title="bbox 1942 3352 3516 3422">
     <span class='ocr_line' id='line_1_76' title="bbox 1942 3352 3516 3422; baseline -0.004 -15"><span class='ocrx_word' id='word_1_541' title='bbox 1942 3353 2218 3422; x_wconf 90' lang='lat' dir='ltr'><strong>inopinato</strong></span> <span class='ocrx_word' id='word_1_542' title='bbox 2253 3352 2425 3405; x_wconf 79' lang='lat' dir='ltr'><strong>ubivis</strong></span> <span class='ocrx_word' id='word_1_543' title='bbox 2451 3363 2801 3405; x_wconf 81' lang='lat' dir='ltr'><strong>oecurrentes</strong></span> <span class='ocrx_word' id='word_1_544' title='bbox 2834 3360 3110 3405; x_wconf 86' lang='lat' dir='ltr'><strong>momento</strong></span> <span class='ocrx_word' id='word_1_545' title='bbox 3131 3353 3197 3404; x_wconf 83' lang='lat' dir='ltr'><strong>ab</strong></span> <span class='ocrx_word' id='word_1_546' title='bbox 3220 3352 3285 3404; x_wconf 79' lang='lat' dir='ltr'><strong>iis</strong></span> <span class='ocrx_word' id='word_1_547' title='bbox 3327 3352 3516 3403; x_wconf 88' lang='lat' dir='ltr'><strong>imma-</strong></span> 
     </span>
    </p>
   </div>
   <div class='ocr_carea' id='block_1_77' title="bbox 1942 3445 3516 3502">
    <p class='ocr_par' dir='ltr' id='par_1_77' title="bbox 1942 3445 3516 3502">
     <span class='ocr_line' id='line_1_77' title="bbox 1942 3445 3516 3502; baseline -0.003 -2"><span class='ocrx_word' id='word_1_548' title='bbox 1942 3447 2168 3502; x_wconf 89' lang='lat' dir='ltr'><strong>nissime</strong></span> <span class='ocrx_word' id='word_1_549' title='bbox 2199 3462 2390 3500; x_wconf 88' lang='lat' dir='ltr'><strong>omnes</strong></span> <span class='ocrx_word' id='word_1_550' title='bbox 2431 3446 2872 3502; x_wconf 83' lang='lat' dir='ltr'><strong>conciderentur.</strong></span> <span class='ocrx_word' id='word_1_551' title='bbox 2912 3447 2979 3499; x_wconf 86' lang='lat' dir='ltr'><strong>Et</strong></span> <span class='ocrx_word' id='word_1_552' title='bbox 3012 3461 3200 3498; x_wconf 88' lang='lat' dir='ltr'><strong>rumor</strong></span> <span class='ocrx_word' id='word_1_553' title='bbox 3237 3445 3322 3499; x_wconf 83' lang='lat' dir='ltr'><strong>hic</strong></span> <span class='ocrx_word' id='word_1_554' title='bbox 3354 3445 3516 3498; x_wconf 88' lang='lat' dir='ltr'><strong>simul</strong></span> 
     </span>
    </p>
   </div>
   <div class='ocr_carea' id='block_1_78' title="bbox 1940 3537 3516 3609">
    <p class='ocr_par' dir='ltr' id='par_1_78' title="bbox 1940 3537 3516 3609">
     <span class='ocr_line' id='line_1_78' title="bbox 1940 3537 3516 3609; baseline -0.003 -18"><span class='ocrx_word' id='word_1_555' title='bbox 1940 3540 2196 3609; x_wconf 79' lang='lat' dir='ltr'><strong>prolatus,</strong></span> <span class='ocrx_word' id='word_1_556' title='bbox 2240 3539 2400 3593; x_wconf 88' lang='lat' dir='ltr'><strong>simul</strong></span> <span class='ocrx_word' id='word_1_557' title='bbox 2430 3539 2737 3593; x_wconf 85' lang='lat' dir='ltr'><strong>universam</strong></span> <span class='ocrx_word' id='word_1_558' title='bbox 2772 3537 2976 3604; x_wconf 81' lang='lat' dir='ltr'><strong>pariter</strong></span> <span class='ocrx_word' id='word_1_559' title='bbox 3032 3537 3326 3606; x_wconf 80' lang='lat' dir='ltr'><strong>complevit</strong></span> <span class='ocrx_word' id='word_1_560' title='bbox 3366 3552 3516 3589; x_wconf 82' lang='lat' dir='ltr'><strong>com-</strong></span> 
     </span>
    </p>
   </div>
   <div class='ocr_carea' id='block_1_79' title="bbox 1941 3631 3516 3703">
    <p class='ocr_par' dir='ltr' id='par_1_79' title="bbox 1941 3631 3516 3703">
     <span class='ocr_line' id='line_1_79' title="bbox 1941 3631 3516 3703; baseline -0.003 -17"><span class='ocrx_word' id='word_1_561' title='bbox 1941 3633 2338 3703; x_wconf 86' lang='lat' dir='ltr'><strong>preltenditque</strong></span> <span class='ocrx_word' id='word_1_562' title='bbox 2397 3633 2694 3686; x_wconf 85' lang='lat' dir='ltr'><strong>civitatem.</strong></span> <span class='ocrx_word' id='word_1_563' title='bbox 2751 3631 3078 3686; x_wconf 84' lang='lat' dir='ltr'><strong>Exsilicntes</strong></span> <span class='ocrx_word' id='word_1_564' title='bbox 3139 3631 3309 3701; x_wconf 79' lang='lat' dir='ltr'><strong>igitur</strong></span> <span class='ocrx_word' id='word_1_565' title='bbox 3365 3641 3516 3683; x_wconf 78' lang='lat' dir='ltr'><strong>extra</strong></span> 
     </span>
    </p>
   </div>
   <div class='ocr_carea' id='block_1_80' title="bbox 1943 3723 3519 3794">
    <p class='ocr_par' dir='ltr' id='par_1_80' title="bbox 1943 3723 3519 3794">
     <span class='ocr_line' id='line_1_80' title="bbox 1943 3723 3519 3794; baseline -0.003 -14"><span class='ocrx_word' id='word_1_566' title='bbox 1943 3727 2132 3780; x_wconf 91' lang='lat' dir='ltr'><strong>domos</strong></span> <span class='ocrx_word' id='word_1_567' title='bbox 2183 3741 2246 3779; x_wconf 90' lang='lat' dir='ltr'><strong>eo</strong></span> <span class='ocrx_word' id='word_1_568' title='bbox 2293 3725 2522 3794; x_wconf 87' lang='lat' dir='ltr'><strong>quisque</strong></span> <span class='ocrx_word' id='word_1_569' title='bbox 2559 3725 2742 3777; x_wconf 89' lang='lat' dir='ltr'><strong>habitu</strong></span> <span class='ocrx_word' id='word_1_570' title='bbox 2779 3737 2882 3791; x_wconf 90' lang='lat' dir='ltr'><strong>quo</strong></span> <span class='ocrx_word' id='word_1_571' title='bbox 2943 3723 3033 3777; x_wconf 88' lang='lat' dir='ltr'><strong>illo</strong></span> <span class='ocrx_word' id='word_1_572' title='bbox 3076 3739 3254 3776; x_wconf 91' lang='lat' dir='ltr'><strong>rerum</strong></span> <span class='ocrx_word' id='word_1_573' title='bbox 3288 3723 3519 3777; x_wconf 85' lang='lat' dir='ltr'><strong>articulo</strong></span> 
     </span>
    </p>
   </div>
   <div class='ocr_carea' id='block_1_81' title="bbox 1941 3814 3516 3885">
    <p class='ocr_par' dir='ltr' id='par_1_81' title="bbox 1941 3814 3516 3885">
     <span class='ocr_line' id='line_1_81' title="bbox 1941 3814 3516 3885; baseline -0.002 -15"><span class='ocrx_word' id='word_1_574' title='bbox 1941 3829 2188 3885; x_wconf 78' lang='lat' dir='ltr'><strong>repertus</strong></span> <span class='ocrx_word' id='word_1_575' title='bbox 2230 3829 2332 3882; x_wconf 88' lang='lat' dir='ltr'><strong>est,</strong></span> <span class='ocrx_word' id='word_1_576' title='bbox 2369 3818 2752 3871; x_wconf 70' lang='lat' dir='ltr'><strong>discurrebant</strong></span> <span class='ocrx_word' id='word_1_577' title='bbox 2794 3814 3170 3870; x_wconf 70' lang='lat' dir='ltr'><strong>confusissime</strong></span> <span class='ocrx_word' id='word_1_578' title='bbox 3188 3831 3280 3883; x_wconf 89' lang='lat' dir='ltr'><strong>per</strong></span> <span class='ocrx_word' id='word_1_579' title='bbox 3311 3817 3426 3869; x_wconf 86' lang='lat' dir='ltr'><strong>vias</strong></span> <span class='ocrx_word' id='word_1_580' title='bbox 3463 3827 3516 3870; x_wconf 89' lang='lat' dir='ltr'><strong>et</strong></span> 
     </span>
    </p>
   </div>
   <div class='ocr_carea' id='block_1_82' title="bbox 1939 3907 3513 3978">
    <p class='ocr_par' dir='ltr' id='par_1_82' title="bbox 1939 3907 3513 3978">
     <span class='ocr_line' id='line_1_82' title="bbox 1939 3907 3513 3978; baseline -0.001 -16"><span class='ocrx_word' id='word_1_581' title='bbox 1939 3911 2278 3978; x_wconf 84' lang='lat' dir='ltr'><strong>angiportus,</strong></span> <span class='ocrx_word' id='word_1_582' title='bbox 2306 3921 2522 3964; x_wconf 88' lang='lat' dir='ltr'><strong>ruentes</strong></span> <span class='ocrx_word' id='word_1_583' title='bbox 2559 3910 2647 3962; x_wconf 91' lang='lat' dir='ltr'><strong>ille</strong></span> <span class='ocrx_word' id='word_1_584' title='bbox 2676 3909 2800 3974; x_wconf 74' lang='lat' dir='ltr'><strong>huc,</strong></span> <span class='ocrx_word' id='word_1_585' title='bbox 2825 3907 2913 3961; x_wconf 89' lang='lat' dir='ltr'><strong>hic</strong></span> <span class='ocrx_word' id='word_1_586' title='bbox 2950 3908 3095 3972; x_wconf 91' lang='lat' dir='ltr'><strong>illuc,</strong></span> <span class='ocrx_word' id='word_1_587' title='bbox 3124 3907 3262 3961; x_wconf 85' lang='lat' dir='ltr'><strong>alter</strong></span> <span class='ocrx_word' id='word_1_588' title='bbox 3299 3909 3348 3960; x_wconf 91' lang='lat' dir='ltr'><strong>in</strong></span> <span class='ocrx_word' id='word_1_589' title='bbox 3382 3907 3513 3960; x_wconf 81' lang='lat' dir='ltr'><strong>alte.-</strong></span> 
     </span>
    </p>
   </div>
   <div class='ocr_carea' id='block_1_83' title="bbox 1945 3999 3518 4071">
    <p class='ocr_par' dir='ltr' id='par_1_83' title="bbox 1945 3999 3518 4071">
     <span class='ocr_line' id='line_1_83' title="bbox 1945 3999 3518 4071; baseline -0.003 -15"><span class='ocrx_word' id='word_1_590' title='bbox 1945 4019 2064 4056; x_wconf 91' lang='lat' dir='ltr'><strong>rum</strong></span> <span class='ocrx_word' id='word_1_591' title='bbox 2100 4003 2403 4056; x_wconf 85' lang='lat' dir='ltr'><strong>incidentes</strong></span> <span class='ocrx_word' id='word_1_592' title='bbox 2428 4013 2612 4055; x_wconf 90' lang='lat' dir='ltr'><strong>mutuo</strong></span> <span class='ocrx_word' id='word_1_593' title='bbox 2643 4000 2855 4066; x_wconf 87' lang='lat' dir='ltr'><strong>collisu,</strong></span> <span class='ocrx_word' id='word_1_594' title='bbox 2882 3999 3068 4053; x_wconf 87' lang='lat' dir='ltr'><strong>labore</strong></span> <span class='ocrx_word' id='word_1_595' title='bbox 3100 4001 3360 4071; x_wconf 88' lang='lat' dir='ltr'><strong>utrinque</strong></span> <span class='ocrx_word' id='word_1_596' title='bbox 3389 4014 3518 4052; x_wconf 88' lang='lat' dir='ltr'><strong>con-</strong></span> 
     </span>
    </p>
   </div>
   <div class='ocr_carea' id='block_1_84' title="bbox 1943 4092 3520 4162">
    <p class='ocr_par' dir='ltr' id='par_1_84' title="bbox 1943 4092 3520 4162">
     <span class='ocr_line' id='line_1_84' title="bbox 1943 4092 3520 4162; baseline -0.004 -15"><span class='ocrx_word' id='word_1_597' title='bbox 1943 4095 2130 4156; x_wconf 89' lang='lat' dir='ltr'><strong>trario,</strong></span> <span class='ocrx_word' id='word_1_598' title='bbox 2188 4095 2279 4148; x_wconf 83' lang='lat' dir='ltr'><strong>sed</strong></span> <span class='ocrx_word' id='word_1_599' title='bbox 2337 4094 2580 4162; x_wconf 77' lang='lat' dir='ltr'><strong>pari;in</strong></span> <span class='ocrx_word' id='word_1_600' title='bbox 2627 4107 2784 4161; x_wconf 85' lang='lat' dir='ltr'><strong>quem</strong></span> <span class='ocrx_word' id='word_1_601' title='bbox 2850 4092 2968 4146; x_wconf 83' lang='lat' dir='ltr'><strong>illos</strong></span> <span class='ocrx_word' id='word_1_602' title='bbox 3026 4093 3276 4146; x_wconf 86' lang='lat' dir='ltr'><strong>trudebat</strong></span> <span class='ocrx_word' id='word_1_603' title='bbox 3336 4092 3520 4160; x_wconf 82' lang='lat' dir='ltr'><strong>opinio</strong></span> 
     </span>
    </p>
   </div>
   <div class='ocr_carea' id='block_1_85' title="bbox 1939 4184 3521 4256">
    <p class='ocr_par' dir='ltr' id='par_1_85' title="bbox 1939 4184 3521 4256">
     <span class='ocr_line' id='line_1_85' title="bbox 1939 4184 3521 4256; baseline -0.001 -15"><span class='ocrx_word' id='word_1_604' title='bbox 1939 4187 2136 4256; x_wconf 90' lang='lat' dir='ltr'><strong>cuique</strong></span> <span class='ocrx_word' id='word_1_605' title='bbox 2175 4188 2432 4241; x_wconf 87' lang='lat' dir='ltr'><strong>instantis</strong></span> <span class='ocrx_word' id='word_1_606' title='bbox 2463 4203 2490 4239; x_wconf 90' lang='lat' dir='ltr'><strong>a</strong></span> <span class='ocrx_word' id='word_1_607' title='bbox 2552 4197 2699 4255; x_wconf 83' lang='lat' dir='ltr'><strong>tergo</strong></span> <span class='ocrx_word' id='word_1_608' title='bbox 2764 4186 2911 4240; x_wconf 89' lang='lat' dir='ltr'><strong>tnali.</strong></span> <span class='ocrx_word' id='word_1_609' title='bbox 2950 4186 3028 4239; x_wconf 83' lang='lat' dir='ltr'><strong>Ac</strong></span> <span class='ocrx_word' id='word_1_610' title='bbox 3058 4200 3178 4240; x_wconf 92' lang='lat' dir='ltr'><strong>sese</strong></span> <span class='ocrx_word' id='word_1_611' title='bbox 3244 4184 3521 4253; x_wconf 85' lang='lat' dir='ltr'><strong>pulsantes</strong></span> 
     </span>
    </p>
   </div>
   <div class='ocr_carea' id='block_1_86' title="bbox 1938 4277 3516 4351">
    <p class='ocr_par' dir='ltr' id='par_1_86' title="bbox 1938 4277 3516 4351">
     <span class='ocr_line' id='line_1_86' title="bbox 1938 4277 3516 4351; baseline -0.004 -15"><span class='ocrx_word' id='word_1_612' title='bbox 1938 4280 2399 4351; x_wconf 78' lang='lat' dir='ltr'><strong>percontabantur</strong></span> <span class='ocrx_word' id='word_1_613' title='bbox 2426 4297 2544 4348; x_wconf 74' lang='lat' dir='ltr'><strong>qua:</strong></span> <span class='ocrx_word' id='word_1_614' title='bbox 2573 4280 2689 4334; x_wconf 71' lang='lat' dir='ltr'><strong>bam</strong></span> <span class='ocrx_word' id='word_1_615' title='bbox 2716 4287 2860 4333; x_wconf 82' lang='lat' dir='ltr'><strong>esset</strong></span> <span class='ocrx_word' id='word_1_616' title='bbox 2892 4277 3054 4342; x_wconf 87' lang='lat' dir='ltr'><strong>fama,</strong></span> <span class='ocrx_word' id='word_1_617' title='bbox 3085 4287 3138 4332; x_wconf 91' lang='lat' dir='ltr'><strong>et</strong></span> <span class='ocrx_word' id='word_1_618' title='bbox 3173 4279 3364 4347; x_wconf 88' lang='lat' dir='ltr'><strong>ecquid</strong></span> <span class='ocrx_word' id='word_1_619' title='bbox 3388 4292 3516 4330; x_wconf 81' lang='lat' dir='ltr'><strong>vera</strong></span> 
     </span>
    </p>
   </div>
   <div class='ocr_carea' id='block_1_87' title="bbox 1938 4369 3518 4440">
    <p class='ocr_par' dir='ltr' id='par_1_87' title="bbox 1938 4369 3518 4440">
     <span class='ocr_line' id='line_1_87' title="bbox 1938 4369 3518 4440; baseline -0.008 -10"><span class='ocrx_word' id='word_1_620' title='bbox 1938 4386 2316 4430; x_wconf 88' lang='lat' dir='ltr'><strong>narrarentur.</strong></span> <span class='ocrx_word' id='word_1_621' title='bbox 2371 4373 2540 4428; x_wconf 88' lang='lat' dir='ltr'><strong>Porro</strong></span> <span class='ocrx_word' id='word_1_622' title='bbox 2609 4387 2780 4440; x_wconf 88' lang='lat' dir='ltr'><strong>neque</strong></span> <span class='ocrx_word' id='word_1_623' title='bbox 2840 4371 2892 4424; x_wconf 91' lang='lat' dir='ltr'><strong>hi</strong></span> <span class='ocrx_word' id='word_1_624' title='bbox 2952 4386 3125 4440; x_wconf 89' lang='lat' dir='ltr'><strong>neque</strong></span> <span class='ocrx_word' id='word_1_625' title='bbox 3171 4369 3244 4423; x_wconf 90' lang='lat' dir='ltr'><strong>illi</strong></span> <span class='ocrx_word' id='word_1_626' title='bbox 3310 4380 3518 4424; x_wconf 86' lang='lat' dir='ltr'><strong>certum</strong></span> 
     </span>
    </p>
   </div>
   <div class='ocr_carea' id='block_1_88' title="bbox 1940 4464 3520 4538">
    <p class='ocr_par' dir='ltr' id='par_1_88' title="bbox 1940 4464 3520 4538">
     <span class='ocr_line' id='line_1_88' title="bbox 1940 4464 3520 4538; baseline -0.004 -16"><span class='ocrx_word' id='word_1_627' title='bbox 1940 4468 2234 4538; x_wconf 84' lang='lat' dir='ltr'><strong>quidquam</strong></span> <span class='ocrx_word' id='word_1_628' title='bbox 2268 4468 2526 4536; x_wconf 83' lang='lat' dir='ltr'><strong>expedire</strong></span> <span class='ocrx_word' id='word_1_629' title='bbox 2563 4474 2832 4536; x_wconf 85' lang='lat' dir='ltr'><strong>poterant.</strong></span> <span class='ocrx_word' id='word_1_630' title='bbox 2867 4464 3132 4518; x_wconf 82' lang='lat' dir='ltr'><strong>Caeterum</strong></span> <span class='ocrx_word' id='word_1_631' title='bbox 3167 4478 3355 4517; x_wconf 91' lang='lat' dir='ltr'><strong>omnes</strong></span> <span class='ocrx_word' id='word_1_632' title='bbox 3393 4478 3520 4517; x_wconf 84' lang='lat' dir='ltr'><strong>voce</strong></span> 
     </span>
    </p>
   </div>
   <div class='ocr_carea' id='block_1_89' title="bbox 258 4548 3518 4634">
    <p class='ocr_par' dir='ltr' id='par_1_89' title="bbox 258 4548 3518 4634">
     <span class='ocr_line' id='line_1_89' title="bbox 258 4548 3518 4634; baseline 0.002 -32"><span class='ocrx_word' id='word_1_633' title='bbox 258 4548 563 4619; x_wconf 78' lang='lat' dir='ltr'><strong>legentibus</strong></span> <span class='ocrx_word' id='word_1_634' title='bbox 587 4565 746 4620; x_wconf 88' lang='lat' dir='ltr'><strong>quam</strong></span> <span class='ocrx_word' id='word_1_635' title='bbox 785 4569 903 4608; x_wconf 89' lang='lat' dir='ltr'><strong>eam</strong></span> <span class='ocrx_word' id='word_1_636' title='bbox 956 4559 1166 4624; x_wconf 79' lang='lat' dir='ltr'><strong>experti</strong></span> <span class='ocrx_word' id='word_1_637' title='bbox 1194 4571 1502 4615; x_wconf 88' lang='lat' dir='ltr'><strong>senserunt.</strong></span> <span class='ocrx_word' id='word_1_638' title='bbox 1540 4561 1677 4618; x_wconf 83' lang='lat' dir='ltr'><strong>Nam</strong></span> <span class='ocrx_word' id='word_1_639' title='bbox 1713 4581 1831 4634; x_wconf 75' lang='lat' dir='ltr'><strong>qua:</strong></span> <span class='ocrx_word' id='word_1_640' title='bbox 1861 4557 1913 4617; x_wconf 87' lang='lat' dir='ltr'><strong><em>D</em></strong></span> <span class='ocrx_word' id='word_1_641' title='bbox 1942 4576 2180 4617; x_wconf 88' lang='lat' dir='ltr'><strong>consona</strong></span> <span class='ocrx_word' id='word_1_642' title='bbox 2230 4559 2517 4614; x_wconf 77' lang='lat' dir='ltr'><strong>verissima</strong></span> <span class='ocrx_word' id='word_1_643' title='bbox 2577 4558 2685 4611; x_wconf 86' lang='lat' dir='ltr'><strong>dici</strong></span> <span class='ocrx_word' id='word_1_644' title='bbox 2761 4557 3142 4620; x_wconf 81' lang='lat' dir='ltr'><strong>allirmabant;</strong></span> <span class='ocrx_word' id='word_1_645' title='bbox 3199 4570 3323 4608; x_wconf 90' lang='lat' dir='ltr'><strong>nam</strong></span> <span class='ocrx_word' id='word_1_646' title='bbox 3357 4570 3518 4624; x_wconf 90' lang='lat' dir='ltr'><strong>quam</strong></span> 
     </span>
    </p>
   </div>
   <div class='ocr_carea' id='block_1_90' title="bbox 259 4644 1834 4725">
    <p class='ocr_par' dir='ltr' id='par_1_90' title="bbox 259 4644 1834 4725">
     <span class='ocr_line' id='line_1_90' title="bbox 259 4644 1834 4725; baseline 0.011 -29"><span class='ocrx_word' id='word_1_647' title='bbox 259 4644 630 4701; x_wconf 87' lang='lat' dir='ltr'><strong>mediocribus</strong></span> <span class='ocrx_word' id='word_1_648' title='bbox 679 4648 896 4715; x_wconf 86' lang='lat' dir='ltr'><strong>quidem</strong></span> <span class='ocrx_word' id='word_1_649' title='bbox 957 4650 1214 4718; x_wconf 82' lang='lat' dir='ltr'><strong>aliingcre</strong></span> <span class='ocrx_word' id='word_1_650' title='bbox 1255 4654 1680 4725; x_wconf 81' lang='lat' dir='ltr'><strong>magnitudinem</strong></span> <span class='ocrx_word' id='word_1_651' title='bbox 1745 4673 1834 4714; x_wconf 85' lang='lat' dir='ltr'><strong>ars</strong></span> 
     </span>
    </p>
   </div>
   <div class='ocr_carea' id='block_1_91' title="bbox 258 4739 1837 4812">
    <p class='ocr_par' dir='ltr' id='par_1_91' title="bbox 258 4739 1837 4812">
     <span class='ocr_line' id='line_1_91' title="bbox 258 4739 1837 4812; baseline 0.008 -22"><span class='ocrx_word' id='word_1_652' title='bbox 258 4747 422 4806; x_wconf 87' lang='lat' dir='ltr'><strong>atque</strong></span> <span class='ocrx_word' id='word_1_653' title='bbox 458 4739 804 4808; x_wconf 73' lang='lat' dir='ltr'><strong>ampliﬁcatio</strong></span> <span class='ocrx_word' id='word_1_654' title='bbox 833 4743 1099 4797; x_wconf 83' lang='lat' dir='ltr'><strong>sermonis</strong></span> <span class='ocrx_word' id='word_1_655' title='bbox 1129 4745 1528 4812; x_wconf 89' lang='lat' dir='ltr'><strong>potest,eadem</strong></span> <span class='ocrx_word' id='word_1_656' title='bbox 1555 4749 1692 4802; x_wconf 79' lang='lat' dir='ltr'><strong>infra</strong></span> <span class='ocrx_word' id='word_1_657' title='bbox 1722 4765 1837 4803; x_wconf 87' lang='lat' dir='ltr'><strong>ma-</strong></span> 
     </span>
    </p>
   </div>
   <div class='ocr_carea' id='block_1_92' title="bbox 259 4827 1838 4910">
    <p class='ocr_par' dir='ltr' id='par_1_92' title="bbox 259 4827 1838 4910">
     <span class='ocr_line' id='line_1_92' title="bbox 259 4827 1838 4910; baseline 0.009 -30"><span class='ocrx_word' id='word_1_658' title='bbox 259 4827 526 4882; x_wconf 78' lang='lat' dir='ltr'><strong>ximarum</strong></span> <span class='ocrx_word' id='word_1_659' title='bbox 564 4845 660 4899; x_wconf 89' lang='lat' dir='ltr'><strong>per</strong></span> <span class='ocrx_word' id='word_1_660' title='bbox 689 4845 747 4883; x_wconf 92' lang='lat' dir='ltr'><strong>se</strong></span> <span class='ocrx_word' id='word_1_661' title='bbox 787 4846 965 4886; x_wconf 89' lang='lat' dir='ltr'><strong>rerum</strong></span> <span class='ocrx_word' id='word_1_662' title='bbox 999 4834 1284 4890; x_wconf 79' lang='lat' dir='ltr'><strong>subsidere</strong></span> <span class='ocrx_word' id='word_1_663' title='bbox 1319 4836 1596 4908; x_wconf 82' lang='lat' dir='ltr'><strong>fastigium</strong></span> <span class='ocrx_word' id='word_1_664' title='bbox 1661 4841 1838 4910; x_wconf 89' lang='lat' dir='ltr'><strong>impar</strong></span> 
     </span>
    </p>
   </div>
   <div class='ocr_carea' id='block_1_93' title="bbox 261 4922 1837 4996">
    <p class='ocr_par' dir='ltr' id='par_1_93' title="bbox 261 4922 1837 4996">
     <span class='ocr_line' id='line_1_93' title="bbox 261 4922 1837 4996; baseline 0.01 -23"><span class='ocrx_word' id='word_1_665' title='bbox 261 4922 598 4990; x_wconf 86' lang='lat' dir='ltr'><strong>assequendo</strong></span> <span class='ocrx_word' id='word_1_666' title='bbox 622 4922 775 4976; x_wconf 88' lang='lat' dir='ltr'><strong>solet.</strong></span> <span class='ocrx_word' id='word_1_667' title='bbox 811 4923 988 4989; x_wconf 85' lang='lat' dir='ltr'><strong>Quare</strong></span> <span class='ocrx_word' id='word_1_668' title='bbox 1034 4927 1292 4996; x_wconf 83' lang='lat' dir='ltr'><strong>sapientis</strong></span> <span class='ocrx_word' id='word_1_669' title='bbox 1322 4928 1543 4985; x_wconf 89' lang='lat' dir='ltr'><strong>lectoris</strong></span> <span class='ocrx_word' id='word_1_670' title='bbox 1583 4939 1667 4986; x_wconf 89' lang='lat' dir='ltr'><strong>est</strong></span> <span class='ocrx_word' id='word_1_671' title='bbox 1705 4933 1837 4987; x_wconf 89' lang='lat' dir='ltr'><strong>sub-</strong></span> 
     </span>
    </p>
   </div>
   <div class='ocr_carea' id='block_1_94' title="bbox 262 5015 1838 5094">
    <p class='ocr_par' dir='ltr' id='par_1_94' title="bbox 262 5015 1838 5094">
     <span class='ocr_line' id='line_1_94' title="bbox 262 5015 1838 5094; baseline 0.008 -27"><span class='ocrx_word' id='word_1_672' title='bbox 262 5015 449 5070; x_wconf 85' lang='lat' dir='ltr'><strong>levare</strong></span> <span class='ocrx_word' id='word_1_673' title='bbox 520 5015 729 5084; x_wconf 86' lang='lat' dir='ltr'><strong>judicio</strong></span> <span class='ocrx_word' id='word_1_674' title='bbox 763 5018 816 5071; x_wconf 93' lang='lat' dir='ltr'><strong>in</strong></span> <span class='ocrx_word' id='word_1_675' title='bbox 856 5017 1056 5074; x_wconf 86' lang='lat' dir='ltr'><strong>talibus</strong></span> <span class='ocrx_word' id='word_1_676' title='bbox 1107 5020 1480 5077; x_wconf 75' lang='lat' dir='ltr'><strong>infirmitatem</strong></span> <span class='ocrx_word' id='word_1_677' title='bbox 1522 5024 1838 5094; x_wconf 82' lang='lat' dir='ltr'><strong>scriptionis</strong></span> 
     </span>
    </p>
   </div>
   <div class='ocr_carea' id='block_1_95' title="bbox 263 5105 1837 5185">
    <p class='ocr_par' dir='ltr' id='par_1_95' title="bbox 263 5105 1837 5185">
     <span class='ocr_line' id='line_1_95' title="bbox 263 5105 1837 5185; baseline 0.008 -26"><span class='ocrx_word' id='word_1_678' title='bbox 263 5105 346 5159; x_wconf 86' lang='lat' dir='ltr'><strong>cui</strong></span> <span class='ocrx_word' id='word_1_679' title='bbox 387 5110 774 5175; x_wconf 79' lang='lat' dir='ltr'><strong>cognoscendae</strong></span> <span class='ocrx_word' id='word_1_680' title='bbox 827 5109 919 5164; x_wconf 88' lang='lat' dir='ltr'><strong>dat</strong></span> <span class='ocrx_word' id='word_1_681' title='bbox 984 5126 1225 5179; x_wconf 89' lang='lat' dir='ltr'><strong>operam,</strong></span> <span class='ocrx_word' id='word_1_682' title='bbox 1265 5123 1320 5168; x_wconf 91' lang='lat' dir='ltr'><strong>et</strong></span> <span class='ocrx_word' id='word_1_683' title='bbox 1375 5116 1529 5183; x_wconf 89' lang='lat' dir='ltr'><strong>quasi</strong></span> <span class='ocrx_word' id='word_1_684' title='bbox 1584 5117 1837 5185; x_wconf 86' lang='lat' dir='ltr'><strong>supplere</strong></span> 
     </span>
    </p>
   </div>
   <div class='ocr_carea' id='block_1_96' title="bbox 268 5200 1836 5274">
    <p class='ocr_par' dir='ltr' id='par_1_96' title="bbox 268 5200 1836 5274">
     <span class='ocr_line' id='line_1_96' title="bbox 268 5200 1836 5274; baseline 0.009 -23"><span class='ocrx_word' id='word_1_685' title='bbox 268 5200 608 5268; x_wconf 81' lang='lat' dir='ltr'><strong>imaginando</strong></span> <span class='ocrx_word' id='word_1_686' title='bbox 653 5201 792 5270; x_wconf 82' lang='lat' dir='ltr'><strong>quod</strong></span> <span class='ocrx_word' id='word_1_687' title='bbox 835 5203 998 5257; x_wconf 86' lang='lat' dir='ltr'><strong>dictio</strong></span> <span class='ocrx_word' id='word_1_688' title='bbox 1036 5204 1215 5260; x_wconf 90' lang='lat' dir='ltr'><strong>minus</strong></span> <span class='ocrx_word' id='word_1_689' title='bbox 1262 5207 1535 5274; x_wconf 84' lang='lat' dir='ltr'><strong>exprimit,</strong></span> <span class='ocrx_word' id='word_1_690' title='bbox 1586 5210 1836 5265; x_wconf 87' lang='lat' dir='ltr'><strong>evolante</strong></span> 
     </span>
    </p>
   </div>
   <div class='ocr_carea' id='block_1_97' title="bbox 267 5292 1838 5370">
    <p class='ocr_par' dir='ltr' id='par_1_97' title="bbox 267 5292 1838 5370">
     <span class='ocr_line' id='line_1_97' title="bbox 267 5292 1838 5370; baseline 0.009 -27"><span class='ocrx_word' id='word_1_691' title='bbox 267 5292 447 5346; x_wconf 89' lang='lat' dir='ltr'><strong>animo</strong></span> <span class='ocrx_word' id='word_1_692' title='bbox 485 5293 539 5345; x_wconf 92' lang='lat' dir='ltr'><strong>in</strong></span> <span class='ocrx_word' id='word_1_693' title='bbox 595 5292 767 5362; x_wconf 88' lang='lat' dir='ltr'><strong>ipsam</strong></span> <span class='ocrx_word' id='word_1_694' title='bbox 817 5296 1161 5362; x_wconf 79' lang='lat' dir='ltr'><strong>praesentiam</strong></span> <span class='ocrx_word' id='word_1_695' title='bbox 1226 5297 1474 5366; x_wconf 90' lang='lat' dir='ltr'><strong>periculi,</strong></span> <span class='ocrx_word' id='word_1_696' title='bbox 1533 5305 1838 5370; x_wconf 85' lang='lat' dir='ltr'><strong>&#39;sensusque</strong></span> 
     </span>
    </p>
   </div>
   <div class='ocr_carea' id='block_1_98' title="bbox 266 5383 1835 5454">
    <p class='ocr_par' dir='ltr' id='par_1_98' title="bbox 266 5383 1835 5454">
     <span class='ocr_line' id='line_1_98' title="bbox 266 5383 1835 5454; baseline 0.007 -18"><span class='ocrx_word' id='word_1_697' title='bbox 266 5383 523 5438; x_wconf 88' lang='lat' dir='ltr'><strong>induente</strong></span> <span class='ocrx_word' id='word_1_698' title='bbox 571 5385 762 5454; x_wconf 88' lang='lat' dir='ltr'><strong>quales</strong></span> <span class='ocrx_word' id='word_1_699' title='bbox 825 5386 994 5442; x_wconf 79' lang='lat' dir='ltr'><strong>fuisse</strong></span> <span class='ocrx_word' id='word_1_700' title='bbox 1048 5401 1473 5444; x_wconf 83' lang='lat' dir='ltr'><strong>consentaneum</strong></span> <span class='ocrx_word' id='word_1_701' title='bbox 1520 5394 1592 5446; x_wconf 83' lang='lat' dir='ltr'><strong>sit</strong></span> <span class='ocrx_word' id='word_1_702' title='bbox 1649 5409 1835 5448; x_wconf 87' lang='lat' dir='ltr'><strong>eorum</strong></span> 
     </span>
    </p>
   </div>
   <div class='ocr_carea' id='block_1_99' title="bbox 267 5475 1835 5554">
    <p class='ocr_par' dir='ltr' id='par_1_99' title="bbox 267 5475 1835 5554">
     <span class='ocr_line' id='line_1_99' title="bbox 267 5475 1835 5554; baseline 0.009 -28"><span class='ocrx_word' id='word_1_703' title='bbox 267 5475 460 5541; x_wconf 88' lang='lat' dir='ltr'><strong>quibus</strong></span> <span class='ocrx_word' id='word_1_704' title='bbox 492 5478 720 5548; x_wconf 76' lang='lat' dir='ltr'><strong>contigit</strong></span> <span class='ocrx_word' id='word_1_705' title='bbox 756 5479 808 5532; x_wconf 91' lang='lat' dir='ltr'><strong>in</strong></span> <span class='ocrx_word' id='word_1_706' title='bbox 861 5478 1023 5550; x_wconf 68' lang='grc'><strong>245</strong></span> <span class='ocrx_word' id='word_1_707' title='bbox 1060 5495 1137 5545; x_wconf 89' lang='lat' dir='ltr'><strong>re,</strong></span> <span class='ocrx_word' id='word_1_708' title='bbox 1189 5481 1316 5534; x_wconf 88' lang='lat' dir='ltr'><strong>dum</strong></span> <span class='ocrx_word' id='word_1_709' title='bbox 1358 5494 1662 5553; x_wconf 80' lang='lat' dir='ltr'><strong>gereretur,</strong></span> <span class='ocrx_word' id='word_1_710' title='bbox 1722 5485 1835 5554; x_wconf 92' lang='lat' dir='ltr'><strong>ipsa</strong></span> 
     </span>
    </p>
   </div>
   <div class='ocr_carea' id='block_1_100' title="bbox 269 5567 1839 5641">
    <p class='ocr_par' dir='ltr' id='par_1_100' title="bbox 269 5567 1839 5641">
     <span class='ocr_line' id='line_1_100' title="bbox 269 5567 1839 5641; baseline 0.009 -23"><span class='ocrx_word' id='word_1_711' title='bbox 269 5567 492 5622; x_wconf 82' lang='lat' dir='ltr'><strong>versari.</strong></span> <span class='ocrx_word' id='word_1_712' title='bbox 524 5567 707 5623; x_wconf 83' lang='lat' dir='ltr'><strong>Primo</strong></span> <span class='ocrx_word' id='word_1_713' title='bbox 751 5571 914 5640; x_wconf 83' lang='lat' dir='ltr'><strong>igitur</strong></span> <span class='ocrx_word' id='word_1_714' title='bbox 953 5573 1178 5627; x_wconf 87' lang='lat' dir='ltr'><strong>triltorio</strong></span> <span class='ocrx_word' id='word_1_715' title='bbox 1203 5574 1305 5629; x_wconf 93' lang='lat' dir='ltr'><strong>diei</strong></span> <span class='ocrx_word' id='word_1_716' title='bbox 1339 5575 1505 5641; x_wconf 89' lang='lat' dir='ltr'><strong>illius,</strong></span> <span class='ocrx_word' id='word_1_717' title='bbox 1560 5580 1839 5633; x_wconf 87' lang='lat' dir='ltr'><strong>eminente</strong></span> 
     </span>
    </p>
   </div>
   <div class='ocr_carea' id='block_1_101' title="bbox 268 5659 1836 5738">
    <p class='ocr_par' dir='ltr' id='par_1_101' title="bbox 268 5659 1836 5738">
     <span class='ocr_line' id='line_1_101' title="bbox 268 5659 1836 5738; baseline 0.009 -28"><span class='ocrx_word' id='word_1_718' title='bbox 268 5671 429 5727; x_wconf 81' lang='lat' dir='ltr'><strong>supra</strong></span> <span class='ocrx_word' id='word_1_719' title='bbox 461 5659 798 5716; x_wconf 83' lang='lat' dir='ltr'><strong>horizontem</strong></span> <span class='ocrx_word' id='word_1_720' title='bbox 823 5663 936 5718; x_wconf 90' lang='lat' dir='ltr'><strong>sole</strong></span> <span class='ocrx_word' id='word_1_721' title='bbox 967 5665 1120 5733; x_wconf 88' lang='lat' dir='ltr'><strong>quasi</strong></span> <span class='ocrx_word' id='word_1_722' title='bbox 1149 5665 1397 5734; x_wconf 88' lang='lat' dir='ltr'><strong>partibus</strong></span> <span class='ocrx_word' id='word_1_723' title='bbox 1428 5668 1566 5738; x_wconf 80' lang='lat' dir='ltr'><strong>signi</strong></span> <span class='ocrx_word' id='word_1_724' title='bbox 1595 5670 1836 5738; x_wconf 84' lang='lat' dir='ltr'><strong>triginta,</strong></span> 
     </span>
    </p>
   </div>
   <div class='ocr_carea' id='block_1_102' title="bbox 269 5757 1836 5830">
    <p class='ocr_par' dir='ltr' id='par_1_102' title="bbox 269 5757 1836 5830">
     <span class='ocr_line' id='line_1_102' title="bbox 269 5757 1836 5830; baseline 0.008 -24"><span class='ocrx_word' id='word_1_725' title='bbox 269 5770 388 5808; x_wconf 89' lang='lat' dir='ltr'><strong>cum</strong></span> <span class='ocrx_word' id='word_1_726' title='bbox 423 5757 676 5826; x_wconf 86' lang='lat' dir='ltr'><strong>operibus</strong></span> <span class='ocrx_word' id='word_1_727' title='bbox 710 5757 958 5813; x_wconf 88' lang='lat' dir='ltr'><strong>homines</strong></span> <span class='ocrx_word' id='word_1_728' title='bbox 985 5772 1242 5814; x_wconf 89' lang='lat' dir='ltr'><strong>vacarent</strong></span> <span class='ocrx_word' id='word_1_729' title='bbox 1294 5760 1382 5815; x_wconf 92' lang='lat' dir='ltr'><strong>alii</strong></span> <span class='ocrx_word' id='word_1_730' title='bbox 1439 5763 1836 5830; x_wconf 86' lang='lat' dir='ltr'><strong>spiritualibus,</strong></span> 
     </span>
    </p>
   </div>
   <div class='ocr_carea' id='block_1_103' title="bbox 271 5849 1832 5924">
    <p class='ocr_par' dir='ltr' id='par_1_103' title="bbox 271 5849 1832 5924">
     <span class='ocr_line' id='line_1_103' title="bbox 271 5849 1832 5924; baseline 0.008 -24"><span class='ocrx_word' id='word_1_731' title='bbox 271 5849 543 5920; x_wconf 76' lang='lat' dir='ltr'><strong>corporeis</strong></span> <span class='ocrx_word' id='word_1_732' title='bbox 571 5851 686 5918; x_wconf 88' lang='lat' dir='ltr'><strong>alii,</strong></span> <span class='ocrx_word' id='word_1_733' title='bbox 729 5851 1015 5906; x_wconf 79' lang='lat' dir='ltr'><strong>confestim</strong></span> <span class='ocrx_word' id='word_1_734' title='bbox 1049 5852 1189 5906; x_wconf 78' lang='lat' dir='ltr'><strong>fatua</strong></span> <span class='ocrx_word' id='word_1_735' title='bbox 1229 5853 1550 5924; x_wconf 85' lang='lat' dir='ltr'><strong>dissipatur,</strong></span> <span class='ocrx_word' id='word_1_736' title='bbox 1606 5871 1710 5912; x_wconf 85' lang='lat' dir='ltr'><strong>non</strong></span> <span class='ocrx_word' id='word_1_737' title='bbox 1781 5858 1832 5912; x_wconf 90' lang='lat' dir='ltr'><strong>itt</strong></span> 
     </span>
    </p>
   </div>
   <div class='ocr_carea' id='block_1_104' title="bbox 1943 4646 3522 4722">
    <p class='ocr_par' dir='ltr' id='par_1_104' title="bbox 1943 4646 3522 4722">
     <span class='ocr_line' id='line_1_104' title="bbox 1943 4646 3522 4722; baseline -0.004 -17"><span class='ocrx_word' id='word_1_738' title='bbox 1943 4651 2173 4722; x_wconf 86' lang='lat' dir='ltr'><strong>quisque</strong></span> <span class='ocrx_word' id='word_1_739' title='bbox 2231 4651 2476 4705; x_wconf 87' lang='lat' dir='ltr'><strong>incertus</strong></span> <span class='ocrx_word' id='word_1_740' title='bbox 2532 4657 2651 4703; x_wconf 88' lang='lat' dir='ltr'><strong>erat</strong></span> <span class='ocrx_word' id='word_1_741' title='bbox 2711 4647 2928 4702; x_wconf 90' lang='lat' dir='ltr'><strong>consilii</strong></span> <span class='ocrx_word' id='word_1_742' title='bbox 2985 4647 3049 4702; x_wconf 89' lang='lat' dir='ltr'><strong>de</strong></span> <span class='ocrx_word' id='word_1_743' title='bbox 3107 4646 3190 4699; x_wconf 85' lang='lat' dir='ltr'><strong>via</strong></span> <span class='ocrx_word' id='word_1_744' title='bbox 3250 4648 3522 4716; x_wconf 67' lang='lat' dir='ltr'><strong>modoque</strong></span> 
     </span>
    </p>
   </div>
   <div class='ocr_carea' id='block_1_105' title="bbox 1941 4741 3523 4814">
    <p class='ocr_par' dir='ltr' id='par_1_105' title="bbox 1941 4741 3523 4814">
     <span class='ocr_line' id='line_1_105' title="bbox 1941 4741 3523 4814; baseline -0.007 -15"><span class='ocrx_word' id='word_1_745' title='bbox 1941 4747 2176 4814; x_wconf 79' lang='lat' dir='ltr'><strong>propriae</strong></span> <span class='ocrx_word' id='word_1_746' title='bbox 2205 4743 2472 4797; x_wconf 89' lang='lat' dir='ltr'><strong>salutisin</strong></span> <span class='ocrx_word' id='word_1_747' title='bbox 2511 4751 2624 4795; x_wconf 89' lang='lat' dir='ltr'><strong>tuto</strong></span> <span class='ocrx_word' id='word_1_748' title='bbox 2655 4741 3006 4805; x_wconf 66' lang='lat' dir='ltr'><strong>collocandae,</strong></span> <span class='ocrx_word' id='word_1_749' title='bbox 3067 4750 3172 4793; x_wconf 91' lang='lat' dir='ltr'><strong>tam</strong></span> <span class='ocrx_word' id='word_1_750' title='bbox 3228 4748 3438 4794; x_wconf 89' lang='lat' dir='ltr'><strong>certum</strong></span> <span class='ocrx_word' id='word_1_751' title='bbox 3466 4757 3523 4793; x_wconf 71' lang='lat' dir='ltr'><strong>St!</strong></span> 
     </span>
    </p>
   </div>
   <div class='ocr_carea' id='block_1_106' title="bbox 1941 4833 3520 4904">
    <p class='ocr_par' dir='ltr' id='par_1_106' title="bbox 1941 4833 3520 4904">
     <span class='ocr_line' id='line_1_106' title="bbox 1941 4833 3520 4904; baseline -0.004 -12"><span class='ocrx_word' id='word_1_752' title='bbox 1941 4836 2150 4892; x_wconf 79' lang='lat' dir='ltr'><strong>ferebat</strong></span> <span class='ocrx_word' id='word_1_753' title='bbox 2173 4837 2240 4890; x_wconf 91' lang='lat' dir='ltr'><strong>de</strong></span> <span class='ocrx_word' id='word_1_754' title='bbox 2273 4836 2500 4890; x_wconf 86' lang='lat' dir='ltr'><strong>veritate</strong></span> <span class='ocrx_word' id='word_1_755' title='bbox 2532 4835 2815 4904; x_wconf 80' lang='lat' dir='ltr'><strong>gliscentis</strong></span> <span class='ocrx_word' id='word_1_756' title='bbox 2853 4833 3030 4887; x_wconf 67' lang='lat' dir='ltr'><strong>famae.</strong></span> <span class='ocrx_word' id='word_1_757' title='bbox 3064 4837 3120 4886; x_wconf 89' lang='lat' dir='ltr'><strong>ln</strong></span> <span class='ocrx_word' id='word_1_758' title='bbox 3168 4833 3252 4886; x_wconf 89' lang='lat' dir='ltr'><strong>his</strong></span> <span class='ocrx_word' id='word_1_759' title='bbox 3285 4837 3410 4886; x_wconf 86' lang='lat' dir='ltr'><strong>dum</strong></span> <span class='ocrx_word' id='word_1_760' title='bbox 3433 4833 3520 4886; x_wconf 83' lang='lat' dir='ltr'><strong>isti</strong></span> 
     </span>
    </p>
   </div>
   <div class='ocr_carea' id='block_1_107' title="bbox 1940 4925 3520 4998">
    <p class='ocr_par' dir='ltr' id='par_1_107' title="bbox 1940 4925 3520 4998">
     <span class='ocr_line' id='line_1_107' title="bbox 1940 4925 3520 4998; baseline -0.003 -15"><span class='ocrx_word' id='word_1_761' title='bbox 1940 4939 2120 4992; x_wconf 88' lang='lat' dir='ltr'><strong>erant,</strong></span> <span class='ocrx_word' id='word_1_762' title='bbox 2149 4944 2274 4984; x_wconf 89' lang='lat' dir='ltr'><strong>ecce</strong></span> <span class='ocrx_word' id='word_1_763' title='bbox 2303 4944 2334 4984; x_wconf 89' lang='lat' dir='ltr'><strong>a</strong></span> <span class='ocrx_word' id='word_1_764' title='bbox 2362 4939 2514 4998; x_wconf 87' lang='lat' dir='ltr'><strong>tergo</strong></span> <span class='ocrx_word' id='word_1_765' title='bbox 2550 4928 2642 4981; x_wconf 88' lang='lat' dir='ltr'><strong>alii</strong></span> <span class='ocrx_word' id='word_1_766' title='bbox 2690 4937 2973 4981; x_wconf 82' lang='lat' dir='ltr'><strong>currentes</strong></span> <span class='ocrx_word' id='word_1_767' title='bbox 3011 4925 3396 4979; x_wconf 87' lang='lat' dir='ltr'><strong>miserabiliter</strong></span> <span class='ocrx_word' id='word_1_768' title='bbox 3430 4925 3520 4979; x_wconf 88' lang='lat' dir='ltr'><strong>de-</strong></span> 
     </span>
    </p>
   </div>
   <div class='ocr_carea' id='block_1_108' title="bbox 1940 5016 3518 5090">
    <p class='ocr_par' dir='ltr' id='par_1_108' title="bbox 1940 5016 3518 5090">
     <span class='ocr_line' id='line_1_108' title="bbox 1940 5016 3518 5090; baseline 0 -20"><span class='ocrx_word' id='word_1_769' title='bbox 1940 5019 2227 5090; x_wconf 86' lang='lat' dir='ltr'><strong>plorabant</strong></span> <span class='ocrx_word' id='word_1_770' title='bbox 2284 5022 2557 5075; x_wconf 81' lang='lat' dir='ltr'><strong>inl&#39;andatn</strong></span> <span class='ocrx_word' id='word_1_771' title='bbox 2593 5019 2824 5081; x_wconf 87' lang='lat' dir='ltr'><strong>cladem,</strong></span> <span class='ocrx_word' id='word_1_772' title='bbox 2865 5017 3098 5086; x_wconf 84' lang='lat' dir='ltr'><strong>propriis</strong></span> <span class='ocrx_word' id='word_1_773' title='bbox 3133 5020 3292 5071; x_wconf 88' lang='lat' dir='ltr'><strong>modo</strong></span> <span class='ocrx_word' id='word_1_774' title='bbox 3341 5033 3400 5071; x_wconf 89' lang='lat' dir='ltr'><strong>se</strong></span> <span class='ocrx_word' id='word_1_775' title='bbox 3434 5016 3518 5070; x_wconf 84' lang='lat' dir='ltr'><strong>vi-</strong></span> 
     </span>
    </p>
   </div>
   <div class='ocr_carea' id='block_1_109' title="bbox 1940 5107 3512 5178">
    <p class='ocr_par' dir='ltr' id='par_1_109' title="bbox 1940 5107 3512 5178">
     <span class='ocr_line' id='line_1_109' title="bbox 1940 5107 3512 5178; baseline -0.004 -12"><span class='ocrx_word' id='word_1_776' title='bbox 1940 5111 2089 5167; x_wconf 86' lang='lat' dir='ltr'><strong>disse</strong></span> <span class='ocrx_word' id='word_1_777' title='bbox 2121 5111 2291 5166; x_wconf 89' lang='lat' dir='ltr'><strong>oculis</strong></span> <span class='ocrx_word' id='word_1_778' title='bbox 2323 5119 2709 5175; x_wconf 87' lang='lat' dir='ltr'><strong>memorantes,</strong></span> <span class='ocrx_word' id='word_1_779' title='bbox 2749 5107 2915 5178; x_wconf 60' lang='lat'><strong>246</strong></span> <span class='ocrx_word' id='word_1_780' title='bbox 2949 5108 3074 5161; x_wconf 90' lang='lat' dir='ltr'><strong>dum</strong></span> <span class='ocrx_word' id='word_1_781' title='bbox 3102 5109 3287 5161; x_wconf 80' lang='lat' dir='ltr'><strong>hostes</strong></span> <span class='ocrx_word' id='word_1_782' title='bbox 3321 5123 3512 5176; x_wconf 84' lang='lat' dir='ltr'><strong>quent-</strong></span> 
     </span>
    </p>
   </div>
   <div class='ocr_carea' id='block_1_110' title="bbox 1941 5200 3521 5275">
    <p class='ocr_par' dir='ltr' id='par_1_110' title="bbox 1941 5200 3521 5275">
     <span class='ocr_line' id='line_1_110' title="bbox 1941 5200 3521 5275; baseline -0.004 -17"><span class='ocrx_word' id='word_1_783' title='bbox 1941 5205 2084 5275; x_wconf 85' lang='lat' dir='ltr'><strong>piam</strong></span> <span class='ocrx_word' id='word_1_784' title='bbox 2133 5205 2238 5261; x_wconf 89' lang='lat' dir='ltr'><strong>sibi</strong></span> <span class='ocrx_word' id='word_1_785' title='bbox 2265 5206 2484 5262; x_wconf 81' lang='lat' dir='ltr'><strong>obvium</strong></span> <span class='ocrx_word' id='word_1_786' title='bbox 2539 5201 2883 5259; x_wconf 87' lang='lat' dir='ltr'><strong>membratim</strong></span> <span class='ocrx_word' id='word_1_787' title='bbox 2936 5202 3369 5273; x_wconf 79' lang='lat' dir='ltr'><strong>concerpset-int,</strong></span> <span class='ocrx_word' id='word_1_788' title='bbox 3418 5200 3521 5255; x_wconf 74' lang='lat' dir='ltr'><strong>dii&quot;-</strong></span> 
     </span>
    </p>
   </div>
   <div class='ocr_carea' id='block_1_111' title="bbox 1942 5295 3519 5368">
    <p class='ocr_par' dir='ltr' id='par_1_111' title="bbox 1942 5295 3519 5368">
     <span class='ocr_line' id='line_1_111' title="bbox 1942 5295 3519 5368; baseline -0.004 -14"><span class='ocrx_word' id='word_1_789' title='bbox 1942 5299 2068 5354; x_wconf 77' lang='lat' dir='ltr'><strong>ficili</strong></span> <span class='ocrx_word' id='word_1_790' title='bbox 2121 5299 2327 5368; x_wconf 86' lang='lat' dir='ltr'><strong>judicio</strong></span> <span class='ocrx_word' id='word_1_791' title='bbox 2359 5301 2733 5354; x_wconf 65' lang='lat' dir='ltr'><strong>&#39;itnmaniorne</strong></span> <span class='ocrx_word' id='word_1_792' title='bbox 2764 5298 2850 5350; x_wconf 88' lang='lat' dir='ltr'><strong>illa</strong></span> <span class='ocrx_word' id='word_1_793' title='bbox 2891 5297 3190 5351; x_wconf 84' lang='lat' dir='ltr'><strong>crudelitas</strong></span> <span class='ocrx_word' id='word_1_794' title='bbox 3239 5295 3404 5349; x_wconf 79' lang='lat' dir='ltr'><strong>caedis</strong></span> <span class='ocrx_word' id='word_1_795' title='bbox 3453 5313 3519 5348; x_wconf 85' lang='lat' dir='ltr'><strong>an</strong></span> 
     </span>
    </p>
   </div>
   <div class='ocr_carea' id='block_1_112' title="bbox 1943 5387 3522 5458">
    <p class='ocr_par' dir='ltr' id='par_1_112' title="bbox 1943 5387 3522 5458">
     <span class='ocr_line' id='line_1_112' title="bbox 1943 5387 3522 5458; baseline -0.003 -12"><span class='ocrx_word' id='word_1_796' title='bbox 1943 5393 2150 5448; x_wconf 81' lang='lat' dir='ltr'><strong>tristius</strong></span> <span class='ocrx_word' id='word_1_797' title='bbox 2172 5405 2226 5448; x_wconf 88' lang='lat' dir='ltr'><strong>et</strong></span> <span class='ocrx_word' id='word_1_798' title='bbox 2255 5392 2620 5449; x_wconf 86' lang='lat' dir='ltr'><strong>miserabilius</strong></span> <span class='ocrx_word' id='word_1_799' title='bbox 2661 5395 3031 5458; x_wconf 79' lang='lat' dir='ltr'><strong>spectaculum</strong></span> <span class='ocrx_word' id='word_1_800' title='bbox 3082 5389 3266 5444; x_wconf 82' lang='lat' dir='ltr'><strong>fuerit.</strong></span> <span class='ocrx_word' id='word_1_801' title='bbox 3331 5387 3522 5442; x_wconf 79' lang='lat' dir='ltr'><strong>Credi—</strong></span> 
     </span>
    </p>
   </div>
   <div class='ocr_carea' id='block_1_113' title="bbox 1942 5481 3518 5556">
    <p class='ocr_par' dir='ltr' id='par_1_113' title="bbox 1942 5481 3518 5556">
     <span class='ocr_line' id='line_1_113' title="bbox 1942 5481 3518 5556; baseline -0.005 -16"><span class='ocrx_word' id='word_1_802' title='bbox 1942 5487 2110 5540; x_wconf 85' lang='lat' dir='ltr'><strong>derim</strong></span> <span class='ocrx_word' id='word_1_803' title='bbox 2136 5498 2421 5550; x_wconf 88' lang='lat' dir='ltr'><strong>terrorem,</strong></span> <span class='ocrx_word' id='word_1_804' title='bbox 2449 5497 2632 5556; x_wconf 87' lang='lat' dir='ltr'><strong>partes</strong></span> <span class='ocrx_word' id='word_1_805' title='bbox 2652 5485 2996 5539; x_wconf 88' lang='lat' dir='ltr'><strong>invadentem</strong></span> <span class='ocrx_word' id='word_1_806' title='bbox 3023 5481 3288 5551; x_wconf 81' lang='lat' dir='ltr'><strong>Morphci,</strong></span> <span class='ocrx_word' id='word_1_807' title='bbox 3313 5482 3518 5536; x_wconf 88' lang='lat' dir='ltr'><strong>somnia</strong></span> 
     </span>
    </p>
   </div>
   <div class='ocr_carea' id='block_1_114' title="bbox 1942 5575 3522 5647">
    <p class='ocr_par' dir='ltr' id='par_1_114' title="bbox 1942 5575 3522 5647">
     <span class='ocr_line' id='line_1_114' title="bbox 1942 5575 3522 5647; baseline -0.001 -19"><span class='ocrx_word' id='word_1_808' title='bbox 1942 5578 2289 5647; x_wconf 70' lang='lat' dir='ltr'><strong>vigilantibus</strong></span> <span class='ocrx_word' id='word_1_809' title='bbox 2348 5589 2482 5632; x_wconf 88' lang='lat' dir='ltr'><strong>tetra</strong></span> <span class='ocrx_word' id='word_1_810' title='bbox 2543 5577 2787 5646; x_wconf 72' lang='lat' dir='ltr'><strong>qumdam</strong></span> <span class='ocrx_word' id='word_1_811' title='bbox 2853 5575 3178 5643; x_wconf 76' lang='lat' dir='ltr'><strong>obiectasse,</strong></span> <span class='ocrx_word' id='word_1_812' title='bbox 3241 5586 3405 5644; x_wconf 86' lang='lat' dir='ltr'><strong>atque</strong></span> <span class='ocrx_word' id='word_1_813' title='bbox 3466 5585 3522 5627; x_wconf 90' lang='lat' dir='ltr'><strong>ut</strong></span> 
     </span>
    </p>
   </div>
   <div class='ocr_carea' id='block_1_115' title="bbox 1940 5666 3524 5740">
    <p class='ocr_par' dir='ltr' id='par_1_115' title="bbox 1940 5666 3524 5740">
     <span class='ocr_line' id='line_1_115' title="bbox 1940 5666 3524 5740; baseline -0.004 -14"><span class='ocrx_word' id='word_1_814' title='bbox 1940 5687 2038 5740; x_wconf 89' lang='lat' dir='ltr'><strong>per</strong></span> <span class='ocrx_word' id='word_1_815' title='bbox 2083 5680 2299 5726; x_wconf 89' lang='lat' dir='ltr'><strong>noctem</strong></span> <span class='ocrx_word' id='word_1_816' title='bbox 2364 5669 2743 5740; x_wconf 85' lang='lat' dir='ltr'><strong>imaginatioui</strong></span> <span class='ocrx_word' id='word_1_817' title='bbox 2784 5670 2921 5724; x_wconf 87' lang='lat' dir='ltr'><strong>solet</strong></span> <span class='ocrx_word' id='word_1_818' title='bbox 2961 5684 3149 5739; x_wconf 87' lang='lat' dir='ltr'><strong>sopor,</strong></span> <span class='ocrx_word' id='word_1_819' title='bbox 3219 5667 3293 5721; x_wconf 90' lang='lat' dir='ltr'><strong>ita</strong></span> <span class='ocrx_word' id='word_1_820' title='bbox 3350 5666 3524 5723; x_wconf 72' lang='lat' dir='ltr'><strong>Oculis</strong></span> 
     </span>
    </p>
   </div>
   <div class='ocr_carea' id='block_1_116' title="bbox 1941 5755 3523 5832">
    <p class='ocr_par' dir='ltr' id='par_1_116' title="bbox 1941 5755 3523 5832">
     <span class='ocr_line' id='line_1_116' title="bbox 1941 5755 3523 5832; baseline -0.005 -13"><span class='ocrx_word' id='word_1_821' title='bbox 1941 5765 2060 5820; x_wconf 88' lang='lat' dir='ltr'><strong>luce</strong></span> <span class='ocrx_word' id='word_1_822' title='bbox 2112 5765 2284 5832; x_wconf 90' lang='lat' dir='ltr'><strong>palam</strong></span> <span class='ocrx_word' id='word_1_823' title='bbox 2344 5761 2599 5826; x_wconf 87' lang='lat' dir='ltr'><strong>illusisse,</strong></span> <span class='ocrx_word' id='word_1_824' title='bbox 2677 5763 2790 5817; x_wconf 78' lang='lat' dir='ltr'><strong>visa</strong></span> <span class='ocrx_word' id='word_1_825' title='bbox 2841 5761 3166 5817; x_wconf 86' lang='lat' dir='ltr'><strong>ostentando</strong></span> <span class='ocrx_word' id='word_1_826' title='bbox 3219 5759 3376 5813; x_wconf 77' lang='lat' dir='ltr'><strong>falsa.</strong></span> <span class='ocrx_word' id='word_1_827' title='bbox 3431 5755 3523 5812; x_wconf 78' lang='lat' dir='ltr'><strong>Vis</strong></span> 
     </span>
    </p>
   </div>
   <div class='ocr_carea' id='block_1_117' title="bbox 1943 5852 3513 5925">
    <p class='ocr_par' dir='ltr' id='par_1_117' title="bbox 1943 5852 3513 5925">
     <span class='ocr_line' id='line_1_117' title="bbox 1943 5852 3513 5925; baseline -0.005 -13"><span class='ocrx_word' id='word_1_828' title='bbox 1943 5871 2134 5925; x_wconf 85' lang='lat' dir='ltr'><strong>nempe</strong></span> <span class='ocrx_word' id='word_1_829' title='bbox 2175 5854 2264 5909; x_wconf 87' lang='lat' dir='ltr'><strong>illa</strong></span> <span class='ocrx_word' id='word_1_830' title='bbox 2320 5863 2401 5909; x_wconf 85' lang='lat' dir='ltr'><strong>est</strong></span> <span class='ocrx_word' id='word_1_831' title='bbox 2454 5855 2658 5910; x_wconf 80' lang='lat' dir='ltr'><strong>insanae</strong></span> <span class='ocrx_word' id='word_1_832' title='bbox 2721 5853 3052 5920; x_wconf 82' lang='lat' dir='ltr'><strong>formidinis,</strong></span> <span class='ocrx_word' id='word_1_833' title='bbox 3114 5852 3203 5908; x_wconf 77' lang='lat' dir='ltr'><strong>ubi</strong></span> <span class='ocrx_word' id='word_1_834' title='bbox 3275 5861 3513 5906; x_wconf 79' lang='lat' dir='ltr'><strong>mentem</strong></span> 
     </span>
    </p>
   </div>
  </div>
