3926 6522
431 294 435 298 ”
474 342 578 411 ιςιι

1685 347 2004 429 GEORGII
2041 352 2520 434 Pammene

3581 362 3677 444 σοι

468 450 924 554 ἀποτυγχάνουσι.
956 463 1029 518 Τὸ
1065 462 1174 536 γὰρ
1202 466 1341 521 κατὰ
1371 468 1494 524 νοῦν
1524 471 1748 543 φοδερὸν
1770 474 2044 545 λαμϐάνον
2070 479 2120 539 Α
2146 475 2235 536 οἷά
2262 498 2401 546 τινες
2428 483 2732 554 διᾴττοντες
2759 482 3026 554 συνεχεῖς,
3046 483 3137 539 καὶ
3163 484 3212 538 οἰ
3243 483 3344 553 μὶν
3385 482 3549 551 ἔνθεν,
3575 470 3620 539 οἱ
3641 486 3690 540 δὲ

468 550 533 604 τὸ
560 550 803 619 ὁπτικὸν,
824 551 902 617 ὡς
920 556 1034 619 τοῖς
1063 555 1167 622 ἔξω
1201 559 1494 615 σκοτασθδν
1525 562 1615 615 διὰ
1643 563 1703 616 τὸ
1731 565 1919 636 περιὸν
1951 565 2049 632 τῆς

468 642 689 705 δειλίας,
715 645 809 698 καὶ
836 648 973 700 κατὰ
1001 647 1201 718 τρόπον
1240 649 1459 719 βλέπον,
1500 657 1785 724 προσεῖχεν
1813 655 1888 720 ὡς
1912 657 2049 726 ἀλη-

471 731 554 785 θεῖ
580 733 1158 808 εἰδωλοπλαστουμίνῳ
1182 742 1248 810 τῇ
1289 744 1579 815 φαντασίᾳ,
1632 747 1726 799 καὶ
1773 747 1802 800 δ
1836 748 2048 803 ὑπενόει

468 822 629 889 μόνον
676 822 752 886 ὡς
781 823 841 878 ὃν
883 826 1210 895 ὑπετόπαζε.
1236 831 1302 884 Τί
1353 832 1463 903 γὰρ
1494 834 1720 899 ἐκείνοις
1754 835 1818 908 [Ρ
1840 837 1964 910 164]
1985 840 2049 909 ἢ-

472 911 692 981 βούλετο
723 913 781 968 τὸ
807 916 880 970 τὰ
907 918 1227 989 ἀνύπαρκτα
1255 920 1331 986 ὡς
1361 924 1418 976 ὲν
1450 924 1743 980 ὑποστάσει
1774 928 1902 982 ὄντα
1960 946 2050 982 πι-

465 1004 738 1070 στοῦσθαι,
786 1008 834 1060 οἱ
866 1007 913 1062 δ’
946 1009 1236 1076 ἀκούοντες
1261 1014 1364 1067 τῶν
1398 1016 1636 1086 πρόσθεν
1669 1018 1768 1088 μὲν
1797 1018 2049 1091 ἐξεκρού-

468 1103 613 1156 οντο,
645 1092 1135 1167 παλινδρομοῦντες
1159 1100 1206 1155 δ’
1235 1103 1291 1164 ἐς
1332 1103 1513 1168 οἴκους
1540 1108 1589 1159 οί
1620 1108 1719 1176 μὲν
1767 1111 1888 1172 ταῖς
1947 1126 2051 1178 γω-

466 1180 610 1246 νίαις
638 1185 865 1257 ἐζήτουν
896 1190 1268 1261 παραδύεσθαι
1298 1196 1439 1250 κατὰ
1463 1198 1523 1251 τὸ
1543 1198 1727 1267 σφίσιν
1755 1201 1941 1263 αὐτοῖς
1969 1202 2049 1264 είς

462 1276 737 1345 σωτηρίαν
779 1278 963 1332 ἰκανὸν
1015 1283 1386 1353 νομιζόμενον,
1449 1289 1542 1343 καὶ
1583 1291 1631 1343 of
1679 1272 1777 1360 μέν
1841 1292 2046 1359 τάφους

460 1363 631 1418 πάλαι
684 1368 1135 1447 κατατεθνεώτων
1171 1361 1518 1444 ἀνοιγνῦντες
1582 1379 1843 1445 είσέδυον,
1898 1382 1955 1436 οἵ
2000 1380 2047 1435 δ’

462 1456 721 1524 ἀσφαλέσι
749 1461 934 1524 τόποις
957 1463 1187 1529 ἑαυτοὺς
1208 1467 1562 1524 ὲνεπίστευον
1584 1486 1600 1503 ·
1647 1460 1797 1526 ἄλλοι
1849 1472 1905 1526 δὲ
1947 1473 2042 1527 ἀνα

461 1547 666 1615 δρῶδὲς
688 1566 741 1601 τι
766 1557 857 1603 καὶ
892 1551 1192 1625 θαρραλέον
1220 1558 1512 1629 ἡγούμενοι
1533 1562 1793 1632 πράττειν
1821 1563 1956 1616 ὅπλα
1983 1579 2044 1615 τε

463 1639 809 1710 περιετίθουν
849 1643 944 1698 καὶ
972 1645 1194 1717 λόγχαις
1237 1650 1335 1702 σὺν
1393 1651 1617 1706 ἀσπίσιν
1669 1654 1907 1725 ἐχρῶντο
1952 1656 2043 1708 καὶ

459 1731 551 1782 τὸν
576 1732 911 1803 ἡγησόμενον
950 1734 1252 1808 ὲξεζήτουν.
1276 1736 1459 1795 Ἦσαν
1500 1742 1556 1796 δὲ
1586 1744 1707 1798 τότε
1758 1747 1786 1798 ὁ
1833 1745 1931 1813 μὲν
1962 1747 2040 1808 τίς

460 1824 794 1891 προστασίαν
834 1825 935 1896 τῆς
987 1830 1194 1894 πόλεως
1251 1834 1584 1903 τεταγμένος
1631 1836 1731 1890 οὐκ
1765 1831 1824 1891 εὖ
1881 1835 2035 1899 εἰδὼς
2069 1831 2108 1885 Β

458 1913 728 1981 πολέμων,
763 1916 895 1970 ἀλλὰ
922 1918 1220 1990 λημμάτων
1247 1923 1275 1975 ὁ
1317 1925 1693 1996 Μανουηλιτης
1737 1926 2025 1992 Νικόλαος,

457 2004 623 2074 τιμὴν
651 2005 867 2077 ἔχων-τὸ
895 2011 1274 2082 προκαθῆσθαι
1329 2016 1426 2085 τῆς
1481 2018 1708 2082 πόλεως,
1769 2018 1917 2074 ἄλλοι
1970 2018 2026 2071 δὲ

457 2095 699 2149 πλεῖστοι
743 2099 1065 2169 πολεμικαῖς
1107 2104 1421 2174 ἐμπειρίαις
1459 2108 1908 2180 ὲντεθραμμένοι,
1945 2098 2026 2172 οἷς

458 2188 685 2257 οὓδεμία
714 2207 795 2254 τις
837 2193 962 2258 ὲνῆν
996 2195 1056 2246 τὸ
1097 2196 1352 2262 τηνικάδε
1391 2198 1568 2254 ἔννοια
1629 2200 1721 2254 τοῦ
1773 2202 2027 2263 πολλάκις

457 2277 554 2330 καὶ
581 2277 773 2348 ψεῦδος
802 2276 940 2335 εἶναι
966 2285 1024 2336 τὸ
1061 2286 1448 2356 φημιζόμενον,
1478 2287 1613 2340 ἀλλὰ
1663 2291 1795 2343 πᾶσι
1853 2290 2029 2351 κοινὸς

459 2373 863 2440 προσπεπαίκει
902 2375 1222 2443 φόϐος.Καὶ
1254 2380 1329 2448 μὴ
1383 2380 1539 2447 μόνον
1594 2381 1652 2433 τὸ
1699 2383 1836 2434 κατὰ
1888 2384 2028 2448 σφᾶς

460 2459 675 2528 ἤθελον,
705 2462 840 2517 ἀλλὰ
861 2467 955 2518 καὶ
983 2464 1042 2519 τὸ
1060 2467 1200 2521 κατά
1224 2472 1405 2521 πᾶσαν
1424 2471 1519 2539 τὴν
1557 2470 1711 2523 πόλιν
1741 2468 2025 2534 σώζεσθαι.

418 2616 423 2625 ι
470 2549 849 2620 ὀπλισθέντες
906 2559 1190 2628 τοιγαροῦν
1244 2560 1445 2614 διέθεον
1484 2562 1660 2615 πᾶσαν
1700 2561 1800 2615 τὴν
1851 2563 2025 2627 πόλιν,

1222 2652 1267 2693 /

449 2731 908 2801 consternaverit,
944 2731 1180 2788 furorem
1240 2732 1367 2790 inde
1395 2732 1567 2791 oculis
1618 2732 1917 2798 effundere,
1975 2745 2031 2789 ttt

448 2823 557 2879 sibi
624 2840 809 2880 coram
882 2841 1112 2883 cernere
1168 2837 1362 2882 mmsta
1423 2837 1671 2897 tetraque
1734 2828 2029 2882 simulacza

445 2917 760 2982 videantur,
793 2933 914 2988 qua:
946 2935 1213 2987 nusquam
1256 2920 1367 2974 sint
1396 2919 1523 2975 alibi
1557 2934 1717 2989 quam
1758 2920 1812 2973 in
1843 2936 2030 2973 errore

446 3007 735 3063 delirantis
757 3007 946 3073 animi,
966 3009 1112 3065 unici
1144 3009 1371 3065 artificis
1400 3009 1642 3074 illorum,
1675 3009 2030 3079 persuasione

2150 570 2358 625 ικεϊθεν
2400 572 2521 641 μεθ’
2551 572 2729 645 ὁρμῆς
2796 572 3138 644 ὲξαλλόμενοι
3183 574 3335 628 οὐδὲν
3376 575 3555 644 ἑώρων
3595 576 3693 629 τῶν

2148 657 2454 732 λεγομένων
2480 707 2496 730 ,
2554 666 2730 735 μόνων
2770 668 2826 720 δὲ
2873 667 3124 738 ὀδυρμῶν
3174 666 3269 720 καὶ
3327 670 3699 735 στεναγμάτων

2149 752 2345 824 ἤκουον
2396 756 2473 820 di;
2521 759 2737 823 ἁλόντος
2795 760 2887 813 τοῦ
2928 761 3119 822 ἄστεος
3171 759 3266 811 καὶ
3294 760 3372 821 ὡς
3412 757 3505 811 τοῦ
3537 758 3696 812 δεινοῦ

2149 846 2331 914 σφίσιν
2359 849 2418 899 ὲν
2457 849 2572 920 χρῷ
2608 850 2908 918 γεγονότος,
2958 850 3053 904 sui.
3092 851 3274 919 σχῆμα
3329 844 3399 919 ἢν
3459 849 3699 919 ἄντικρυς

2149 934 2380 1007 ἀλούσης
2407 938 2612 1003 πόλεως
2637 941 2706 995 τά
2734 941 3103 1012 πραττόμενα,
3147 942 3289 1010 πλὴν
3347 941 3445 992 οὐκ
3488 940 3553 992 ἔιι
3602 938 3698 993 τῶν

2148 1029 2400 1100 δρώντων
2427 1033 2841 1104 είκονιζομένων
2866 1033 2979 1087 τῶν
3014 1034 3288 1105 χαλεπῶν,
3338 1032 3455 1086 ἀλλ’
3502 1035 3565 1085 ἐκ
3601 1034 3699 1086 τῶν

2148 1121 2464 1201 πασχόντων
2494 1125 2563 1178 τὰ
2605 1128 2702 1195 τῆς
2730 1124 3004 1188 ἁλώσεως.
3054 1125 3131 1189 Οὐ
3174 1124 3281 1196 γὰρ
3327 1123 3480 1187 κενὸς
3532 1123 3700 1180 ἐκάλει

2148 1212 2304 1264 κενὸν
2339 1211 2417 1275 ώς
2467 1213 2766 1284 ληψόμενος
2799 1214 2890 1267 τὸν
2921 1213 3091 1285 ἀργὸν
3130 1212 3269 1283 πρὸς
3316 1213 3378 1266 τὺ
3425 1212 3699 1284 λήψεσθαι,

2138 1302 2269 1355 οὐδὲ
2299 1302 2511 1375 πλήρης
2534 1302 2610 1358 ὢν
2633 1305 2792 1369 ἄλλος
2826 1302 3178 1377 παρώτρυνεν
3210 1305 3419 1375 ἓτερον,
3453 1303 3567 1359 ἀλλ’
3598 1299 3699 1357 οἷον

2146 1389 2542 1456 ἐκσπασθέντες
2585 1393 2660 1463 τῷ
2725 1394 3049 1465 φοσόληπτοι
3100 1394 3399 1463 γεγονέναι,
3449 1392 3546 1447 καὶ
3598 1396 3699 1455 τοῖς

2143 1483 2364 1547 οἰκείοις
2388 1483 2464 1548 ὡς
2488 1485 2785 1558 ἀλλοτρίοις
2803 1489 3255 1556 προσπταίοντες,
3283 1487 3600 1541 ὑπώπτευον
3616 1486 3701 1540 καὶ

2143 1574 2271 1636 τοὺς
2325 1576 2576 1645 συνήθεις
2634 1575 2706 1639 ὡς
2759 1577 3072 1646 πολεμίους,
3134 1577 3285 1647 παρά
3356 1575 3609 1629 τοσοῦτον
3643 1576 3699 1630 οὑ

2146 1664 2472 1733 σφάττοντες
2500 1666 2630 1736 παρ’
2661 1667 2784 1719 ὅσον
2810 1667 2906 1720 καὶ
2956 1666 3018 1718 τὸ
3063 1666 3197 1739 πρὸς
3253 1664 3480 1720 ἐκείνων
3520 1664 3700 1720 παθεῖν

2143 1754 2520 1825 ἐφυλάττοντο,
2545 1757 2802 1829 δύσμοροι
2832 1756 2931 1828 τῆς
2964 1757 3255 1827 ὁμαιχμίας
3297 1755 3392 1810 καὶ
3421 1755 3592 1810 ἄθλιοι
3612 1756 3702 1820 τῆς

2140 1848 2279 1901 κατᾶ
2313 1849 2454 1917 σφᾶς
2481 1848 2787 1919 προθυμίας
2810 1848 3061 1912 ἕκαστος.
3084 1850 3218 1903 Τότε
3268 1850 3363 1902 καὶ
3392 1850 3443 1902 οἱ
3486 1850 3546 1901 ὲν
3600 1849 3703 1918 είρ-

2141 1937 2294 1997 xui;
2322 1936 2561 2007 σιδήροις
2594 1937 2911 2009 πεδούμενοι
2943 1938 3150 2008 (πολλοὶ
3178 1939 3280 2007 γὰρ
3294 1938 3406 1992 τῶν
3435 1937 3700 2007 πολεμίων

2140 2030 2499 2098 κρατηθέντες
2529 2030 2610 2092 ὡς,
2637 2030 2859 2101 εἱρκτὴν
2887 2030 3055 2102 λήθης
3081 2032 3179 2101 τὴν
3215 2033 3274 2085 ὲν
3303 2030 3512 2102 Νικαίᾳ
3540 2030 3702 2098 φυλα-

2139 2121 2242 2189 κὴν
2306 2122 2706 2192 κατεκρίνοντο,
2744 2120 2819 2187 ὡς
2869 2123 2931 2177 οὐ
2984 2123 3181 2193 ῥαδίως
3240 2124 3307 2177 ἂν
3356 2122 3700 2191 ἀποδράντες)

2140 2214 2336 2267 ἐκεῖνοι
2385 2214 2562 2267 τοίνυν
2616 2214 2713 2283 τὴν
2761 2214 2944 2285 κοινὴν
2997 2214 3263 2283 θεώμενοι
3313 2214 3558 2285 ταραχὴν
3591 2215 3701 2267 ἐπί-

2142 2321 2330 2359 στευον
2354 2305 2481 2368 τοὺς
2519 2305 2746 2375 ἐχθροὺς
2769 2306 3000 2359 εἰσιέναι
3028 2305 3122 2359 καὶ
3146 2305 3414 2375 κρατῆσαι
3469 2307 3533 2358 τὸ
3554 2305 3697 2372 ἄστυ,

2137 2396 2237 2450 οὐκ
2270 2396 2328 2461 ἐξ
2349 2390 2424 2450 ὧν
2449 2396 2688 2458 ἐκείνους
2716 2395 2963 2461 ἔϐλεπον,
2985 2397 3101 2449 ἀλλ’
3130 2395 3188 2461 ἐξ
3215 2389 3288 2448 ὧν
3316 2397 3407 2449 τὸν
3438 2397 3545 2450 τῶν
3573 2397 3702 2451 ἑποί-

2139 2501 2250 2538 κων
2278 2484 2504 2554 θόρυϐον
2526 2485 2778 2542 ἐθεῶντο.
2813 2484 2922 2538 Καὶ
2941 2484 3003 2554 δὴ
3041 2485 3151 2537 τῶν
3181 2484 3356 2538 πεδῶν
3396 2486 3700 2548 ἐκλυθέντες

2139 2573 2365 2643 οὐραγοί
2407 2591 2553 2639 τινες
2596 2569 2738 2645 ἦσαν
2811 2573 3214 2648 προεκθεούσης
3261 2576 3362 2647 τῆς
3412 2574 3698 2643 φάλαγγος,

2141 2744 2386 2813 nihilque
2442 2743 2629 2798 deerat
2689 2741 2754 2795 ad
2822 2754 3040 2797 scenam
3125 2741 3383 2810 tragicam
3465 2751 3711 2794 erm-mm

2135 2835 2493 2896 calamitatis.
2551 2834 2728 2902 qualis
2800 2833 2856 2887 itt
2922 2830 3234 2901 direptione
3315 2827 3470 2882 urbis
3549 2839 3711 2893 expu-

2140 2940 2319 2998 gnata:
2363 2926 2633 2990 cemitur,
2688 2924 2791 2980 nisi
2849 2924 2995 2994 quod
3035 2923 3164 2978 solae
3195 2935 3316 2989 qua:
3375 2918 3710 2989 patiebantur

2145 3034 2396 3089 persona:
2433 3029 2614 3085 partes
2644 3015 2779 3081 illic,
2808 3025 2863 3070 et
2892 3014 3107 3083 quidem
3138 3009 3565 3083 perfectissime,
3596 3019 3709 3076 age-

446 3101 697 3172 quamvis
723 3116 857 3155 vana
878 3102 1154 3171 stultaque
1177 3103 1230 3157 iu
1255 3113 1405 3157 certo
1433 3100 1737 3184 afﬁrmandi
1772 3103 1933 3158 tidttci
1955 3120 2024 3155 un
2055 3148 2099 3207 c
2139 3113 2267 3166 bam
2294 3126 2443 3174 suas,
2504 3111 2612 3164 vim
2670 3107 2969 3163 inferentes
2998 3104 3383 3175 comparebant
3430 3115 3707 3171 nusquam.

444 3195 780 3250 abundante.
814 3195 964 3249 Talia
984 3195 1125 3264 quia
1151 3202 1340 3250 contra
1358 3196 1702 3251 venientibus
1719 3196 2026 3259 audierant,
2057 3191 2099 3229 Υ
2135 3204 2249 3259 Non
2291 3204 2457 3266 εηζιιι,
2482 3213 2540 3256 ιιι
2575 3203 2633 3256 [ξι
2664 3201 2718 3255 in
2745 3201 3115 3270 depraedation
3143 3200 3247 3255 bus
3273 3206 3559 3266 captarum
3585 3191 3709 3248 civi.

443 3285 756 3341 referebant
789 3296 937 3340 retro
959 3286 1148 3355 pedem
1170 3288 1360 3344 domos
1385 3304 1613 3354 versus;
1647 3304 1774 3359 pars
1797 3290 2029 3361 angulos

444 3380 856 3443 scrutabantur,
927 3378 1105 3433 sicubi
1161 3396 1354 3436 cavum
1419 3381 1732 3437 invenirent
1794 3399 1906 3453 quo
1969 3394 2030 3438 se

444 3468 894 3539 compingerem:
965 3471 1056 3524 alii
1119 3471 1264 3526 aliud
1328 3472 1518 3527 salutis
1576 3488 1729 3542 spem
1792 3473 2028 3529 otferens

380 3574 387 3583 ‘
442 3563 730 3619 Iatibulum
796 3567 1122 3636 captabant;
1188 3582 1287 3621 nec
1348 3569 1573 3624 deerant
1608 3569 1726 3639 ~qui
1767 3569 2029 3639 sepulcris

443 3658 647 3712 «Indum
691 3666 1024 3713 mortuorum
1054 3674 1175 3714 sese
1214 3658 1558 3715 insinuantes
1589 3662 1664 3716 ibi
1696 3673 2025 3731 mussarent;

442 3748 578 3805 Iocis
605 3750 821 3820 quidam
851 3752 1078 3806 munitis
1093 3760 1146 3805 et
1180 3753 1321 3806 tlrmi
1351 3755 1531 3823 operis
1558 3763 1719 3824 caput
1750 3755 2027 3825 vitamque

442 3844 923 3899 commendabant.
992 3845 1073 3900 Ab
1141 3846 1227 3901 his
1285 3845 1487 3901 diversi
1558 3846 1804 3901 nonnulli
1861 3846 2027 3915 digno

440 3934 600 4002 viris,
662 3946 718 3991 et
770 3946 829 3991 ut
883 3936 1018 4006 ipsis
1070 3938 1378 4006 videbatur,
1448 3954 1715 4007 generoso
1768 3940 2021 4008 consilio,

445 4027 617 4081 armis
647 4027 872 4093 indutis,
894 4038 1110 4098 arrepta
1138 4028 1322 4084 lancea
1357 4040 1645 4100 scutoque,
1677 4031 1770 4101 qui
1799 4031 2025 4087 duceret

440 4119 705 4187 adversus
741 4118 980 4189 .hostetn
1046 4123 1388 4193 quaerebant.
1461 4121 1638 4179 Homo
1706 4134 1827 4180 erat
1901 4126 2024 4181 urbi

439 4213 766 4283 praepositus
816 4214 1123 4283 praedarum
1181 4231 1344 4285 quam
1403 4217 2020 4288 prmliorttmscientior,

439 4304 762 4362 Manuelites
816 4306 1093 4363 Nicolaus.
1149 4306 1291 4362 Huic
1318 4308 1493 4364 honor
1532 4309 1808 4377 obtigerat
1834 4312 2024 4381 praesi-

439 4399 603 4452 dcndi
644 4410 771 4471 tunc
794 4398 1010 4456 Niciam.
1048 4399 1217 4456 Erant
1264 4411 1320 4456 et
1381 4402 1473 4457 alii
1505 4401 1748 4472 plurimi,
1808 4403 2021 4459 militia:

2134 3305 2329 3359 tatutu,
2394 3309 2606 3348 vacuus
2659 3308 2889 3346 vacuum
2944 3291 3341 3347 exhortabatur
3394 3289 3466 3340 ad
3532 3298 3718 3353 secum

2131 3387 2472 3458 rapiendum,
2537 3396 2594 3442 et
2650 3386 2704 3440 in
2764 3386 2868 3440 hoc
2917 3399 3138 3456 segnem
3201 3380 3549 3450 increpabat.
3595 3375 3702 3429 Non

2131 3480 2319 3536 rursus
2341 3479 2535 3548 plenus
2562 3476 2763 3548 praeda:
2801 3476 2943 3531 alius
3012 3472 3323 3528 oStentahat
3355 3469 3511 3525 socio
3540 3466 3700 3536 spolia

2129 3569 2399 3641 exposita,
2430 3569 2664 3624 incitans
2722 3579 2778 3621 ut
2817 3576 3035 3621 strenue
3087 3561 3347 3616 auferret.
3405 3556 3575 3620 Nihil,
3630 3554 3704 3607 iu-

2128 3678 2315 3733 quam,
2359 3661 2714 3732 spectabatur
2759 3658 2884 3719 tale.
2914 3656 3010 3711 sed
3062 3663 3267 3709 tantum
3301 3650 3460 3704 turba
3511 3644 3702 3745 tumul—

2132 3764 2291 3810 tuaus
2348 3753 2660 3808 avulsorum
2724 3747 2975 3805 domibus
3024 3753 3077 3800 et
3133 3753 3335 3798 temere
3369 3744 3700 3794 cursanttum

2130 3858 2276 3903 metu
2310 3845 2709 3918 lympltatorum
2744 3857 2759 3896 :
2791 3840 2882 3911 qui
2931 3839 3023 3894 ubi
3085 3837 3143 3891 in
3192 3831 3529 3891 domesticos
3579 3842 3698 3899 pru—

2130 3955 2294 3997 cursu
2368 3935 2729 4001 oﬁ'enderant,
2795 3928 3256 3987 cohorrescebant
3322 3934 3586 3994 tanquam
3646 3919 3697 3973 in

2129 4033 2314 4087 hostes
2346 4029 2695 4093 incidissent,
2735 4034 2946 4081 terrore
2994 4021 3210 4091 panico,
3244 4033 3354 4089 quo
3401 4025 3564 4071 erant
3601 4014 3699 4069 fas-

2127 4125 2316 4185 einati,
2370 4111 2668 4177 familiares
2719 4117 3062 4174 deformante
3118 4113 3172 4168 in
3230 4112 3519 4174 barbaros,
3573 4119 3698 4178 quos

2127 4233 2198 4273 ne
2253 4214 2501 4272 occidere
2560 4219 2895 4268 conarentur
2958 4207 3072 4263 sola
3115 4204 3301 4261 tuendi
3336 4218 3395 4258 se
3448 4202 3599 4272 ipsos
3634 4198 3697 4250 ab

2127 4324 2316 4366 eorum
2347 4306 2560 4365 scilicet
2592 4303 2792 4359 infesta
2833 4302 2886 4359 vi
2908 4310 2969 4357 et
2995 4298 3166 4354 armis
3197 4312 3332 4353 cura
3364 4292 3694 4349 retardabat.

2127 4401 2381 4458 Infelices
2414 4398 2531 4453 dira
2566 4396 2835 4459 czecitate,
2872 4393 2964 4463 qui
2996 4406 3102 4445 non
3132 4389 3525 4444 discernerent
3554 4382 3695 4438 cives

437 4505 541 4565 usu
569 4492 849 4557 nonnullo,
881 4493 1172 4548 multorum
1195 4509 1459 4550 annorum
1485 4494 1773 4565 Stipendiis
1799 4495 2015 4553 imbuti.
2050 4494 2095 4550 D
2122 4504 2180 4552 et
2222 4495 2399 4551 socios
2428 4492 2497 4547 ab
2528 4491 2809 4554 hostibus;
2841 4501 2941 4542 nec
2960 4485 3138 4540 minus
3166 4481 3351 4537 miseri
3381 4477 3691 4535 fortitudine

438 4564 647 4637 l’lorum
682 4585 818 4639 nulli
846 4597 954 4640 tutu
1005 4582 1155 4641 venit
1186 4586 1242 4641 in
1297 4596 1533 4642 mentem
1568 4588 1813 4659 cogitare
1845 4604 2016 4646 vanos

440 4674 764 4756 plerumque
798 4676 929 4733 ferri
973 4677 1242 4751 ejusmodi
1275 4695 1555 4740 rumores.
1606 4680 1841 4752 ideoque
1876 4682 2022 4740 serio

437 4766 602 4841 247
652 4768 958 4841 disquirere
1013 4772 1146 4842 quid
1200 4772 1259 4829 in
1318 4787 1376 4829 re
1430 4784 1620 4839 esset;
1669 4774 1763 4829 sed
1818 4776 2022 4844 pariter

434 4877 628 4918 omnes
664 4879 770 4918 una
791 4865 1073 4922 communi
1088 4866 1324 4937 perculsi
1348 4864 1659 4932 formidine,
1699 4869 2021 4940 satagebant

434 4957 545 5011 non
579 4971 640 5011 se
663 4956 830 5025 solos,
869 4973 1057 5013 verum
1088 4969 1144 5013 et
1179 4959 1326 5015 cives
1359 4968 1608 5030 tectaque
1636 4975 1878 5016 servare.
1909 4962 2020 5016 Ar-

435 5048 572 5102 mati
603 5063 731 5121 ergo
787 5050 1170 5106 discurrebant
1218 5067 1314 5121 per
1350 5061 1515 5105 totam
1540 5052 1840 5116 civitatem,
1875 5053 2021 5108 velut

432 5138 657 5210 quidam
712 5140 854 5197 ultro
925 5141 1178 5210 citroque
1262 5140 1524 5196 Continuo
1598 5138 2018 5195 commeabundi

429 5231 637 5287 celeres
686 5232 884 5289 nuntii.
947 5226 1025 5286 Ᾱε
1076 5218 1206 5287 dum
1261 5233 1317 5286 hi
1372 5233 1534 5296 hanc,
1599 5231 1693 5286 alii
1756 5231 1917 5286 aliam
1958 5231 2017 5296 in

432 5335 644 5390 partem
679 5324 887 5397 impetu
943 5324 1215 5389 feruntur,
1248 5325 1383 5380 nihil
1430 5325 1649 5395 quidem
1680 5339 1869 5380 eorum
1898 5339 2017 5394 qum

432 5416 762 5473 dicebantur
842 5417 1139 5473 videbant:
1218 5417 1394 5471 solum
1475 5415 1706 5484 cjttlatu‘s
1777 5416 2017 5483 undique

436 5517 805 5580 planctusque
835 5510 1157 5575 audiebant,
1196 5509 1344 5566 velut
1376 5516 1531 5577 Capta
1562 5508 1784 5565 civitate
1813 5509 2017 5564 lamen-

431 5600 664 5655 tantium
697 5618 712 5668 ;
753 5613 1021 5671 erantque
1052 5617 1210 5657 voces
1245 5617 1310 5657 ac
1345 5601 1611 5656 clamores
1637 5602 1796 5671 plane
1825 5600 2015 5670 quales

430 5688 737 5761 hominum,
792 5711 928 5765 quos
974 5681 1099 5751 cum
1138 5694 1377 5749 maxime
1437 5710 1674 5765 prmsens
1717 5693 1908 5765 pungit
1947 5708 2013 5748 ac

430 5789 651 5858 peuizus
691 5791 937 5847 vulnerat
969 5789 1171 5845 atroris
1234 5785 1535 5857 ingruentis
1592 5787 1717 5849 ntali
1774 5802 2007 5853 sensus;

2132 4585 2536 4658 intempestiva,
2573 4599 2677 4653 qua
2710 4582 2765 4635 in
2795 4580 3000 4634 amicos
3030 4586 3192 4645 atque
3216 4575 3352 4630 adeo
3388 4574 3442 4627 in
3470 4586 3529 4628 se
3560 4572 3697 4640 ipsos

2133 4693 2447 4735 mucronem
2466 4677 2836 4746 impetumque
2857 4673 3235 4742 unusquisque
3258 4667 3532 4724 vertebat.
3553 4661 3695 4718 Tunc

2131 4774 2185 4830 bi
2223 4785 2442 4844 quoque
2470 4783 2608 4841 quos
2661 4766 2919 4823 Custodite
2967 4765 3114 4821 ferro
3168 4763 3382 4816 vinctos
3446 4756 3693 4811 tenebant

2131 4867 2314 4940 (multi
2357 4863 2505 4920 enim
2555 4860 2702 4918 bello
2732 4859 2878 4930 capti
2934 4867 3198 4930 perpetuo
3254 4865 3476 4911 carcere
3515 4849 3694 4903 Nicen:

2128 4956 2407 5017 detinendi
2442 4952 2681 5010 damnati
2709 4961 2886 5014 erant,
2919 4952 2986 5005 ad
3012 4950 3063 5004 id
3095 4950 3196 5002 ista
3221 4945 3424 5001 delecta
3456 4940 3685 4998 civitate.

2127 5050 2272 5122 quod
2329 5049 2454 5104 inde
2510 5045 2781 5102 difﬁcilius
2829 5043 2947 5098 vias
3000 5037 3236 5110 fugiendi
3270 5035 3509 5105 reperire
3540 5043 3687 5101 posse

2127 5136 2491 5209 viderentur),
2521 5137 2633 5204 isti,
2680 5137 2922 5205 inquam,
2978 5130 3251 5188 communi
3327 5124 3687 5182 animadversa

2126 5234 2562 5305 perturbatione,
2640 5227 2885 5300 persuasi
2940 5240 3129 5281 revera
3166 5224 3456 5292 ingressos
3514 5220 3684 5273 hostes

2125 5325 2292 5399 248
2317 5334 2370 5379 et
2403 5324 2454 5378 in
2490 5322 2622 5377 urbe
2656 5320 2971 5391 praevalere.
3028 5333 3134 5372 non
3167 5313 3311 5385 quod
3373 5313 3520 5383 ipsos
3551 5309 3683 5362 vide-

2126 5427 2267 5480 rent,
2318 5414 2412 5471 sed
2446 5429 2508 5468 ex
2548 5411 2908 5482 trepidatione
2958 5423 3119 5477 quam
3159 5403 3451 5460 cernebant
3495 5401 3679 5454 civium

2124 5508 2285 5563 ducta
2316 5504 2650 5575 conjectura,
2680 5499 2841 5557 soluti
2873 5498 3105 5553 vinculis
3135 5510 3194 5552 se
3221 5493 3445 5550 comites
3475 5488 3683 5546 addide-

2125 5610 2251 5657 runt
2281 5600 2347 5655 iis
2376 5598 2445 5654 de
2490 5596 2688 5667 quibus
2722 5593 2836 5648 dixi
2886 5592 3135 5653 armatis,
3168 5596 3223 5643 et
3258 5596 3500 5643 extremo
3546 5579 3681 5634 velut

2124 5690 2339 5762 agmine
2364 5689 2643 5743 cohortem
2674 5683 3265 5759 auxeruntobeuutem,
3298 5687 3349 5731 ut
3372 5686 3452 5731 est
3484 5684 3676 5728 metro-

2124 5794 2326 5848 ratum,
2393 5779 2508 5837 vias
2557 5777 2728 5845 urbis,
2762 5783 2815 5834 et
2862 5779 3258 5846 praecurrentes
3303 5766 3673 5839 sequebantur,
