3926 6544
218 391 312 463 693

1150 392 1248 462 DE
1291 389 1684 463 MICHAELE
1717 388 2181 462 PALAiULOGO
2220 402 2366 462 LIB.
2408 394 2520 463 IlI'.

3344 378 3477 459 tot

218 519 344 584 πλὴν
371 513 429 571 οὐ
458 514 575 570 κατ’
603 511 843 587 ἄμυναν,
879 514 1016 570 ἀλλὰ
1057 519 1197 573 κατὰ
1225 520 1537 592 προθυμίαν
1560 538 1651 574 του
1675 538 1773 590 φυ-
1799 525 1844 581 Α
1873 518 1922 572 οί
1938 517 1981 570 δ’
2041 516 2252 572 ἑκείθεν
2315 517 2506 582 ίόντες,
2561 515 2678 587 ἅμα
2724 513 2846 567 καθ’
2902 511 3116 584 ἡμίσεις
3171 513 3290 574 ταῖς
3333 515 3454 570 καθ⁴

214 609 516 665 λάσσεσθαι.
553 601 664 662 Ἦν
696 609 754 663 δὲ
783 609 845 663 τὸ
869 610 969 681 τῆς
997 611 1274 683 ἐκδρομῆς
1326 613 1478 676 τέλος
1541 614 1631 667 ἐπὶ
1676 613 1776 678 τὰς

215 702 375 763 πύλας
415 699 551 753 ίέναι
575 701 673 768 τῆς
709 698 939 763 πόλεως.
975 700 1085 753 Καὶ
1107 701 1134 753 ὁ
1163 700 1289 764 λαὸς
1316 700 1380 774 [Ρ
1414 701 1539 774 165]
1589 702 1774 756 εἵπετο

210 791 380 862 χύδην,
427 790 520 842 καὶ
563 790 623 842 ὲν
672 789 942 862 ἀλογίστῳ
1000 795 1065 864 τῇ
1121 793 1246 846 καθ’
1312 793 1474 848 αὐτὸν
1521 795 1778 866 ἀσθενείᾳ

209 881 482 952 ὠρρώδουν
512 880 762 946 ἕκαστος,
797 881 874 946 ὡς
919 883 951 954 ἢ
994 884 1385 955 τεθνηξόμενος
1406 887 1512 939 τῶν
1544 885 1777 956 πρώτων

208 975 486 1034 πεσόντων,
544 975 591 1025 εξ
646 975 694 1026 ot
746 974 994 1046 πολέμιοι
1053 976 1250 1044 ἔξωθεν
1303 979 1674 1044 διεκπαίοιεν,
1740 980 1772 1050 ἢ

204 1066 396 1118 τούτων
423 1066 778 1121 ἁνωθούντων
801 1070 926 1132 τοὺς
951 1071 1332 1140 είςχεομένους
1384 1075 1477 1125 καὶ
1513 1073 1776 1126 ἀναστελ-

207 1159 396 1212 λὸντων
459 1159 671 1212 ἔνδοθεν
713 1161 873 1223 αὐτὸς
933 1162 1182 1232 οὐραγῶν
1235 1163 1684 1234 συνελενσόμενός
1717 1181 1776 1218 τε

206 1253 288 1303 καὶ
343 1251 766 1322 ὲκφευξόμενος.
818 1254 889 1306 Τὸ
932 1254 986 1306 δὲ
1041 1251 1108 1325 ἦν
1168 1255 1272 1324 ἄρα
1314 1257 1513 1319 ὄνειδος
1570 1257 1774 1320 αὐτοῖς.

207 1345 602 1413 Προσπεσόντες
625 1346 734 1416 γὰρ
772 1349 888 1410 ταῖς
917 1348 1110 1413 πύλαις
1157 1350 1218 1402 οὐ
1267 1348 1405 1418 μετὰ
1451 1349 1549 1419 τῆς
1607 1349 1779 1418 αὐτῆς

205 1440 288 1488 καὶ
318 1437 444 1506 μιᾶς
480 1437 792 1505 προθέσεως
841 1440 1143 1512 ἐπῆρχοντό
1177 1458 1234 1491 τε
1296 1442 1388 1494 καὶ
1441 1439 1775 1511 ἀνεχώρουν,

205 1528 308 1581 ἀλλ’
331 1530 386 1581 ἐν
410 1533 624 1602 ταραχῇ
658 1531 751 1585 καὶ
800 1534 896 1585 σὺν
949 1534 1123 1586 οὐδενὶ
1166 1534 1360 1604 κόσμῳ
1395 1534 1778 1603 ιὲμπίπτοντες

209 1619 317 1690 μεθ’
349 1622 582 1690 ἡσυχίας
637 1624 728 1679 καὶ
784 1625 880 1676 σὺν
934 1625 1262 1686 καταστάσει
1309 1629 1371 1696 τῇ
1427 1627 1778 1697 προσηκούσῃ

205 1710 569 1778 ἀνεζεύγνυον.
606 1713 874 1784 Εὖρισκον
913 1717 1020 1785 γὰρ
1075 1717 1196 1770 καθ’
1247 1717 1479 1787 ἡσυχίαν
1531 1718 1778 1789 καθημέο

205 1820 319 1868 νους
338 1803 462 1868 τοὺς
495 1805 746 1874 φύλακας
779 1809 872 1862 καὶ
893 1808 1059 1879 μηδὲν
1092 1810 1384 1878 ἐπαϊοντας
1412 1811 1522 1862 τῶν
1551 1810 1654 1864 ἀνὰ
1682 1809 1780 1881 τὴν

1880 609 2138 678 ἑκάτερον
2166 609 2362 673 πύλαις
2393 609 2700 680 ἐφίσταντο,
2729 606 3057 674 ἀπογνόντες
3117 605 3194 667 ὠς
3229 605 3302 675 μὴ
3357 624 3455 660 πο-

1879 701 2077 773 νούσης
2101 702 2199 772 τῆς
2232 701 2356 756 καθ’
2389 701 2484 756 ἕω.
2526 701 2617 761 Ὠς
2646 701 2700 755 δὲ
2723 701 2790 754 τὰ
2826 702 2917 755 ίσα
2968 702 3061 754 καὶ
3114 704 3170 754 ἐν
3211 701 3452 766 ἐκείναις

1879 789 2036 865 εὗρον
2058 795 2179 868 (τὴν
2211 795 2319 866 γὰρ
2359 797 2493 866 πρὸς
2518 793 2760 863 αἰγιαλὸν
2785 794 2959 857 οὐδεὶς
3005 793 3082 857 ὡς
3141 793 3453 862 προδώσου-

1882 902 1980 940 σαν
2010 884 2485 956 καθνπώπτευεν),
2512 888 2586 946 είς
2612 884 2670 936 ἓν
2707 883 3071 952 συναχθέντες
3125 883 3454 937 καθίσταντό

1879 995 1936 1030 τε
1970 979 2066 1040 τὰς
2096 977 2272 1048 ψυχὰς
2308 980 2399 1032 καὶ
2423 980 2476 1030 ὲν
2511 977 2791 1048 ἀμηχανία
2807 976 2898 1029 τοῦ
2933 978 2986 1029 τί
3010 976 3269 1046 πράττειν
3289 973 3452 1048 ἦσαν’

1885 1069 1958 1140 μὴ
1992 1070 2100 1139 γὰρ
2128 1071 2189 1123 Liv
2211 1069 2330 1124 κατ’
2371 1071 2526 1140 ἀέρος
2559 1071 2745 1122 πεσεῖν
2769 1069 2892 1131 τοὺς
2917 1069 3146 1138 ἐχθροὺς
3179 1069 3454 1139 πτέρυγας

1883 1160 2221 1231 περιθέντας.
2271 1162 2356 1224 Ὠς
2387 1162 2441 1213 δὲ
2491 1161 2582 1215 καὶ
2623 1161 2718 1231 τὴν
2779 1163 2834 1224 ἐς
2877 1162 3124 1228 αἰγιαλὸν
3181 1162 3458 1232 φέρουσαν

1881 1252 2202 1316 ἐπιστάντες
2223 1254 2508 1326 ἐλευθέραν
2535 1254 2628 1305 καὶ
2665 1254 2869 1324 ταύτην
2895 1253 3051 1315 δέους
3104 1245 3262 1322 εὖρον
3317 1271 3457 1306 παν-

1883 1347 1997 1408 τὸς,
2038 1344 2145 1397 τῶν
2178 1345 2431 1415 φυλάκων
2459 1346 2551 1396 καὶ
2587 1344 2666 1407 εἰς
2710 1343 2906 1414 χλεύην
2947 1343 3247 1411 τιθεμένων
3305 1343 3456 1411 σφίσι

1881 1436 1980 1507 τὴν
2005 1437 2241 1506 ἀπάτην,
2272 1436 2606 1490 ἀνέπνευσαν
2621 1453 2678 1488 τε
2705 1435 2906 1499 εὐθέως
2939 1435 3028 1488 τοῦ
3054 1436 3205 1499 δέους
3241 1437 3334 1487 καὶ
3360 1435 3458 1505 τὴν

1882 1531 2060 1585 αἰτίαν
2089 1530 2186 1598 τῆς
2210 1530 2400 1598 φήμης
2429 1530 2674 1599 ἠρεύνων
2708 1545 2722 1561 ·
2759 1529 2834 1598 μὴ
2871 1530 2978 1599 γὰρ
3005 1528 3071 1582 ἂν
3097 1528 3317 1581 αὐτόθεν
3354 1529 3460 1597 γῆς

1886 1619 2281 1690 μυκησαμένης
2339 1619 2707 1690 ἐξενεχθῆναι,
2770 1622 2819 1674 εἰ
2874 1621 3066 1691 μήτις
3111 1621 3326 1692 πρῶτος
3370 1622 3461 1674 τὸν

1886 1710 2050 1778 φόϐον
2091 1711 2536 1791 ἐψευδολόγησεν.
2593 1711 2714 1764 Ἐπὶ
2743 1710 2943 1773 πολλὰς
2973 1710 3103 1778 γοῦν
3127 1713 3461 1782 τραπόμενοι

1883 1802 1980 1865 τὰς
2013 1801 2186 1864 ὁδοὺς,
2220 1801 2353 1872 μηδὲ
2383 1803 2442 1854 τὸ
2471 1801 2630 1871 τυχὸν
2656 1801 2998 1871 παριδόντες,
3021 1802 3086 1870 ἦν
3119 1819 3202 1864 τις
3227 1801 3463 1870 προσάλ-

205 1897 346 1950 πὸλιν
371 1899 703 1969 γενομένων.
743 1899 906 1953 Ὅθεν
947 1903 1042 1953 καὶ
1084 1903 1286 1972 μᾶλλον
1321 1901 1520 1973 ἦλγούν
1553 1903 1625 1964 ὡς
1683 1903 1774 1956 τό·
1814 1881 1854 1938 Β
1880 1895 2044 1960 λοιτο,
2070 1895 2216 1950 οὐδὲν
2236 1895 2396 1948 πλέον
2419 1890 2562 1965 εἶχον
2585 1893 2838 1966 εὑρέσθαι
2866 1894 2960 1947 τοῦ
2991 1895 3052 1960 ἐξ
3073 1894 3311 1964 ἀφανοῦς
3342 1893 3462 1964 ἅμα

209 2005 291 2040 σον
322 1991 692 2060 ἠπατημένοι,
719 1990 752 2062 ἢ
785 1991 1076 2064 ὠρρώδουν
1107 1995 1163 2048 ἐν
1197 1994 1383 2058 ἄλλαις
1429 1995 1626 2058 πύλαις
1688 1995 1778 2048 ελ.

137 2137 140 2142 _
207 2076 486 2148 πιζόμενον
535 2079 599 2133 τὸ
642 2082 831 2135 κακόν.
903 2084 968 2136 Ὃ
1010 2084 1072 2155 δὴ
1130 2085 1226 2138 καὶ
1283 2083 1454 2137 πλείω
1520 2087 1778 2154 παρεῖχεν

209 2169 422 2234 ἐκείνοις
459 2171 564 2240 τὴν
581 2174 850 2246 ταραχὴν,
871 2177 918 2228 εί
946 2174 1092 2230 οὕτω
1119 2175 1493 2246 βραδυνάντων
1514 2177 1613 2245 τῆς
1642 2177 1781 2246 πρὸς

207 2264 296 2324 τὰς
327 2263 532 2334 μηδένα
565 2266 730 2334 φόϐον
751 2267 978 2336 ἐχούσας
1013 2268 1185 2332 πύλας
1239 2271 1562 2342 ἁπτομένων
1613 2272 1662 2322 οί
1692 2273 1780 2340 ἐχ-

209 2356 315 2427 θροὶ
341 2357 462 2412 καθ’
497 2360 694 2432 ἑτέρας
731 2359 904 2424 πύλας
935 2361 1052 2430 μετ’
1083 2362 1366 2434 εὐχερείας
1410 2363 1587 2432 πάσης
1638 2366 1781 2417 εἰσε-

209 2447 350 2519 λῷεν.
376 2451 486 2504 Καὶ
520 2451 586 2522 δὴ
616 2452 826 2506 ἐκεῖθεν
855 2453 1313 2524 διασκιδνάμενοι,
1371 2457 1420 2508 οἱ
1472 2457 1573 2524 μὲν
1607 2455 1780 2517 ἔνθεν,

218 2640 315 2681 non
348 2625 424 2680 illi
453 2626 676 2697 quidem
719 2628 902 2683 animo
929 2638 1023 2686 aut
1053 2629 1256 2699 impetu
1290 2631 1562 2701 pugnandi
1623 2632 1786 2686 ultio-

212 2719 354 2774 nisve
379 2719 450 2773 ab
475 2723 635 2775 hoste
662 2723 958 2785 sumendae,
991 2723 1086 2778 sed
1120 2724 1281 2778 taedio
1331 2727 1572 2782 carceris
1623 2742 1785 2784 occa~

214 2809 432 2877 sionem,
459 2818 522 2865 ut
557 2810 632 2875 fit,
668 2814 1161 2884 quomodocunque
1199 2815 1436 2872 oblatam
1465 2817 1789 2888 usurpanda

214 2901 472 2958 libertatis
512 2903 746 2960 libenter
797 2906 1053 2976 amplexi.
1089 2908 1195 2964 Ista
1231 2907 1403 2980 porro
1465 2922 1786 2967 cunctorum

215 2995 287 3050 sic
318 2997 568 3051 euntium
614 3000 898 3066 procursio
935 3001 1000 3054 ad
1064 3011 1249 3072 portas
1285 3003 1523 3058 civitatis
1575 3005 1789 3060 fereba-

219 3095 315 3139 tur.
340 3087 690 3156 Sequebatur
745 3098 926 3144 autem
987 3091 1286 3147 multitudo
1323 3092 1547 3150 confusa
1583 3095 1786 3165 populi,

219 3178 636 3235 exhorresceute
666 3197 763 3250 pro
784 3199 840 3236 sc
860 3197 1210 3253 nanquue,
1236 3186 1362 3239 dum
1391 3196 1605 3255 reputat
1626 3203 1786 3256 quam

219 3269 456 3329 infirmus
497 3290 596 3344 per
624 3289 681 3328 se
722 3276 791 3329 sit
825 3277 891 3328 ad
949 3276 1378 3346 propulsandum
1435 3279 1639 3334 malum
1708 3281 1792 3336 in-

217 3378 423 3431 gruens,
453 3378 512 3422 et
543 3367 614 3420 ita
645 3383 703 3422 se
751 3368 994 3436 pluribus
1025 3369 1354 3439 applicante,
1401 3371 1480 3426 sic
1512 3371 1625 3427 fere
1661 3374 1792 3430 sub-

217 3455 364 3512 ducta
393 3461 703 3513 errantium
732 3461 1120 3529 cogitationum
1151 3477 1382 3531 summa,
1407 3476 1571 3520 autse
1605 3469 1788 3521 statim

219 3551 525 3615 morituros.
567 3552 613 3606 si
663 3551 898 3607 hostium
934 3553 1078 3609 ferro
1136 3570 1232 3624 per
1266 3566 1482 3626 portam
1516 3567 1790 3627 patentem

218 3642 556 3698 extrinsecus
587 3644 913 3700 irruentium
943 3646 1105 3716 primi
1137 3656 1498 3714 armatorum,
1532 3665 1666 3718 quos
1701 3665 1790 3705 se-

222 3734 551 3800 quebantur.
599 3737 964 3806 cecidissent;
1003 3749 1096 3793 aut
1143 3739 1189 3793 si
1232 3741 1286 3794 hi
1321 3741 1542 3798 fortuna
1574 3742 1655 3796 usi
1682 3757 1794 3797 me-

219 3822 331 3879 liori
385 3827 720 3896 repellerent
753 3828 1120 3910 ingredientes
1182 3831 1449 3888 barbaros
1501 3844 1552 3888 ct
1587 3834 1796 3904 majore

222 3916 414 3986 impetu
487 3920 854 3976 incumbendo
927 3924 1287 3994 rcprimerent
1352 3927 1458 3980 vim
1527 3926 1792 3998 ipsorum,

221 4022 320 4063 non
344 4011 708 4081 desperabant
741 4013 937 4083 singuli
969 4029 1181 4079 eorum,
1217 4031 1351 4085 quos
1407 4017 1646 4072 diximus
1701 4034 1796 4073 cu-

220 4104 407 4157 stodiis
440 4103 681 4174 elapsos,
743 4105 987 4162 invenire
1015 4108 1069 4161 in
1122 4108 1396 4162 communi
1435 4109 1797 4179 trepidatione

221 4193 354 4250 viam
427 4197 538 4251 sibi
598 4187 852 4266 privatim
905 4200 1243 4267 consulendi,
1305 4204 1638 4273 erumpendo
1700 4220 1799 4272 per

221 4298 394 4354 aperta
429 4290 573 4345 ostia
610 4290 772 4346 simul
815 4308 936 4346 cum
999 4293 1363 4350 referentibus
1397 4298 1586 4366 pedem
1621 4298 1792 4352 hosti-

222 4378 338 4441 bus,
374 4393 428 4434 et
451 4382 528 4434 ita
563 4382 816 4453 effugium
850 4384 1049 4439 alicubi
1090 4387 1364 4456 captandi.
1393 4389 1452 4442 In
1478 4388 1584 4443 fine
1616 4398 1797 4444 autem

219 4468 372 4541 hujus
402 4473 507 4527 viae
537 4474 828 4528 ludibrium
863 4477 946 4531 sui
972 4479 1257 4548 risumque
1289 4492 1629 4550 repererunt.
1661 4481 1796 4536 Cum

1883 2006 1942 2042 τε
1977 1989 2302 2059 γεννηθῆναι
2340 1989 2434 2043 καὶ
2471 1988 2584 2059 ἅμα
2615 1988 2890 2058 τραφέντα
2921 1989 3462 2058 συνδιειληφέναιτὰς

1880 2082 1990 2135 τῶν
2019 2081 2227 2133 πολλῶν
2257 2081 2444 2143 ἀκοάς.
2465 2080 2537 2133 Τὸ
2560 2080 2603 2132 δ’
2623 2082 2685 2133 ὲκ
2708 2079 2996 2151 προχείρου
3017 2080 3111 2133 καὶ
3143 2079 3369 2134 πιθανὸν
3386 2080 3465 2144 είς

1883 2173 2062 2226 αἰτίαν
2086 2173 2146 2225 τὸ
2175 2172 2271 2240 τῆς
2300 2173 2502 2236 εἰκόνος
2520 2173 2615 2240 τῆς
2641 2171 2966 2241 θεομήτορος
2996 2171 3116 2224 καθ’
3143 2173 3347 2225 ἱκεσίαν
3377 2172 3469 2224 ὲκ-

1885 2263 2193 2333 φερομένης
2215 2263 2413 2334 πλῆθος
2435 2263 2662 2316 ἕπεσθαι
2678 2263 2972 2331 γυναικῶν,
2991 2261 3056 2326 ἃς
3077 2263 3139 2330 δὴ
3171 2263 3263 2316 καὶ
3284 2265 3432 2329 ἐκφω
3447 2287 3466 2303 -

1885 2358 1993 2409 νεῖν
2028 2359 2321 2423 αναγκαῖον
2344 2359 2441 2422 τὴν
2471 2356 2650 2424 δέησιν
2704 2357 2930 2409 κατόπιν
2958 2356 3216 2426 ἡκούσας.
3242 2355 3458 2408 Τούτων

1886 2443 1979 2500 οὖν
1993 2447 2150 2516 όλοφυ
2161 2447 2356 2518 ρτικῶς
2378 2447 2516 2500 κατὰ
2532 2450 2573 2502 Π
2583 2466 2602 2501 ε
2613 2448 2753 2516 pedm
2765 2452 2856 2502 καὶ
2875 2447 3133 2518 Τοχάρων
3151 2445 3459 2498 θεοκλυτουο

1889 2627 2068 2695 Quare
2102 2644 2293 2684 rursus
2325 2629 2468 2681 anxii
2503 2628 2811 2696 partiuntur
2842 2644 2963 2682 sese
2991 2627 3286 2692 bifariam;
3321 2633 3374 2680 ct
3400 2625 3468 2679 ad

1891 2721 2027 2778 d'uas
2088 2735 2208 2792 quae
2264 2721 2541 2775 restabant
2601 2719 2821 2791 (praeter
2882 2720 3239 2784 Orientalem,
3304 2732 3466 2790 quam

1892 2832 2092 2873 vacare
2148 2813 2494 2871 incommodo
2547 2814 2825 2880 videbant,
2884 2825 2939 2869 et
2975 2814 3326 2876 maritimam,
3364 2826 3468 2880 qua

1893 2924 2053 2967 nemo
2086 2909 2463 2978 suspicabatur
2533 2909 2714 2962 venire
2777 2909 2959 2961 hostes
3013 2903 3272 2974 pomisse)
3312 2903 3469 2967 duas,

1893 3004 2139 3074 inquam,
2173 3004 2363 3058 eodem
2418 3012 2657 3069 tempore
2685 3000 2925 3069 reliquas
2953 3007 3137 3067 portas
3173 2999 3468 3062 adierunt;

1892 3106 1950 3151 ut
1973 3106 2149 3154 autem
2177 3111 2243 3150 ne
2294 3095 2345 3148 in
2379 3095 2462 3149 his
2496 3094 2710 3162 quidem
2783 3102 3105 3160 repererunt
3147 3090 3330 3145 damni
3379 3100 3474 3145 aut

1894 3188 2224 3259 suspicionis
2280 3187 2599 3256 quidquam,
2658 3186 2998 3254 respirarunt
3033 3183 3287 3236 videlicet
3322 3196 3472 3236 men-

1897 3289 2082 3351 tesque
2115 3298 2143 3334 a
2179 3281 2328 3350 gravi
2383 3280 2792 3349 perturbatione
2857 3284 3201 3346 receperunt.
3260 3274 3470 3329 Tamen

1896 3374 2074 3428 adhuc
2111 3373 2304 3428 incerti
2346 3387 2452 3441 quo
2492 3387 2550 3427 se
2585 3379 2873 3432 verterent,
2929 3369 3017 3422 ubi
3071 3369 3474 3432 delitescerent,

1896 3469 2062 3530 unde,
2082 3482 2186 3536 qua
2223 3466 2511 3522 irruissent
2531 3465 2736 3524 hostes,
2757 3465 2937 3517 omnia
2969 3461 3474 3530 circmnspectaudo

1897 3557 2234 3626 quaerebant,
2257 3555 2393 3622 Quid
2423 3557 2566 3609 enim
2591 3555 2613 3608 ?
2643 3555 2996 3608 dictitantes:
3057 3568 3126 3606 an
3149 3551 3278 3606 .illos
3321 3560 3478 3616 puta-

1897 3647 2077 3703 bimus
2104 3649 2204 3701 alis
2238 3627 2538 3717 per-aerem
2575 3647 2822 3700 invectos
2860 3660 3094 3714 superne
3126 3645 3264 3698 intra
3290 3643 3475 3697 urbem

1898 3740 2166 3797 involasse
2196 3741 2218 3794 ?
2248 3741 2382 3795 Cum
2425 3750 2600 3794 autem
2649 3747 2918 3809 postremo
2948 3738 3092 3792 illam
3140 3742 3310 3806 ipsam
3360 3748 3480 3804 qua:

1899 3831 2052 3887 littus
2085 3833 2250 3885 tuaris
2278 3833 2579 3900 spectabat,
2613 3839 2820 3898 portatu
2870 3829 3165 3882 lustrantes
3225 3825 3480 3881 similiter

1900 3926 2128 3980 liberam
2191 3924 2336 3979 Omni
2384 3934 2527 3978 metu
2566 3921 3070 3993 tlcprchendisscnl,
3108 3926 3163 3972 et
3188 3918 3475 3972 custodum

1903 4018 1975 4073 ibi
2009 4032 2225 4088 quoque
2264 4032 2507 4070 errorem
2548 4017 2683 4084 ipsis
2739 4024 2791 4069 et
2853 4011 3227 4066 credulitatem
3277 4025 3480 4080 expro-

1901 4112 2175 4166 brantitttn
2235 4109 2468 4162 ludibrio
2532 4109 2674 4161 irrisi
2740 4114 2945 4172 essent,
3017 4106 3362 4174 respirarunt
3413 4105 3480 4157 ab

1903 4203 2052 4258 omni
2094 4202 2384 4255 formidine
2421 4216 2548 4254 tunc
2580 4200 2758 4268 plane,
2817 4210 2870 4252 ct
2923 4197 3248 4264 snlutisjam
3282 4197 3480 4250 animis

1904 4296 2307 4362 iuvestigahant
2369 4310 2492 4363 qute
2550 4294 2703 4362 origo
2758 4293 2907 4345 falsae
2957 4288 3230 4360 opinionis
3291 4287 3481 4357 quisve

1907 4397 2095 4442 auctor
2122 4387 2399 4440 mendacis
2452 4387 2638 4439 indicii
2681 4385 2918 4439 fuisset:
2974 4399 3076 4436 non
3117 4383 3262 4436 enim
3294 4379 3482 4435 videli-

1905 4491 1990 4534 cet
2020 4491 2176 4534 terra:
2228 4481 2463 4548 quodam
2529 4479 2730 4546 mugitu
2789 4475 3070 4532 exstitisse
3122 4489 3308 4528 vocem
3364 4487 3484 4541 qua:

221 4563 358 4618 enim
389 4565 456 4619 ad
500 4577 734 4636 portam,
765 4582 874 4637 quo
957 4569 1063 4624 iter
1099 4571 1463 4640 intenderant,
1513 4575 1798 4642 pervenis-
1830 4584 1876 4640 ι)
1907 4571 2185 4642 ingresses
2215 4570 2590 4624 denuntiasset
2633 4571 2837 4629 hostes.
2867 4567 2960 4622 sed
2996 4567 3217 4620 omnino
3249 4563 3481 4632 primum
3560 4640 3564 4644 η

221 4664 358 4721 sent,
389 4673 496 4711 non
533 4657 718 4711 eodem
753 4669 886 4714 aestu
916 4670 970 4716 et
997 4663 1272 4719 anxietate
1311 4665 1477 4719 animi
1510 4681 1620 4735 qua
1639 4682 1801 4722 vene-

223 4757 338 4802 rant
393 4751 695 4816 rerer-unt,
733 4752 829 4807 sed
887 4754 1219 4810 tumultuose
1274 4757 1687 4829 inordinateque
1737 4775 1802 4815 eo

223 4841 497 4910 progressi
535 4844 809 4913 tranquilli
837 4846 1122 4916 securique
1167 4849 1514 4913 recedebant,
1545 4853 1803 4909 custodes

223 4932 490 5000 siquLdem
530 4945 697 5002 partas
729 4937 911 5005 quiete
960 4937 1270 4995 desidentes
1303 4941 1423 4998 sine
1465 4942 1571 4998 ullo
1625 4946 1802 5003 adhuc

227 5035 402 5077 rcrum
438 5039 559 5092 quze
590 5039 684 5096 per
711 5027 896 5080 urbem
931 5028 1260 5096 gerebantur
1292 5043 1457 5084 sensu
1491 5029 1797 5088 inveniunt.

227 5109 379 5168 Unde
403 5131 511 5169 una
542 5130 599 5171 re
629 5115 907 5182 dolebant,
942 5134 1048 5190 quo
1087 5119 1304 5174 illusqu
1335 5121 1440 5176 sibi
1491 5133 1659 5189 esset,
1695 5140 1801 5186 non

229 5213 408 5262 tamen
441 5209 591 5263 omni
621 5210 798 5265 adhuc
827 5211 1192 5270 sollicitudine
1222 5215 1506 5279 vacabant,
1552 5228 1803 5286 reputan-

228 5302 306 5352 tes
342 5300 584 5368 potuisse
604 5302 719 5357 fieri
752 5313 807 5355 ut
830 5317 926 5374 per
945 5304 1079 5359 alias
1109 5315 1293 5374 portas
1321 5308 1504 5362 hostes
1532 5307 1584 5362 in
1611 5309 1800 5366 urbem

231 5401 629 5453 penetrassent.
683 5393 794 5450 lmo
826 5412 948 5451 cum
977 5400 1246 5454 attentius
1279 5399 1681 5470 cogitaverant,
1713 5403 1800 5458 illa

233 5483 367 5553 ipsa,
399 5502 563 5556 quam
598 5489 872 5554 videbant,
906 5490 1070 5563 249
1100 5493 1265 5547 nimia
1313 5495 1577 5550 securitas
1616 5505 1802 5551 cus-to-

238 5578 357 5632 tlnm
395 5595 580 5635 curam
618 5583 752 5652 ipsis
783 5585 1106 5640 admovebat
1141 5587 1501 5655 augebatque,
1543 5600 1802 5658 reputan-

241 5671 374 5726 tibus
403 5676 514 5744 pari
573 5677 709 5731 forte
745 5677 1068 5748 negligentia
1104 5678 1313 5734 solutos
1341 5680 1570 5734 aliarum
1623 5689 1808 5749 [orta-

244 5778 354 5817 rum
412 5771 796 5836 pra-sidiarins.
825 5770 982 5825 facile
1014 5787 1311 5842 oppressos
1341 5774 1522 5828 subito
1581 5775 1803 5829 incursu

249 5862 494 5926 tius-tium,
538 5865 743 5918 aditum
801 5864 1062 5920 Tocharis
1119 5867 1170 5920 in
1254 5866 1438 5920 urbem
1489 5868 1805 5936 prwbuisse.

1908 4666 2146 4734 aliquem
2208 4664 2375 4717 fuisse
2434 4663 2556 4715 vani
2611 4661 2858 4714 nuntium
2926 4672 3123 4713 metus.
3188 4656 3480 4724 Postquam

1905 4771 2034 4810 vero
2063 4757 2152 4809 diu
2178 4766 2230 4810 et
2262 4748 2547 4825 diligenter
2580 4755 2633 4808 in
2667 4755 2764 4807 ista
2810 4763 2939 4807 sunt
2982 4750 3336 4818 inquisitione
3360 4762 3482 4800 ver-

1905 4850 2032 4912 sati,
2066 4849 2410 4920 explorantes
2441 4850 2646 4904 circum
2687 4848 2866 4902 omnia
2904 4847 3034 4899 nihil
3067 4845 3210 4899 aliud
3245 4845 3483 4910 reperire

1904 4955 2200 5015 patuerunt
2251 4944 2353 4998 nisi
2407 4942 2723 4998 mendacem
2785 4941 2983 4995 famam
3052 4938 3233 5017 nmltis
3293 4937 3480 4988 eodem

1907 5047 2184 5093 m‘omeuto
2208 5036 2340 5091 locis
2370 5037 2531 5090 simul
2559 5045 2759 5108 natam,
2781 5033 2938 5087 simul
2970 5029 3482 5093 increbrescentem,

1903 5131 2064 5188 simul
2096 5131 2241 5198 vulgi
2280 5131 2582 5198 complesse
2641 5142 2823 5188 aures,
2860 5124 3018 5178 simul
3083 5121 3298 5173 animos
3335 5118 3483 5172 inani

1907 5223 2469 5292 terrore,perfudisse.
2513 5219 2625 5274 Una
2657 5227 2866 5270 tantum
2919 5230 3038 5284 qua)
3078 5213 3253 5282 aliqua
3290 5211 3487 5264 verisi-

1908 5317 2216 5372 militudine
2250 5316 2518 5369 niteretur
2549 5310 2744 5380 publici
2782 5308 2988 5362 erroris
3019 5319 3182 5360 causa
3213 5318 3484 5357 meruera-

1906 5411 2088 5471 batur,
2153 5405 2476 5478 supplicatio
2535 5414 2658 5457 tunc
2725 5399 2862 5454 forte
2925 5413 3018 5466 per
3053 5395 3240 5449 urbem
3295 5396 3481 5457 ducla,

1905 5499 2223 5558 circumlata
2259 5503 2324 5555 de
2357 5512 2506 5552 more
2538 5497 2590 5550 in
2630 5495 2818 5548 thensa
2858 5505 2956 5561 per
2979 5489 3276 5544 solemnem
3309 5504 3368 5541 ea
3397 5487 3486 5541 die

1906 5608 2155 5663 pompam
2192 5591 2424 5658 imagine
2451 5587 2711 5652 Deiparzc,
2745 5582 2898 5637 turba
2925 5581 3207 5635 mulierum
3227 5589 3487 5647 sequente

1907 5686 2049 5753 qttod
2086 5686 2222 5737 solet
2255 5683 2307 5736 in
2371 5678 2863 5750 supplicationibus
2922 5673 3210 5729 acclamari
3239 5671 3308 5724 ab
3343 5671 3480 5723 mali

1909 5775 2328 5844 deprecantibus
2361 5785 2582 5827 carmen
2615 5785 2754 5840 pone
2786 5764 3294 5837 frequentantiuin:
3325 5760 3487 5830 250

1910 5883 1972 5923 ac
2010 5867 2258 5922 videlicet
2289 5881 2406 5935 quae
2440 5875 2565 5920 tunc
2613 5861 2845 5918 maxime
2903 5858 3186 5921 timebant,
3232 5853 3486 5908 distincte
