  <div class='ocr_page' id='page_1' title='image "/cluster/home/n/w/nwhite01/storage/ocr_20150623/143/hvd.32044019208321/375.png"; bbox 0 0 3926 6534; ppageno 0'>
   <div class='ocr_carea' id='block_1_1' title="bbox 477 410 581 476">
    <p class='ocr_par' dir='ltr' id='par_1_1' title="bbox 477 410 581 476">
     <span class='ocr_line' id='line_1_1' title="bbox 477 410 581 476; baseline 0 -1"><span class='ocrx_word' id='word_1_1' title='bbox 477 410 581 476; x_wconf 84' lang='lat'><strong>695</strong></span> 
     </span>
    </p>
   </div>
   <div class='ocr_carea' id='block_1_2' title="bbox 1692 409 2531 478">
    <p class='ocr_par' dir='ltr' id='par_1_2' title="bbox 1692 409 2531 478">
     <span class='ocr_line' id='line_1_2' title="bbox 1692 409 2531 478; baseline -0.002 -1"><span class='ocrx_word' id='word_1_2' title='bbox 1692 412 2014 478; x_wconf 76' lang='lat' dir='ltr'><strong>GEORGII</strong></span> <span class='ocrx_word' id='word_1_3' title='bbox 2056 409 2531 477; x_wconf 63' lang='lat' dir='ltr'><strong>PACHYMERE</strong></span> 
     </span>
    </p>
   </div>
   <div class='ocr_carea' id='block_1_3' title="bbox 3608 414 3701 480">
    <p class='ocr_par' dir='ltr' id='par_1_3' title="bbox 3608 414 3701 480">
     <span class='ocr_line' id='line_1_3' title="bbox 3608 414 3701 480; baseline 0.011 -2"><span class='ocrx_word' id='word_1_4' title='bbox 3608 414 3701 480; x_wconf 63' lang='lat'><strong>6716</strong></span> 
     </span>
    </p>
   </div>
   <div class='ocr_carea' id='block_1_4' title="bbox 478 488 3707 597">
    <p class='ocr_par' dir='ltr' id='par_1_4' title="bbox 478 488 3707 597">
     <span class='ocr_line' id='line_1_4' title="bbox 478 488 3707 597; baseline 0.002 -25"><span class='ocrx_word' id='word_1_5' title='bbox 478 520 612 583; x_wconf 85' lang='grc' dir='ltr'>σῶν,</span> <span class='ocrx_word' id='word_1_6' title='bbox 638 516 783 583; x_wconf 63' lang='lat' dir='ltr'><strong>elato;</strong></span> <span class='ocrx_word' id='word_1_7' title='bbox 810 519 875 573; x_wconf 80' lang='grc' dir='ltr'><strong>τά</strong></span> <span class='ocrx_word' id='word_1_8' title='bbox 914 516 1010 591; x_wconf 72' lang='grc' dir='ltr'><strong>τῆς</strong></span> <span class='ocrx_word' id='word_1_9' title='bbox 1037 519 1219 594; x_wconf 72' lang='grc' dir='ltr'>φωνῆς</span> <span class='ocrx_word' id='word_1_10' title='bbox 1237 519 1482 587; x_wconf 80' lang='grc' dir='ltr'><strong>διελθεῖν,</strong></span> <span class='ocrx_word' id='word_1_11' title='bbox 1514 522 1608 576; x_wconf 69' lang='grc' dir='ltr'>καὶ</span> <span class='ocrx_word' id='word_1_12' title='bbox 1643 525 1912 597; x_wconf 74' lang='grc' dir='ltr'>συμϐῆναι</span> <span class='ocrx_word' id='word_1_13' title='bbox 1947 524 2039 587; x_wconf 67' lang='grc' dir='ltr'><strong>τας</strong></span> <span class='ocrx_word' id='word_1_14' title='bbox 2070 525 2120 584; x_wconf 83' lang='grc' dir='ltr'><strong>Α</strong></span> <span class='ocrx_word' id='word_1_15' title='bbox 2146 526 2373 594; x_wconf 70' lang='grc' dir='ltr'>ἐχόντων</span> <span class='ocrx_word' id='word_1_16' title='bbox 2412 525 2544 592; x_wconf 69' lang='grc' dir='ltr'>πρὸς</span> <span class='ocrx_word' id='word_1_17' title='bbox 2569 522 2627 576; x_wconf 83' lang='grc' dir='ltr'>τὸ</span> <span class='ocrx_word' id='word_1_18' title='bbox 2657 488 3055 594; x_wconf 71' lang='grc' dir='ltr'>παρεμπῖπτον,</span> <span class='ocrx_word' id='word_1_19' title='bbox 3089 518 3185 593; x_wconf 77' lang='grc' dir='ltr'><strong>τῆς</strong></span> <span class='ocrx_word' id='word_1_20' title='bbox 3224 522 3409 595; x_wconf 78' lang='grc' dir='ltr'>φήμης</span> <span class='ocrx_word' id='word_1_21' title='bbox 3438 522 3707 595; x_wconf 65' lang='grc' dir='ltr'>,θορυϐου-</span> 
     </span>
    </p>
   </div>
   <div class='ocr_carea' id='block_1_5' title="bbox 478 612 2046 683">
    <p class='ocr_par' dir='ltr' id='par_1_5' title="bbox 478 612 2046 683">
     <span class='ocr_line' id='line_1_5' title="bbox 478 612 2046 683; baseline 0.003 -18"><span class='ocrx_word' id='word_1_22' title='bbox 478 612 579 682; x_wconf 80' lang='grc' dir='ltr'><strong>μὲν</strong></span> <span class='ocrx_word' id='word_1_23' title='bbox 614 613 730 666; x_wconf 84' lang='grc' dir='ltr'>κατ’</span> <span class='ocrx_word' id='word_1_24' title='bbox 759 612 983 665; x_wconf 77' lang='grc' dir='ltr'><strong>ἐκείνων</strong></span> <span class='ocrx_word' id='word_1_25' title='bbox 1012 612 1500 683; x_wconf 81' lang='grc' dir='ltr'>μεγαλοφωνούσας</span> <span class='ocrx_word' id='word_1_26' title='bbox 1536 615 1878 682; x_wconf 74' lang='grc' dir='ltr'><strong>ποτνιᾶσθαι,</strong></span> <span class='ocrx_word' id='word_1_27' title='bbox 1921 616 2046 679; x_wconf 79' lang='grc' dir='ltr'>τοὺς</span> 
     </span>
    </p>
   </div>
   <div class='ocr_carea' id='block_1_6' title="bbox 473 704 2046 779">
    <p class='ocr_par' dir='ltr' id='par_1_6' title="bbox 473 704 2046 779">
     <span class='ocr_line' id='line_1_6' title="bbox 473 704 2046 779; baseline 0.003 -22"><span class='ocrx_word' id='word_1_28' title='bbox 473 704 531 757; x_wconf 62' lang='grc' dir='ltr'><strong>δὲ</strong></span> <span class='ocrx_word' id='word_1_29' title='bbox 562 705 718 775; x_wconf 80' lang='grc' dir='ltr'>πέριξ</span> <span class='ocrx_word' id='word_1_30' title='bbox 749 705 842 758; x_wconf 84' lang='grc' dir='ltr'>καὶ</span> <span class='ocrx_word' id='word_1_31' title='bbox 871 704 1068 770; x_wconf 81' lang='grc' dir='ltr'>ἔξωθεν</span> <span class='ocrx_word' id='word_1_32' title='bbox 1098 706 1197 776; x_wconf 75' lang='grc' dir='ltr'>τὴν</span> <span class='ocrx_word' id='word_1_33' title='bbox 1227 706 1410 778; x_wconf 83' lang='grc' dir='ltr'>φωνὴν</span> <span class='ocrx_word' id='word_1_34' title='bbox 1449 707 1771 779; x_wconf 76' lang='grc' dir='ltr'>δεχομένους</span> <span class='ocrx_word' id='word_1_35' title='bbox 1810 709 1876 762; x_wconf 85' lang='grc' dir='ltr'><strong>τά</strong></span> <span class='ocrx_word' id='word_1_36' title='bbox 1925 708 2046 761; x_wconf 85' lang='grc' dir='ltr'>κατ’</span> 
     </span>
    </p>
   </div>
   <div class='ocr_carea' id='block_1_7' title="bbox 474 784 2051 871">
    <p class='ocr_par' dir='ltr' id='par_1_7' title="bbox 474 784 2051 871">
     <span class='ocr_line' id='line_1_7' title="bbox 474 784 2051 871; baseline 0.004 -23"><span class='ocrx_word' id='word_1_37' title='bbox 474 797 697 851; x_wconf 66' lang='grc' dir='ltr'>ἐκείνων</span> <span class='ocrx_word' id='word_1_38' title='bbox 721 796 784 869; x_wconf 67' lang='grc' dir='ltr'><strong>μ)</strong></span> <span class='ocrx_word' id='word_1_39' title='bbox 814 797 939 870; x_wconf 79' lang='lat' dir='ltr'><strong>I66]</strong></span> <span class='ocrx_word' id='word_1_40' title='bbox 973 798 1046 861; x_wconf 83' lang='grc' dir='ltr'><strong>ὡς</strong></span> <span class='ocrx_word' id='word_1_41' title='bbox 1080 799 1208 870; x_wconf 84' lang='grc' dir='ltr'>περὶ</span> <span class='ocrx_word' id='word_1_42' title='bbox 1232 800 1454 853; x_wconf 63' lang='grc' dir='ltr'>ἐκείνων</span> <span class='ocrx_word' id='word_1_43' title='bbox 1485 799 1797 871; x_wconf 70' lang='grc' dir='ltr'>ἐρχομένων</span> <span class='ocrx_word' id='word_1_44' title='bbox 1832 784 2051 855; x_wconf 62' lang='grc' dir='ltr'>’ὑποτο-</span> 
     </span>
    </p>
   </div>
   <div class='ocr_carea' id='block_1_8' title="bbox 474 887 2051 962">
    <p class='ocr_par' dir='ltr' id='par_1_8' title="bbox 474 887 2051 962">
     <span class='ocr_line' id='line_1_8' title="bbox 474 887 2051 962; baseline 0 -21"><span class='ocrx_word' id='word_1_45' title='bbox 474 887 692 954; x_wconf 76' lang='grc' dir='ltr'>πάζειν,</span> <span class='ocrx_word' id='word_1_46' title='bbox 719 890 813 941; x_wconf 73' lang='grc' dir='ltr'>καὶ</span> <span class='ocrx_word' id='word_1_47' title='bbox 833 888 975 942; x_wconf 75' lang='grc' dir='ltr'>οὕτω</span> <span class='ocrx_word' id='word_1_48' title='bbox 995 888 1303 957; x_wconf 72' lang='grc' dir='ltr'><strong>διαδοθῆναι</strong></span> <span class='ocrx_word' id='word_1_49' title='bbox 1331 888 1547 959; x_wconf 87' lang='grc' dir='ltr'>σύναμα</span> <span class='ocrx_word' id='word_1_50' title='bbox 1574 890 1722 962; x_wconf 80' lang='grc' dir='ltr'><strong>φόϐῳ</strong></span> <span class='ocrx_word' id='word_1_51' title='bbox 1753 889 1842 945; x_wconf 81' lang='grc' dir='ltr'><strong>τὸν</strong></span> <span class='ocrx_word' id='word_1_52' title='bbox 1869 889 2051 956; x_wconf 84' lang='grc' dir='ltr'>λόγον,</span> 
     </span>
    </p>
   </div>
   <div class='ocr_carea' id='block_1_9' title="bbox 474 979 2054 1053">
    <p class='ocr_par' dir='ltr' id='par_1_9' title="bbox 474 979 2054 1053">
     <span class='ocr_line' id='line_1_9' title="bbox 474 979 2054 1053; baseline 0.003 -23"><span class='ocrx_word' id='word_1_53' title='bbox 474 980 696 1041; x_wconf 73' lang='grc' dir='ltr'>καὶτὰς</span> <span class='ocrx_word' id='word_1_54' title='bbox 729 979 837 1031; x_wconf 86' lang='grc' dir='ltr'>τῶν</span> <span class='ocrx_word' id='word_1_55' title='bbox 912 980 1123 1031; x_wconf 78' lang='grc' dir='ltr'>πολλῶν</span> <span class='ocrx_word' id='word_1_56' title='bbox 1174 980 1344 1045; x_wconf 84' lang='grc' dir='ltr'>ἀκοὰς</span> <span class='ocrx_word' id='word_1_57' title='bbox 1393 981 1701 1053; x_wconf 76' lang='grc' dir='ltr'>πληροῦντα</span> <span class='ocrx_word' id='word_1_58' title='bbox 1740 982 2054 1053; x_wconf 80' lang='grc' dir='ltr'>παραθῆξαι</span> 
     </span>
    </p>
   </div>
   <div class='ocr_carea' id='block_1_10' title="bbox 473 1068 2053 1144">
    <p class='ocr_par' dir='ltr' id='par_1_10' title="bbox 473 1068 2053 1144">
     <span class='ocr_line' id='line_1_10' title="bbox 473 1068 2053 1144; baseline 0.006 -25"><span class='ocrx_word' id='word_1_59' title='bbox 473 1068 566 1121; x_wconf 72' lang='grc' dir='ltr'>τὸν</span> <span class='ocrx_word' id='word_1_60' title='bbox 599 1068 845 1141; x_wconf 72' lang='grc' dir='ltr'>θόρυϐον.</span> <span class='ocrx_word' id='word_1_61' title='bbox 895 1070 1034 1123; x_wconf 84' lang='grc' dir='ltr'>Ἀλλ’</span> <span class='ocrx_word' id='word_1_62' title='bbox 1064 1071 1262 1125; x_wconf 76' lang='grc' dir='ltr'>ἐκεῖνοι</span> <span class='ocrx_word' id='word_1_63' title='bbox 1289 1072 1388 1143; x_wconf 84' lang='grc' dir='ltr'><strong>μὲν</strong></span> <span class='ocrx_word' id='word_1_64' title='bbox 1411 1072 1604 1143; x_wconf 73' lang='grc' dir='ltr'>οὕτως,</span> <span class='ocrx_word' id='word_1_65' title='bbox 1651 1074 1679 1127; x_wconf 84' lang='grc' dir='ltr'>ὀ</span> <span class='ocrx_word' id='word_1_66' title='bbox 1712 1074 1768 1128; x_wconf 78' lang='grc' dir='ltr'><strong>δέ</strong></span> <span class='ocrx_word' id='word_1_67' title='bbox 1798 1090 1860 1142; x_wconf 82' lang='grc' dir='ltr'><strong>γε</strong></span> <span class='ocrx_word' id='word_1_68' title='bbox 1898 1073 2053 1144; x_wconf 85' lang='grc' dir='ltr'>βασι-</span> 
     </span>
    </p>
   </div>
   <div class='ocr_carea' id='block_1_11' title="bbox 474 1160 2052 1238">
    <p class='ocr_par' dir='ltr' id='par_1_11' title="bbox 474 1160 2052 1238">
     <span class='ocr_line' id='line_1_11' title="bbox 474 1160 2052 1238; baseline 0.005 -26"><span class='ocrx_word' id='word_1_69' title='bbox 474 1160 600 1225; x_wconf 83' lang='grc' dir='ltr'>λεὺς</span> <span class='ocrx_word' id='word_1_70' title='bbox 634 1162 770 1232; x_wconf 78' lang='grc' dir='ltr'>μετὰ</span> <span class='ocrx_word' id='word_1_71' title='bbox 794 1161 967 1215; x_wconf 77' lang='grc' dir='ltr'>ταῦτα</span> <span class='ocrx_word' id='word_1_72' title='bbox 1001 1162 1187 1232; x_wconf 85' lang='grc' dir='ltr'>μαθὼν</span> <span class='ocrx_word' id='word_1_73' title='bbox 1220 1164 1369 1230; x_wconf 84' lang='grc' dir='ltr'>ὅπως</span> <span class='ocrx_word' id='word_1_74' title='bbox 1394 1167 1623 1235; x_wconf 82' lang='grc' dir='ltr'>γένοιτο,</span> <span class='ocrx_word' id='word_1_75' title='bbox 1666 1166 2052 1238; x_wconf 74' lang='grc' dir='ltr'>ὑπερεπάθησὲ</span> 
     </span>
    </p>
   </div>
   <div class='ocr_carea' id='block_1_12' title="bbox 474 1249 2052 1328">
    <p class='ocr_par' dir='ltr' id='par_1_12' title="bbox 474 1249 2052 1328">
     <span class='ocr_line' id='line_1_12' title="bbox 474 1249 2052 1328; baseline 0.006 -26"><span class='ocrx_word' id='word_1_76' title='bbox 474 1267 535 1303; x_wconf 82' lang='grc' dir='ltr'><strong>τε</strong></span> <span class='ocrx_word' id='word_1_77' title='bbox 568 1249 661 1303; x_wconf 75' lang='grc' dir='ltr'>καὶ</span> <span class='ocrx_word' id='word_1_78' title='bbox 691 1250 912 1321; x_wconf 70' lang='grc' dir='ltr'>πέμψας</span> <span class='ocrx_word' id='word_1_79' title='bbox 937 1252 1024 1305; x_wconf 66' lang='grc' dir='ltr'>διὰ</span> <span class='ocrx_word' id='word_1_80' title='bbox 1055 1255 1396 1325; x_wconf 75' lang='grc' dir='ltr'><strong>γραμμάτων</strong></span> <span class='ocrx_word' id='word_1_81' title='bbox 1424 1254 1496 1309; x_wconf 83' lang='grc' dir='ltr'>τὰ</span> <span class='ocrx_word' id='word_1_82' title='bbox 1542 1256 1713 1310; x_wconf 81' lang='grc' dir='ltr'>πολλά</span> <span class='ocrx_word' id='word_1_83' title='bbox 1769 1258 2052 1328; x_wconf 76' lang='grc' dir='ltr'>κατεμέμ-</span> 
     </span>
    </p>
   </div>
   <div class='ocr_carea' id='block_1_13' title="bbox 474 1343 2052 1424">
    <p class='ocr_par' dir='ltr' id='par_1_13' title="bbox 474 1343 2052 1424">
     <span class='ocr_line' id='line_1_13' title="bbox 474 1343 2052 1424; baseline 0.005 -27"><span class='ocrx_word' id='word_1_84' title='bbox 474 1343 637 1413; x_wconf 72' lang='grc' dir='ltr'>ςατο.</span> <span class='ocrx_word' id='word_1_85' title='bbox 678 1346 829 1417; x_wconf 73' lang='grc' dir='ltr'><strong>Μηδὲ</strong></span> <span class='ocrx_word' id='word_1_86' title='bbox 865 1346 974 1416; x_wconf 79' lang='grc' dir='ltr'>γὰρ</span> <span class='ocrx_word' id='word_1_87' title='bbox 1026 1349 1238 1421; x_wconf 82' lang='grc' dir='ltr'>ἀνδρῶν</span> <span class='ocrx_word' id='word_1_88' title='bbox 1278 1345 1418 1406; x_wconf 78' lang='grc' dir='ltr'>εἶναι</span> <span class='ocrx_word' id='word_1_89' title='bbox 1464 1350 1742 1424; x_wconf 78' lang='grc' dir='ltr'>φρονίμων</span> <span class='ocrx_word' id='word_1_90' title='bbox 1792 1351 1887 1406; x_wconf 72' lang='grc' dir='ltr'>καὶ</span> <span class='ocrx_word' id='word_1_91' title='bbox 1928 1351 2052 1405; x_wconf 83' lang='grc' dir='ltr'>νοῦν</span> 
     </span>
    </p>
   </div>
   <div class='ocr_carea' id='block_1_14' title="bbox 481 1510 2050 1587">
    <p class='ocr_par' dir='ltr' id='par_1_14' title="bbox 481 1510 2050 1587">
     <span class='ocr_line' id='line_1_14' title="bbox 481 1510 2050 1587; baseline 0.004 -23"><span class='ocrx_word' id='word_1_92' title='bbox 481 1510 751 1577; x_wconf 78' lang='lat' dir='ltr'><strong>poscenda</strong></span> <span class='ocrx_word' id='word_1_93' title='bbox 780 1525 970 1567; x_wconf 91' lang='lat' dir='ltr'><strong>eorum</strong></span> <span class='ocrx_word' id='word_1_94' title='bbox 1029 1512 1354 1570; x_wconf 87' lang='lat' dir='ltr'><strong>liberatione</strong></span> <span class='ocrx_word' id='word_1_95' title='bbox 1380 1515 1702 1571; x_wconf 75' lang='lat' dir='ltr'><strong>nominatim</strong></span> <span class='ocrx_word' id='word_1_96' title='bbox 1732 1516 2050 1587; x_wconf 78' lang='lat' dir='ltr'><strong>exprimen-</strong></span> 
     </span>
    </p>
   </div>
   <div class='ocr_carea' id='block_1_15' title="bbox 482 1602 2060 1678">
    <p class='ocr_par' dir='ltr' id='par_1_15' title="bbox 482 1602 2060 1678">
     <span class='ocr_line' id='line_1_15' title="bbox 482 1602 2060 1678; baseline 0.005 -23"><span class='ocrx_word' id='word_1_97' title='bbox 482 1602 639 1670; x_wconf 92' lang='lat' dir='ltr'><strong>tium,</strong></span> <span class='ocrx_word' id='word_1_98' title='bbox 673 1618 774 1659; x_wconf 89' lang='lat' dir='ltr'><strong>nec</strong></span> <span class='ocrx_word' id='word_1_99' title='bbox 802 1605 922 1659; x_wconf 92' lang='lat' dir='ltr'><strong>sine</strong></span> <span class='ocrx_word' id='word_1_100' title='bbox 969 1605 1169 1674; x_wconf 83' lang='lat' dir='ltr'><strong>ejulatu</strong></span> <span class='ocrx_word' id='word_1_101' title='bbox 1225 1608 1712 1678; x_wconf 86' lang='lat' dir='ltr'><strong>ingeminantium:</strong></span> <span class='ocrx_word' id='word_1_102' title='bbox 1754 1625 1774 1661; x_wconf 82' lang='lat' dir='ltr'><strong>s</strong></span> <span class='ocrx_word' id='word_1_103' title='bbox 1818 1607 2060 1666; x_wconf 78' lang='lat' dir='ltr'><strong>Defende</strong></span> 
     </span>
    </p>
   </div>
   <div class='ocr_carea' id='block_1_16' title="bbox 2158 612 3706 687">
    <p class='ocr_par' dir='ltr' id='par_1_16' title="bbox 2158 612 3706 687">
     <span class='ocr_line' id='line_1_16' title="bbox 2158 612 3706 687; baseline 0.003 -20"><span class='ocrx_word' id='word_1_104' title='bbox 2158 617 2350 687; x_wconf 68' lang='grc' dir='ltr'>μένους</span> <span class='ocrx_word' id='word_1_105' title='bbox 2409 616 2569 678; x_wconf 77' lang='grc' dir='ltr'>εὐθὺς</span> <span class='ocrx_word' id='word_1_106' title='bbox 2623 612 2902 683; x_wconf 75' lang='grc' dir='ltr'>θορυὸεῐνο</span> <span class='ocrx_word' id='word_1_107' title='bbox 2953 615 3062 668; x_wconf 81' lang='grc' dir='ltr'>δεῖν</span> <span class='ocrx_word' id='word_1_108' title='bbox 3125 614 3234 685; x_wconf 76' lang='grc' dir='ltr'>γὰρ</span> <span class='ocrx_word' id='word_1_109' title='bbox 3292 615 3489 669; x_wconf 68' lang='grc' dir='ltr'>ἑννοείν</span> <span class='ocrx_word' id='word_1_110' title='bbox 3522 616 3580 670; x_wconf 77' lang='grc' dir='ltr'>τὸ</span> <span class='ocrx_word' id='word_1_111' title='bbox 3624 619 3706 671; x_wconf 81' lang='grc' dir='ltr'><strong>τού</strong></span> 
     </span>
    </p>
   </div>
   <div class='ocr_carea' id='block_1_17' title="bbox 2159 705 3707 779">
    <p class='ocr_par' dir='ltr' id='par_1_17' title="bbox 2159 705 3707 779">
     <span class='ocr_line' id='line_1_17' title="bbox 2159 705 3707 779; baseline 0.001 -20"><span class='ocrx_word' id='word_1_112' title='bbox 2159 709 2481 777; x_wconf 77' lang='grc' dir='ltr'>πράγματος</span> <span class='ocrx_word' id='word_1_113' title='bbox 2519 706 2908 770; x_wconf 79' lang='grc' dir='ltr'>ἀνυπόστατον,</span> <span class='ocrx_word' id='word_1_114' title='bbox 2944 705 3035 759; x_wconf 76' lang='grc' dir='ltr'>καὶ</span> <span class='ocrx_word' id='word_1_115' title='bbox 3069 706 3214 770; x_wconf 81' lang='grc' dir='ltr'>ὅπως</span> <span class='ocrx_word' id='word_1_116' title='bbox 3241 706 3424 776; x_wconf 64' lang='grc' dir='ltr'>ἐχθροὶ</span> <span class='ocrx_word' id='word_1_117' title='bbox 3459 707 3533 778; x_wconf 77' lang='grc' dir='ltr'><strong>μὴ</strong></span> <span class='ocrx_word' id='word_1_118' title='bbox 3564 726 3707 779; x_wconf 85' lang='grc' dir='ltr'>περι-</span> 
     </span>
    </p>
   </div>
   <div class='ocr_carea' id='block_1_18' title="bbox 2160 797 3711 870">
    <p class='ocr_par' dir='ltr' id='par_1_18' title="bbox 2160 797 3711 870">
     <span class='ocr_line' id='line_1_18' title="bbox 2160 797 3711 870; baseline 0.001 -20"><span class='ocrx_word' id='word_1_119' title='bbox 2160 798 2454 869; x_wconf 74' lang='grc' dir='ltr'>καθήμενοι</span> <span class='ocrx_word' id='word_1_120' title='bbox 2507 798 2659 853; x_wconf 78' lang='grc' dir='ltr'>πόλιν</span> <span class='ocrx_word' id='word_1_121' title='bbox 2718 800 2839 870; x_wconf 66' lang='grc' dir='ltr'><strong>μηδ’</strong></span> <span class='ocrx_word' id='word_1_122' title='bbox 2901 800 2958 851; x_wconf 78' lang='grc' dir='ltr'><strong>ὲν</strong></span> <span class='ocrx_word' id='word_1_123' title='bbox 2984 797 3100 870; x_wconf 81' lang='grc' dir='ltr'>χρῷ</span> <span class='ocrx_word' id='word_1_124' title='bbox 3123 798 3229 851; x_wconf 80' lang='grc' dir='ltr'>τῶν</span> <span class='ocrx_word' id='word_1_125' title='bbox 3268 798 3493 869; x_wconf 83' lang='grc' dir='ltr'>πύργων</span> <span class='ocrx_word' id='word_1_126' title='bbox 3554 799 3711 866; x_wconf 75' lang='grc' dir='ltr'>ὄντες,</span> 
     </span>
    </p>
   </div>
   <div class='ocr_carea' id='block_1_19' title="bbox 2158 890 3714 962">
    <p class='ocr_par' dir='ltr' id='par_1_19' title="bbox 2158 890 3714 962">
     <span class='ocr_line' id='line_1_19' title="bbox 2158 890 3714 962; baseline 0.001 -19"><span class='ocrx_word' id='word_1_127' title='bbox 2158 891 2291 944; x_wconf 77' lang='grc' dir='ltr'>ἀλλὰ</span> <span class='ocrx_word' id='word_1_128' title='bbox 2325 890 2477 962; x_wconf 72' lang='grc' dir='ltr'>μόλις</span> <span class='ocrx_word' id='word_1_129' title='bbox 2510 894 2601 944; x_wconf 80' lang='grc' dir='ltr'>καὶ</span> <span class='ocrx_word' id='word_1_130' title='bbox 2625 890 2944 961; x_wconf 81' lang='grc' dir='ltr'><strong>ἀκουόμενοι</strong></span> <span class='ocrx_word' id='word_1_131' title='bbox 2965 890 3318 959; x_wconf 78' lang='grc' dir='ltr'>διάγοντες.ὲν</span> <span class='ocrx_word' id='word_1_132' title='bbox 3359 891 3598 961; x_wconf 81' lang='grc' dir='ltr'><strong>Περσίδι,</strong></span> <span class='ocrx_word' id='word_1_133' title='bbox 3626 895 3714 945; x_wconf 84' lang='grc' dir='ltr'>αύ-</span> 
     </span>
    </p>
   </div>
   <div class='ocr_carea' id='block_1_20' title="bbox 2154 980 3713 1053">
    <p class='ocr_par' dir='ltr' id='par_1_20' title="bbox 2154 980 3713 1053">
     <span class='ocr_line' id='line_1_20' title="bbox 2154 980 3713 1053; baseline 0.003 -20"><span class='ocrx_word' id='word_1_134' title='bbox 2154 982 2284 1035; x_wconf 82' lang='grc' dir='ltr'>τίκα</span> <span class='ocrx_word' id='word_1_135' title='bbox 2344 981 2670 1053; x_wconf 80' lang='grc' dir='ltr'>παμπληθὲς</span> <span class='ocrx_word' id='word_1_136' title='bbox 2724 982 3019 1052; x_wconf 80' lang='grc' dir='ltr'><strong>ἀπέχοντες</strong></span> <span class='ocrx_word' id='word_1_137' title='bbox 3080 980 3438 1044; x_wconf 81' lang='grc' dir='ltr'>πετασθὲντες</span> <span class='ocrx_word' id='word_1_138' title='bbox 3505 981 3713 1052; x_wconf 74' lang='grc' dir='ltr'>εμσαϊεν</span> 
     </span>
    </p>
   </div>
   <div class='ocr_carea' id='block_1_21' title="bbox 2156 1071 3714 1145">
    <p class='ocr_par' dir='ltr' id='par_1_21' title="bbox 2156 1071 3714 1145">
     <span class='ocr_line' id='line_1_21' title="bbox 2156 1071 3714 1145; baseline 0.001 -18"><span class='ocrx_word' id='word_1_139' title='bbox 2156 1073 2279 1144; x_wconf 82' lang='grc' dir='ltr'>δίχα</span> <span class='ocrx_word' id='word_1_140' title='bbox 2310 1075 2545 1144; x_wconf 82' lang='grc' dir='ltr'>πολέμου</span> <span class='ocrx_word' id='word_1_141' title='bbox 2579 1074 2673 1126; x_wconf 78' lang='grc' dir='ltr'>καὶ</span> <span class='ocrx_word' id='word_1_142' title='bbox 2697 1073 3021 1145; x_wconf 70' lang='grc' dir='ltr'>προσϐολῆς.</span> <span class='ocrx_word' id='word_1_143' title='bbox 3054 1071 3238 1127; x_wconf 76' lang='grc' dir='ltr'>Ταῦτα</span> <span class='ocrx_word' id='word_1_144' title='bbox 3258 1075 3351 1127; x_wconf 71' lang='grc' dir='ltr'>καὶ</span> <span class='ocrx_word' id='word_1_145' title='bbox 3395 1074 3464 1127; x_wconf 79' lang='grc' dir='ltr'>τὰ</span> <span class='ocrx_word' id='word_1_146' title='bbox 3509 1074 3714 1130; x_wconf 79' lang='grc' dir='ltr'>τοιαῦτα</span> 
     </span>
    </p>
   </div>
   <div class='ocr_carea' id='block_1_22' title="bbox 2160 1166 3714 1238">
    <p class='ocr_par' dir='ltr' id='par_1_22' title="bbox 2160 1166 3714 1238">
     <span class='ocr_line' id='line_1_22' title="bbox 2160 1166 3714 1238; baseline -0.001 -17"><span class='ocrx_word' id='word_1_147' title='bbox 2160 1167 2373 1238; x_wconf 74' lang='grc' dir='ltr'>γράψας</span> <span class='ocrx_word' id='word_1_148' title='bbox 2401 1169 2493 1221; x_wconf 71' lang='grc' dir='ltr'>καὶ</span> <span class='ocrx_word' id='word_1_149' title='bbox 2522 1166 2787 1230; x_wconf 80' lang='grc' dir='ltr'>ὀνειδίσας</span> <span class='ocrx_word' id='word_1_150' title='bbox 2817 1170 2844 1220; x_wconf 80' lang='grc' dir='ltr'>ὁ</span> <span class='ocrx_word' id='word_1_151' title='bbox 2872 1166 3123 1238; x_wconf 78' lang='grc' dir='ltr'>βασιλεὺς</span> <span class='ocrx_word' id='word_1_152' title='bbox 3150 1167 3230 1230; x_wconf 82' lang='grc' dir='ltr'>εἰς</span> <span class='ocrx_word' id='word_1_153' title='bbox 3258 1166 3318 1219; x_wconf 74' lang='grc' dir='ltr'>τὸ</span> <span class='ocrx_word' id='word_1_154' title='bbox 3345 1166 3472 1236; x_wconf 75' lang='grc' dir='ltr'><strong>ἑξῆς</strong></span> <span class='ocrx_word' id='word_1_155' title='bbox 3499 1167 3714 1220; x_wconf 75' lang='grc' dir='ltr'><strong>καθίστα</strong></span> 
     </span>
    </p>
   </div>
   <div class='ocr_carea' id='block_1_23' title="bbox 2157 1258 3165 1331">
    <p class='ocr_par' dir='ltr' id='par_1_23' title="bbox 2157 1258 3165 1331">
     <span class='ocr_line' id='line_1_23' title="bbox 2157 1258 3165 1331; baseline 0.002 -20"><span class='ocrx_word' id='word_1_156' title='bbox 2157 1258 2293 1330; x_wconf 78' lang='grc' dir='ltr'>πρὸς</span> <span class='ocrx_word' id='word_1_157' title='bbox 2327 1260 2387 1313; x_wconf 78' lang='grc' dir='ltr'>τὸ</span> <span class='ocrx_word' id='word_1_158' title='bbox 2414 1258 2876 1331; x_wconf 81' lang='grc' dir='ltr'>εύφυλακτότερον</span> <span class='ocrx_word' id='word_1_159' title='bbox 2901 1258 2991 1311; x_wconf 83' lang='grc' dir='ltr'>τὸν</span> <span class='ocrx_word' id='word_1_160' title='bbox 3017 1258 3165 1313; x_wconf 70' lang='grc' dir='ltr'>λαόν.</span> 
     </span>
    </p>
   </div>
   <div class='ocr_carea' id='block_1_24' title="bbox 2906 1376 2982 1388">
    <p class='ocr_par' dir='ltr' id='par_1_24' title="bbox 2906 1376 2982 1388">
     <span class='ocr_line' id='line_1_24' title="bbox 2906 1376 2982 1388; baseline -0.039 0"><span class='ocrx_word' id='word_1_161' title='bbox 2906 1376 2982 1388; x_wconf 75' lang='grc'><strong>.-</strong></span> 
     </span>
    </p>
   </div>
   <div class='ocr_carea' id='block_1_25' title="bbox 2158 1507 3719 1588">
    <p class='ocr_par' dir='ltr' id='par_1_25' title="bbox 2158 1507 3719 1588">
     <span class='ocr_line' id='line_1_25' title="bbox 2158 1507 3719 1588; baseline -0.001 -17"><span class='ocrx_word' id='word_1_162' title='bbox 2158 1528 2270 1572; x_wconf 91' lang='lat' dir='ltr'><strong>tum</strong></span> <span class='ocrx_word' id='word_1_163' title='bbox 2311 1517 2507 1574; x_wconf 78' lang='lat' dir='ltr'><strong>litteris</strong></span> <span class='ocrx_word' id='word_1_164' title='bbox 2559 1517 2780 1588; x_wconf 89' lang='lat' dir='ltr'><strong>scriptis</strong></span> <span class='ocrx_word' id='word_1_165' title='bbox 2810 1519 2953 1573; x_wconf 86' lang='lat' dir='ltr'><strong>haud</strong></span> <span class='ocrx_word' id='word_1_166' title='bbox 2991 1516 3359 1587; x_wconf 76' lang='lat' dir='ltr'><strong>perfunctorie</strong></span> <span class='ocrx_word' id='word_1_167' title='bbox 3391 1507 3559 1568; x_wconf 82' lang='lat' dir='ltr'><strong>duces</strong></span> <span class='ocrx_word' id='word_1_168' title='bbox 3595 1528 3719 1584; x_wconf 71' lang='lat' dir='ltr'><strong>prae-</strong></span> 
     </span>
    </p>
   </div>
   <div class='ocr_carea' id='block_1_26' title="bbox 2159 1604 3717 1681">
    <p class='ocr_par' dir='ltr' id='par_1_26' title="bbox 2159 1604 3717 1681">
     <span class='ocr_line' id='line_1_26' title="bbox 2159 1604 3717 1681; baseline -0.003 -16"><span class='ocrx_word' id='word_1_169' title='bbox 2159 1608 2348 1665; x_wconf 83' lang='lat' dir='ltr'><strong>sertim</strong></span> <span class='ocrx_word' id='word_1_170' title='bbox 2378 1609 2756 1679; x_wconf 77' lang='lat' dir='ltr'><strong>primoresque</strong></span> <span class='ocrx_word' id='word_1_171' title='bbox 2809 1607 3181 1681; x_wconf 83' lang='lat' dir='ltr'><strong>reprehendit,</strong></span> <span class='ocrx_word' id='word_1_172' title='bbox 3240 1616 3447 1676; x_wconf 82' lang='lat' dir='ltr'><strong>negans</strong></span> <span class='ocrx_word' id='word_1_173' title='bbox 3493 1604 3717 1660; x_wconf 84' lang='lat' dir='ltr'><strong>virorum</strong></span> 
     </span>
    </p>
   </div>
   <div class='ocr_carea' id='block_1_27' title="bbox 480 1692 3719 1773">
    <p class='ocr_par' dir='ltr' id='par_1_27' title="bbox 480 1692 3719 1773">
     <span class='ocr_line' id='line_1_27' title="bbox 480 1692 3719 1773; baseline 0.002 -26"><span class='ocrx_word' id='word_1_174' title='bbox 480 1707 603 1757; x_wconf 83' lang='lat' dir='ltr'><strong>nos,</strong></span> <span class='ocrx_word' id='word_1_175' title='bbox 637 1692 800 1761; x_wconf 86' lang='lat' dir='ltr'><strong>Deus,</strong></span> <span class='ocrx_word' id='word_1_176' title='bbox 846 1709 875 1750; x_wconf 89' lang='lat' dir='ltr'><strong>a</strong></span> <span class='ocrx_word' id='word_1_177' title='bbox 907 1694 1112 1766; x_wconf 80' lang='lat' dir='ltr'><strong>Persis,</strong></span> <span class='ocrx_word' id='word_1_178' title='bbox 1145 1714 1175 1754; x_wconf 92' lang='lat' dir='ltr'><strong>a</strong></span> <span class='ocrx_word' id='word_1_179' title='bbox 1206 1699 1469 1773; x_wconf 77' lang='lat' dir='ltr'><strong>Tocharis</strong></span> <span class='ocrx_word' id='word_1_180' title='bbox 1523 1715 1675 1766; x_wconf 90' lang='lat' dir='ltr'><strong>erue,</strong></span> <span class='ocrx_word' id='word_1_181' title='bbox 1725 1716 1757 1756; x_wconf 88' lang='lat' dir='ltr'><strong>a</strong></span> <span class='ocrx_word' id='word_1_182' title='bbox 1810 1699 2062 1757; x_wconf 89' lang='lat' dir='ltr'><strong>barbaris</strong></span> <span class='ocrx_word' id='word_1_183' title='bbox 2155 1702 2507 1772; x_wconf 89' lang='lat' dir='ltr'><strong>prudentium</strong></span> <span class='ocrx_word' id='word_1_184' title='bbox 2539 1715 2605 1756; x_wconf 88' lang='lat' dir='ltr'><strong>ac</strong></span> <span class='ocrx_word' id='word_1_185' title='bbox 2661 1716 2730 1758; x_wconf 89' lang='lat' dir='ltr'><strong>ne</strong></span> <span class='ocrx_word' id='word_1_186' title='bbox 2762 1714 2928 1758; x_wconf 87' lang='lat' dir='ltr'><strong>sensu</strong></span> <span class='ocrx_word' id='word_1_187' title='bbox 2979 1701 3200 1772; x_wconf 81' lang='lat' dir='ltr'><strong>quidem</strong></span> <span class='ocrx_word' id='word_1_188' title='bbox 3254 1697 3535 1754; x_wconf 83' lang='lat' dir='ltr'><strong>communi</strong></span> <span class='ocrx_word' id='word_1_189' title='bbox 3597 1697 3719 1753; x_wconf 89' lang='lat' dir='ltr'><strong>satis</strong></span> 
     </span>
    </p>
   </div>
   <div class='ocr_carea' id='block_1_28' title="bbox 483 1784 3718 1862">
    <p class='ocr_par' dir='ltr' id='par_1_28' title="bbox 483 1784 3718 1862">
     <span class='ocr_line' id='line_1_28' title="bbox 483 1784 3718 1862; baseline 0.002 -25"><span class='ocrx_word' id='word_1_190' title='bbox 483 1799 607 1848; x_wconf 72' lang='lat' dir='ltr'><strong>nos,</strong></span> <span class='ocrx_word' id='word_1_191' title='bbox 641 1784 803 1851; x_wconf 81' lang='lat' dir='ltr'><strong>Deus,</strong></span> <span class='ocrx_word' id='word_1_192' title='bbox 865 1797 1110 1860; x_wconf 87' lang='lat' dir='ltr'><strong>protege,</strong></span> <span class='ocrx_word' id='word_1_193' title='bbox 1153 1808 1171 1843; x_wconf 73' lang='grc' dir='ltr'>ι</span> <span class='ocrx_word' id='word_1_194' title='bbox 1216 1791 1344 1846; x_wconf 90' lang='lat' dir='ltr'><strong>talia</strong></span> <span class='ocrx_word' id='word_1_195' title='bbox 1383 1806 1507 1847; x_wconf 91' lang='lat' dir='ltr'><strong>cum</strong></span> <span class='ocrx_word' id='word_1_196' title='bbox 1550 1792 1931 1848; x_wconf 88' lang='lat' dir='ltr'><strong>meticulosum</strong></span> <span class='ocrx_word' id='word_1_197' title='bbox 1960 1804 2056 1862; x_wconf 52' lang='lat' dir='ltr'><strong>ges</strong></span> <span class='ocrx_word' id='word_1_198' title='bbox 2160 1793 2410 1861; x_wconf 70' lang='lat' dir='ltr'><strong>expedite</strong></span> <span class='ocrx_word' id='word_1_199' title='bbox 2440 1793 2707 1849; x_wconf 88' lang='lat' dir='ltr'><strong>utentium</strong></span> <span class='ocrx_word' id='word_1_200' title='bbox 2738 1792 2926 1858; x_wconf 86' lang='lat' dir='ltr'><strong>fuisse,</strong></span> <span class='ocrx_word' id='word_1_201' title='bbox 2956 1792 3136 1847; x_wconf 86' lang='lat' dir='ltr'><strong>statim</strong></span> <span class='ocrx_word' id='word_1_202' title='bbox 3169 1803 3338 1861; x_wconf 88' lang='lat' dir='ltr'><strong>usque</strong></span> <span class='ocrx_word' id='word_1_203' title='bbox 3357 1789 3498 1845; x_wconf 87' lang='lat' dir='ltr'><strong>adeo</strong></span> <span class='ocrx_word' id='word_1_204' title='bbox 3525 1789 3718 1843; x_wconf 78' lang='lat' dir='ltr'><strong>turbati</strong></span> 
     </span>
    </p>
   </div>
   <div class='ocr_carea' id='block_1_29' title="bbox 485 1877 3720 1961">
    <p class='ocr_par' dir='ltr' id='par_1_29' title="bbox 485 1877 3720 1961">
     <span class='ocr_line' id='line_1_29' title="bbox 485 1877 3720 1961; baseline 0.002 -33"><span class='ocrx_word' id='word_1_205' title='bbox 485 1892 590 1930; x_wconf 90' lang='lat' dir='ltr'><strong>nus</strong></span> <span class='ocrx_word' id='word_1_206' title='bbox 622 1877 1066 1935; x_wconf 81' lang='lat' dir='ltr'><strong>muliercularum</strong></span> <span class='ocrx_word' id='word_1_207' title='bbox 1123 1893 1177 1938; x_wconf 88' lang='lat' dir='ltr'><strong>et</strong></span> <span class='ocrx_word' id='word_1_208' title='bbox 1222 1883 1276 1937; x_wconf 92' lang='lat' dir='ltr'><strong>in</strong></span> <span class='ocrx_word' id='word_1_209' title='bbox 1344 1883 1412 1938; x_wconf 89' lang='lat' dir='ltr'><strong>iis</strong></span> <span class='ocrx_word' id='word_1_210' title='bbox 1445 1884 1907 1942; x_wconf 86' lang='lat' dir='ltr'><strong>consternatiores</strong></span> <span class='ocrx_word' id='word_1_211' title='bbox 1938 1883 2057 1938; x_wconf 82' lang='lat' dir='ltr'><strong>ani-</strong></span> <span class='ocrx_word' id='word_1_212' title='bbox 2087 1904 2130 1961; x_wconf 73' lang='grc' dir='ltr'><strong><em>Β</em></strong></span> <span class='ocrx_word' id='word_1_213' title='bbox 2161 1883 2302 1939; x_wconf 88' lang='lat' dir='ltr'><strong>fama</strong></span> <span class='ocrx_word' id='word_1_214' title='bbox 2333 1894 2536 1942; x_wconf 87' lang='lat' dir='ltr'><strong>temere</strong></span> <span class='ocrx_word' id='word_1_215' title='bbox 2598 1886 2771 1950; x_wconf 89' lang='lat' dir='ltr'><strong>illata,</strong></span> <span class='ocrx_word' id='word_1_216' title='bbox 2827 1885 3065 1957; x_wconf 90' lang='lat' dir='ltr'><strong>primum</strong></span> <span class='ocrx_word' id='word_1_217' title='bbox 3120 1882 3389 1953; x_wconf 81' lang='lat' dir='ltr'><strong>siquidem</strong></span> <span class='ocrx_word' id='word_1_218' title='bbox 3452 1882 3720 1951; x_wconf 81' lang='lat' dir='ltr'><strong>explorare</strong></span> 
     </span>
    </p>
   </div>
   <div class='ocr_carea' id='block_1_30' title="bbox 484 1970 3722 2048">
    <p class='ocr_par' dir='ltr' id='par_1_30' title="bbox 484 1970 3722 2048">
     <span class='ocr_line' id='line_1_30' title="bbox 484 1970 3722 2048; baseline 0.001 -27"><span class='ocrx_word' id='word_1_219' title='bbox 484 1970 618 2024; x_wconf 65' lang='lat' dir='ltr'><strong>rulae</strong></span> <span class='ocrx_word' id='word_1_220' title='bbox 675 1970 920 2040; x_wconf 61' lang='lat' dir='ltr'><strong>quaedam</strong></span> <span class='ocrx_word' id='word_1_221' title='bbox 983 1972 1421 2031; x_wconf 79' lang='lat' dir='ltr'><strong>vociferarentur</strong></span> <span class='ocrx_word' id='word_1_222' title='bbox 1485 1976 1721 2042; x_wconf 87' lang='lat' dir='ltr'><strong>acutius,</strong></span> <span class='ocrx_word' id='word_1_223' title='bbox 1798 1975 2063 2032; x_wconf 88' lang='lat' dir='ltr'><strong>credibile</strong></span> <span class='ocrx_word' id='word_1_224' title='bbox 2164 1976 2474 2045; x_wconf 85' lang='lat' dir='ltr'><strong>oportuisse</strong></span> <span class='ocrx_word' id='word_1_225' title='bbox 2501 1992 2609 2048; x_wconf 91' lang='lat' dir='ltr'><strong>quo</strong></span> <span class='ocrx_word' id='word_1_226' title='bbox 2644 1977 2995 2032; x_wconf 87' lang='lat' dir='ltr'><strong>fundamento</strong></span> <span class='ocrx_word' id='word_1_227' title='bbox 3054 1989 3240 2031; x_wconf 89' lang='lat' dir='ltr'><strong>rumor</strong></span> <span class='ocrx_word' id='word_1_228' title='bbox 3270 1974 3563 2037; x_wconf 77' lang='lat' dir='ltr'><strong>niteretur,</strong></span> <span class='ocrx_word' id='word_1_229' title='bbox 3595 1986 3722 2042; x_wconf 77' lang='lat' dir='ltr'><strong>pra:-</strong></span> 
     </span>
    </p>
   </div>
   <div class='ocr_carea' id='block_1_31' title="bbox 485 2064 2061 2141">
    <p class='ocr_par' dir='ltr' id='par_1_31' title="bbox 485 2064 2061 2141">
     <span class='ocr_line' id='line_1_31' title="bbox 485 2064 2061 2141; baseline 0.005 -25"><span class='ocrx_word' id='word_1_230' title='bbox 485 2078 565 2118; x_wconf 78' lang='lat' dir='ltr'><strong>est</strong></span> <span class='ocrx_word' id='word_1_231' title='bbox 635 2079 799 2120; x_wconf 84' lang='lat' dir='ltr'><strong>voces</strong></span> <span class='ocrx_word' id='word_1_232' title='bbox 862 2064 982 2121; x_wconf 89' lang='lat' dir='ltr'><strong>illas</strong></span> <span class='ocrx_word' id='word_1_233' title='bbox 1047 2067 1328 2123; x_wconf 80' lang='lat' dir='ltr'><strong>Persarum</strong></span> <span class='ocrx_word' id='word_1_234' title='bbox 1394 2078 1447 2123; x_wconf 89' lang='lat' dir='ltr'><strong>et</strong></span> <span class='ocrx_word' id='word_1_235' title='bbox 1497 2070 1868 2126; x_wconf 89' lang='lat' dir='ltr'><strong>&#39;l&#39;ocharorum</strong></span> <span class='ocrx_word' id='word_1_236' title='bbox 1933 2083 2061 2141; x_wconf 86' lang='lat' dir='ltr'><strong>per-</strong></span> 
     </span>
    </p>
   </div>
   <div class='ocr_carea' id='block_1_32' title="bbox 485 2158 2065 2232">
    <p class='ocr_par' dir='ltr' id='par_1_32' title="bbox 485 2158 2065 2232">
     <span class='ocr_line' id='line_1_32' title="bbox 485 2158 2065 2232; baseline 0.004 -23"><span class='ocrx_word' id='word_1_237' title='bbox 485 2158 725 2213; x_wconf 79' lang='lat' dir='ltr'><strong>cussisse</strong></span> <span class='ocrx_word' id='word_1_238' title='bbox 791 2172 951 2213; x_wconf 87' lang='lat' dir='ltr'><strong>aures</strong></span> <span class='ocrx_word' id='word_1_239' title='bbox 1008 2161 1369 2230; x_wconf 84' lang='lat' dir='ltr'><strong>quorumdam</strong></span> <span class='ocrx_word' id='word_1_240' title='bbox 1420 2161 1567 2215; x_wconf 86' lang='lat' dir='ltr'><strong>aliud</strong></span> <span class='ocrx_word' id='word_1_241' title='bbox 1634 2161 1952 2232; x_wconf 87' lang='lat' dir='ltr'><strong>agentium,</strong></span> <span class='ocrx_word' id='word_1_242' title='bbox 2009 2170 2065 2215; x_wconf 91' lang='lat' dir='ltr'><strong>et</strong></span> 
     </span>
    </p>
   </div>
   <div class='ocr_carea' id='block_1_33' title="bbox 488 2250 2060 2320">
    <p class='ocr_par' dir='ltr' id='par_1_33' title="bbox 488 2250 2060 2320">
     <span class='ocr_line' id='line_1_33' title="bbox 488 2250 2060 2320; baseline 0.003 -19"><span class='ocrx_word' id='word_1_243' title='bbox 488 2251 729 2303; x_wconf 83' lang='lat' dir='ltr'><strong>novitate</strong></span> <span class='ocrx_word' id='word_1_244' title='bbox 766 2250 883 2320; x_wconf 83' lang='lat' dir='ltr'><strong>ipsa</strong></span> <span class='ocrx_word' id='word_1_245' title='bbox 921 2266 985 2306; x_wconf 85' lang='lat' dir='ltr'><strong>ac</strong></span> <span class='ocrx_word' id='word_1_246' title='bbox 1019 2261 1146 2307; x_wconf 90' lang='lat' dir='ltr'><strong>tono</strong></span> <span class='ocrx_word' id='word_1_247' title='bbox 1202 2251 1545 2307; x_wconf 86' lang='lat' dir='ltr'><strong>formidinem</strong></span> <span class='ocrx_word' id='word_1_248' title='bbox 1576 2252 1778 2319; x_wconf 87' lang='lat' dir='ltr'><strong>ciente,</strong></span> <span class='ocrx_word' id='word_1_249' title='bbox 1838 2253 2060 2319; x_wconf 88' lang='lat' dir='ltr'><strong>multos,</strong></span> 
     </span>
    </p>
   </div>
   <div class='ocr_carea' id='block_1_34' title="bbox 486 2340 2061 2414">
    <p class='ocr_par' dir='ltr' id='par_1_34' title="bbox 486 2340 2061 2414">
     <span class='ocr_line' id='line_1_34' title="bbox 486 2340 2061 2414; baseline 0.005 -21"><span class='ocrx_word' id='word_1_250' title='bbox 486 2340 797 2397; x_wconf 83' lang='lat' dir='ltr'><strong>indiscussa</strong></span> <span class='ocrx_word' id='word_1_251' title='bbox 843 2345 1030 2399; x_wconf 85' lang='lat' dir='ltr'><strong>statim</strong></span> <span class='ocrx_word' id='word_1_252' title='bbox 1088 2345 1291 2400; x_wconf 83' lang='lat' dir='ltr'><strong>indicio</strong></span> <span class='ocrx_word' id='word_1_253' title='bbox 1352 2346 1637 2414; x_wconf 77' lang='lat' dir='ltr'><strong>gliscente,</strong></span> <span class='ocrx_word' id='word_1_254' title='bbox 1678 2347 1731 2400; x_wconf 92' lang='lat' dir='ltr'><strong>in</strong></span> <span class='ocrx_word' id='word_1_255' title='bbox 1771 2345 2061 2401; x_wconf 86' lang='lat' dir='ltr'><strong>absurdam</strong></span> 
     </span>
    </p>
   </div>
   <div class='ocr_carea' id='block_1_35' title="bbox 486 2432 2063 2508">
    <p class='ocr_par' dir='ltr' id='par_1_35' title="bbox 486 2432 2063 2508">
     <span class='ocr_line' id='line_1_35' title="bbox 486 2432 2063 2508; baseline -0.001 -22"><span class='ocrx_word' id='word_1_256' title='bbox 486 2432 859 2503; x_wconf 82' lang='lat' dir='ltr'><strong>ingressorum</strong></span> <span class='ocrx_word' id='word_1_257' title='bbox 889 2438 1074 2492; x_wconf 84' lang='lat' dir='ltr'><strong>urbem</strong></span> <span class='ocrx_word' id='word_1_258' title='bbox 1115 2439 1365 2504; x_wconf 86' lang='lat' dir='ltr'><strong>istorum,</strong></span> <span class='ocrx_word' id='word_1_259' title='bbox 1402 2454 1537 2508; x_wconf 86' lang='lat' dir='ltr'><strong>quos</strong></span> <span class='ocrx_word' id='word_1_260' title='bbox 1564 2438 1822 2508; x_wconf 86' lang='lat' dir='ltr'><strong>appellari</strong></span> <span class='ocrx_word' id='word_1_261' title='bbox 1871 2439 2063 2492; x_wconf 65' lang='lat' dir='ltr'><strong>audie-</strong></span> 
     </span>
    </p>
   </div>
   <div class='ocr_carea' id='block_1_36' title="bbox 486 2530 2065 2599">
    <p class='ocr_par' dir='ltr' id='par_1_36' title="bbox 486 2530 2065 2599">
     <span class='ocr_line' id='line_1_36' title="bbox 486 2530 2065 2599; baseline 0.004 -20"><span class='ocrx_word' id='word_1_262' title='bbox 486 2537 612 2579; x_wconf 85' lang='lat' dir='ltr'><strong>rant</strong></span> <span class='ocrx_word' id='word_1_263' title='bbox 650 2530 951 2594; x_wconf 85' lang='lat' dir='ltr'><strong>nominum,</strong></span> <span class='ocrx_word' id='word_1_264' title='bbox 989 2530 1299 2599; x_wconf 85' lang='lat' dir='ltr'><strong>opinionem</strong></span> <span class='ocrx_word' id='word_1_265' title='bbox 1333 2545 1397 2587; x_wconf 88' lang='lat' dir='ltr'><strong>ac</strong></span> <span class='ocrx_word' id='word_1_266' title='bbox 1431 2530 1587 2586; x_wconf 80' lang='lat' dir='ltr'><strong>ﬁdem</strong></span> <span class='ocrx_word' id='word_1_267' title='bbox 1636 2530 1805 2587; x_wconf 86' lang='lat' dir='ltr'><strong>fuisse</strong></span> <span class='ocrx_word' id='word_1_268' title='bbox 1839 2531 2065 2585; x_wconf 83' lang='lat' dir='ltr'><strong>ridicule</strong></span> 
     </span>
    </p>
   </div>
   <div class='ocr_carea' id='block_1_37' title="bbox 488 2616 2064 2691">
    <p class='ocr_par' dir='ltr' id='par_1_37' title="bbox 488 2616 2064 2691">
     <span class='ocr_line' id='line_1_37' title="bbox 488 2616 2064 2691; baseline 0.003 -23"><span class='ocrx_word' id='word_1_269' title='bbox 488 2628 816 2686; x_wconf 83' lang='lat' dir='ltr'><strong>pertractus.</strong></span> <span class='ocrx_word' id='word_1_270' title='bbox 845 2616 980 2673; x_wconf 65' lang='lat' dir='ltr'><strong>Nam</strong></span> <span class='ocrx_word' id='word_1_271' title='bbox 1021 2636 1089 2675; x_wconf 91' lang='lat' dir='ltr'><strong>ne</strong></span> <span class='ocrx_word' id='word_1_272' title='bbox 1140 2620 1248 2675; x_wconf 87' lang='lat' dir='ltr'><strong>cito</strong></span> <span class='ocrx_word' id='word_1_273' title='bbox 1304 2619 1805 2691; x_wconf 85' lang='lat' dir='ltr'><strong>deprehenderetur</strong></span> <span class='ocrx_word' id='word_1_274' title='bbox 1855 2622 2064 2690; x_wconf 87' lang='lat' dir='ltr'><strong>primus</strong></span> 
     </span>
    </p>
   </div>
   <div class='ocr_carea' id='block_1_38' title="bbox 487 2710 2064 2779">
    <p class='ocr_par' dir='ltr' id='par_1_38' title="bbox 487 2710 2064 2779">
     <span class='ocr_line' id='line_1_38' title="bbox 487 2710 2064 2779; baseline 0.001 -17"><span class='ocrx_word' id='word_1_275' title='bbox 487 2722 666 2773; x_wconf 85' lang='lat' dir='ltr'><strong>error,</strong></span> <span class='ocrx_word' id='word_1_276' title='bbox 734 2710 1194 2779; x_wconf 81' lang='lat' dir='ltr'><strong>perturbationem</strong></span> <span class='ocrx_word' id='word_1_277' title='bbox 1254 2727 1319 2767; x_wconf 78' lang='lat' dir='ltr'><strong>ex</strong></span> <span class='ocrx_word' id='word_1_278' title='bbox 1382 2712 1498 2766; x_wconf 88' lang='lat' dir='ltr'><strong>dira</strong></span> <span class='ocrx_word' id='word_1_279' title='bbox 1558 2712 1835 2767; x_wconf 84' lang='lat' dir='ltr'><strong>mentione</strong></span> <span class='ocrx_word' id='word_1_280' title='bbox 1879 2710 2064 2765; x_wconf 91' lang='lat' dir='ltr'><strong>statim</strong></span> 
     </span>
    </p>
   </div>
   <div class='ocr_carea' id='block_1_39' title="bbox 490 2800 2066 2874">
    <p class='ocr_par' dir='ltr' id='par_1_39' title="bbox 490 2800 2066 2874">
     <span class='ocr_line' id='line_1_39' title="bbox 490 2800 2066 2874; baseline -0.001 -19"><span class='ocrx_word' id='word_1_281' title='bbox 490 2813 670 2856; x_wconf 83' lang='lat' dir='ltr'><strong>natam</strong></span> <span class='ocrx_word' id='word_1_282' title='bbox 704 2803 1002 2867; x_wconf 86' lang='lat' dir='ltr'><strong>obstitisse,</strong></span> <span class='ocrx_word' id='word_1_283' title='bbox 1033 2811 1085 2858; x_wconf 87' lang='lat' dir='ltr'><strong>et</strong></span> <span class='ocrx_word' id='word_1_284' title='bbox 1138 2804 1547 2874; x_wconf 84' lang='lat' dir='ltr'><strong>persuasionem</strong></span> <span class='ocrx_word' id='word_1_285' title='bbox 1585 2817 1711 2858; x_wconf 82' lang='lat' dir='ltr'><strong>cunt</strong></span> <span class='ocrx_word' id='word_1_286' title='bbox 1772 2809 1916 2855; x_wconf 89' lang='lat' dir='ltr'><strong>metu</strong></span> <span class='ocrx_word' id='word_1_287' title='bbox 1958 2800 2066 2854; x_wconf 86' lang='lat' dir='ltr'><strong>late</strong></span> 
     </span>
    </p>
   </div>
   <div class='ocr_carea' id='block_1_40' title="bbox 489 2896 2063 2964">
    <p class='ocr_par' dir='ltr' id='par_1_40' title="bbox 489 2896 2063 2964">
     <span class='ocr_line' id='line_1_40' title="bbox 489 2896 2063 2964; baseline -0.001 -15"><span class='ocrx_word' id='word_1_288' title='bbox 489 2897 882 2953; x_wconf 74' lang='lat' dir='ltr'><strong>disseminasse</strong></span> <span class='ocrx_word' id='word_1_289' title='bbox 910 2914 925 2964; x_wconf 88' lang='lat'><strong>;</strong></span> <span class='ocrx_word' id='word_1_290' title='bbox 958 2899 1029 2952; x_wconf 92' lang='lat' dir='ltr'><strong>ita</strong></span> <span class='ocrx_word' id='word_1_291' title='bbox 1066 2900 1351 2953; x_wconf 89' lang='lat' dir='ltr'><strong>tumultum</strong></span> <span class='ocrx_word' id='word_1_292' title='bbox 1384 2897 1534 2953; x_wconf 82' lang='lat' dir='ltr'><strong>urbis</strong></span> <span class='ocrx_word' id='word_1_293' title='bbox 1562 2907 1616 2953; x_wconf 88' lang='lat' dir='ltr'><strong>et</strong></span> <span class='ocrx_word' id='word_1_294' title='bbox 1640 2896 1785 2951; x_wconf 81' lang='lat' dir='ltr'><strong>illam</strong></span> <span class='ocrx_word' id='word_1_295' title='bbox 1815 2896 2063 2951; x_wconf 81' lang='lat' dir='ltr'><strong>insanam</strong></span> 
     </span>
    </p>
   </div>
   <div class='ocr_carea' id='block_1_41' title="bbox 491 2988 2065 3059">
    <p class='ocr_par' dir='ltr' id='par_1_41' title="bbox 491 2988 2065 3059">
     <span class='ocr_line' id='line_1_41' title="bbox 491 2988 2065 3059; baseline -0.001 -17"><span class='ocrx_word' id='word_1_296' title='bbox 491 2989 908 3058; x_wconf 60' lang='lat' dir='ltr'><strong>trepidationem</strong></span> <span class='ocrx_word' id='word_1_297' title='bbox 945 2999 1119 3045; x_wconf 91' lang='lat' dir='ltr'><strong>ortam</strong></span> <span class='ocrx_word' id='word_1_298' title='bbox 1147 3000 1491 3059; x_wconf 84' lang='lat' dir='ltr'><strong>auctamque,</strong></span> <span class='ocrx_word' id='word_1_299' title='bbox 1542 2988 1621 3044; x_wconf 90' lang='lat' dir='ltr'><strong>sic</strong></span> <span class='ocrx_word' id='word_1_300' title='bbox 1645 2988 1724 3042; x_wconf 89' lang='lat' dir='ltr'><strong>illi</strong></span> <span class='ocrx_word' id='word_1_301' title='bbox 1746 2988 2065 3058; x_wconf 86' lang='lat' dir='ltr'><strong>conjectan-</strong></span> 
     </span>
    </p>
   </div>
   <div class='ocr_carea' id='block_1_42' title="bbox 492 3081 2068 3153">
    <p class='ocr_par' dir='ltr' id='par_1_42' title="bbox 492 3081 2068 3153">
     <span class='ocr_line' id='line_1_42' title="bbox 492 3081 2068 3153; baseline -0.002 -17"><span class='ocrx_word' id='word_1_302' title='bbox 492 3092 573 3138; x_wconf 87' lang='lat' dir='ltr'><strong>tes</strong></span> <span class='ocrx_word' id='word_1_303' title='bbox 638 3083 997 3139; x_wconf 74' lang='lat' dir='ltr'><strong>disserebant.</strong></span> <span class='ocrx_word' id='word_1_304' title='bbox 1058 3084 1324 3139; x_wconf 71' lang='lat' dir='ltr'><strong>Cmterum</strong></span> <span class='ocrx_word' id='word_1_305' title='bbox 1380 3083 1674 3153; x_wconf 85' lang='lat' dir='ltr'><strong>imperator</strong></span> <span class='ocrx_word' id='word_1_306' title='bbox 1721 3081 1815 3135; x_wconf 89' lang='lat' dir='ltr'><strong>ubi</strong></span> <span class='ocrx_word' id='word_1_307' title='bbox 1846 3094 1911 3136; x_wconf 87' lang='lat' dir='ltr'><strong>ea</strong></span> <span class='ocrx_word' id='word_1_308' title='bbox 1945 3088 2068 3149; x_wconf 88' lang='lat' dir='ltr'><strong>post</strong></span> 
     </span>
    </p>
   </div>
   <div class='ocr_carea' id='block_1_43' title="bbox 490 3174 2060 3246">
    <p class='ocr_par' dir='ltr' id='par_1_43' title="bbox 490 3174 2060 3246">
     <span class='ocr_line' id='line_1_43' title="bbox 490 3174 2060 3246; baseline 0 -17"><span class='ocrx_word' id='word_1_309' title='bbox 490 3179 768 3246; x_wconf 82' lang='lat' dir='ltr'><strong>cognovit.</strong></span> <span class='ocrx_word' id='word_1_310' title='bbox 830 3193 952 3232; x_wconf 88' lang='lat' dir='ltr'><strong>cum</strong></span> <span class='ocrx_word' id='word_1_311' title='bbox 1007 3177 1322 3232; x_wconf 75' lang='lat' dir='ltr'><strong>humaniter</strong></span> <span class='ocrx_word' id='word_1_312' title='bbox 1373 3190 1694 3245; x_wconf 84' lang='lat' dir='ltr'><strong>compassus</strong></span> <span class='ocrx_word' id='word_1_313' title='bbox 1749 3174 1924 3230; x_wconf 90' lang='lat' dir='ltr'><strong>errori</strong></span> <span class='ocrx_word' id='word_1_314' title='bbox 1955 3183 2060 3239; x_wconf 86' lang='lat' dir='ltr'><strong>est,</strong></span> 
     </span>
    </p>
   </div>
   <div class='ocr_carea' id='block_1_44' title="bbox 2166 2061 3720 2138">
    <p class='ocr_par' dir='ltr' id='par_1_44' title="bbox 2166 2061 3720 2138">
     <span class='ocr_line' id='line_1_44' title="bbox 2166 2061 3720 2138; baseline -0.005 -14"><span class='ocrx_word' id='word_1_315' title='bbox 2166 2070 2353 2125; x_wconf 87' lang='lat' dir='ltr'><strong>sertim</strong></span> <span class='ocrx_word' id='word_1_316' title='bbox 2385 2070 2527 2125; x_wconf 89' lang='lat' dir='ltr'><strong>male</strong></span> <span class='ocrx_word' id='word_1_317' title='bbox 2574 2070 2903 2126; x_wconf 68' lang='lat' dir='ltr'><strong>cohaerentia</strong></span> <span class='ocrx_word' id='word_1_318' title='bbox 2936 2070 3189 2124; x_wconf 88' lang='lat' dir='ltr'><strong>nuntians</strong></span> <span class='ocrx_word' id='word_1_319' title='bbox 3218 2084 3233 2123; x_wconf 88' lang='lat'><strong>:</strong></span> <span class='ocrx_word' id='word_1_320' title='bbox 3291 2068 3567 2138; x_wconf 87' lang='lat' dir='ltr'><strong>quomodo</strong></span> <span class='ocrx_word' id='word_1_321' title='bbox 3594 2061 3720 2120; x_wconf 87' lang='lat' dir='ltr'><strong>enim</strong></span> 
     </span>
    </p>
   </div>
   <div class='ocr_carea' id='block_1_45' title="bbox 2170 2158 3725 2231">
    <p class='ocr_par' dir='ltr' id='par_1_45' title="bbox 2170 2158 3725 2231">
     <span class='ocr_line' id='line_1_45' title="bbox 2170 2158 3725 2231; baseline -0.004 -15"><span class='ocrx_word' id='word_1_322' title='bbox 2170 2165 2353 2218; x_wconf 82' lang='lat' dir='ltr'><strong>hostes</strong></span> <span class='ocrx_word' id='word_1_323' title='bbox 2393 2164 2538 2218; x_wconf 87' lang='lat' dir='ltr'><strong>intra</strong></span> <span class='ocrx_word' id='word_1_324' title='bbox 2572 2163 2759 2218; x_wconf 86' lang='lat' dir='ltr'><strong>urbem</strong></span> <span class='ocrx_word' id='word_1_325' title='bbox 2788 2171 2842 2218; x_wconf 91' lang='lat' dir='ltr'><strong>ct</strong></span> <span class='ocrx_word' id='word_1_326' title='bbox 2872 2162 2925 2216; x_wconf 91' lang='lat' dir='ltr'><strong>in</strong></span> <span class='ocrx_word' id='word_1_327' title='bbox 2953 2162 3154 2217; x_wconf 83' lang='lat' dir='ltr'><strong>civium</strong></span> <span class='ocrx_word' id='word_1_328' title='bbox 3184 2160 3413 2231; x_wconf 75' lang='lat' dir='ltr'><strong>iugulis,</strong></span> <span class='ocrx_word' id='word_1_329' title='bbox 3448 2160 3515 2213; x_wconf 90' lang='lat' dir='ltr'><strong>de</strong></span> <span class='ocrx_word' id='word_1_330' title='bbox 3546 2158 3725 2226; x_wconf 85' lang='lat' dir='ltr'><strong>quibus</strong></span> 
     </span>
    </p>
   </div>
   <div class='ocr_carea' id='block_1_46' title="bbox 2166 2248 3725 2324">
    <p class='ocr_par' dir='ltr' id='par_1_46' title="bbox 2166 2248 3725 2324">
     <span class='ocr_line' id='line_1_46' title="bbox 2166 2248 3725 2324; baseline -0.006 -14"><span class='ocrx_word' id='word_1_331' title='bbox 2166 2255 2407 2310; x_wconf 84' lang='lat' dir='ltr'><strong>auditum</strong></span> <span class='ocrx_word' id='word_1_332' title='bbox 2440 2256 2675 2310; x_wconf 85' lang='lat' dir='ltr'><strong>nondum</strong></span> <span class='ocrx_word' id='word_1_333' title='bbox 2706 2263 2851 2309; x_wconf 88' lang='lat' dir='ltr'><strong>esset</strong></span> <span class='ocrx_word' id='word_1_334' title='bbox 2877 2253 3011 2309; x_wconf 86' lang='lat' dir='ltr'><strong>foris</strong></span> <span class='ocrx_word' id='word_1_335' title='bbox 3042 2253 3474 2324; x_wconf 80' lang='lat' dir='ltr'><strong>approximasse,</strong></span> <span class='ocrx_word' id='word_1_336' title='bbox 3508 2248 3725 2305; x_wconf 84' lang='lat' dir='ltr'><strong>circum-</strong></span> 
     </span>
    </p>
   </div>
   <div class='ocr_carea' id='block_1_47' title="bbox 2166 2341 3725 2414">
    <p class='ocr_par' dir='ltr' id='par_1_47' title="bbox 2166 2341 3725 2414">
     <span class='ocr_line' id='line_1_47' title="bbox 2166 2341 3725 2414; baseline -0.004 -12"><span class='ocrx_word' id='word_1_337' title='bbox 2166 2347 2346 2402; x_wconf 87' lang='lat' dir='ltr'><strong>sidere</strong></span> <span class='ocrx_word' id='word_1_338' title='bbox 2396 2361 2605 2414; x_wconf 85' lang='lat' dir='ltr'><strong>muros,</strong></span> <span class='ocrx_word' id='word_1_339' title='bbox 2667 2347 2908 2401; x_wconf 87' lang='lat' dir='ltr'><strong>turribus</strong></span> <span class='ocrx_word' id='word_1_340' title='bbox 2964 2360 3024 2401; x_wconf 88' lang='lat' dir='ltr'><strong>se</strong></span> <span class='ocrx_word' id='word_1_341' title='bbox 3072 2341 3725 2411; x_wconf 77' lang='lat' dir='ltr'><strong>adntovlsse?Quomodo</strong></span> 
     </span>
    </p>
   </div>
   <div class='ocr_carea' id='block_1_48' title="bbox 2169 2433 3724 2511">
    <p class='ocr_par' dir='ltr' id='par_1_48' title="bbox 2169 2433 3724 2511">
     <span class='ocr_line' id='line_1_48' title="bbox 2169 2433 3724 2511; baseline -0.003 -18"><span class='ocrx_word' id='word_1_342' title='bbox 2169 2439 2263 2511; x_wconf 90' lang='lat' dir='ltr'><strong>qui</strong></span> <span class='ocrx_word' id='word_1_343' title='bbox 2312 2439 2479 2509; x_wconf 78' lang='lat' dir='ltr'><strong>paulo</strong></span> <span class='ocrx_word' id='word_1_344' title='bbox 2536 2447 2665 2493; x_wconf 89' lang='lat' dir='ltr'><strong>ante</strong></span> <span class='ocrx_word' id='word_1_345' title='bbox 2720 2438 2849 2493; x_wconf 85' lang='lat' dir='ltr'><strong>dicti</strong></span> <span class='ocrx_word' id='word_1_346' title='bbox 2907 2448 3091 2494; x_wconf 88' lang='lat' dir='ltr'><strong>essent</strong></span> <span class='ocrx_word' id='word_1_347' title='bbox 3150 2436 3360 2493; x_wconf 68' lang='lat' dir='ltr'><strong>hmrere</strong></span> <span class='ocrx_word' id='word_1_348' title='bbox 3416 2433 3724 2499; x_wconf 67' lang='lat' dir='ltr'><strong>inPersidr,</strong></span> 
     </span>
    </p>
   </div>
   <div class='ocr_carea' id='block_1_49' title="bbox 2168 2529 3729 2599">
    <p class='ocr_par' dir='ltr' id='par_1_49' title="bbox 2168 2529 3729 2599">
     <span class='ocr_line' id='line_1_49' title="bbox 2168 2529 3729 2599; baseline -0.005 -14"><span class='ocrx_word' id='word_1_349' title='bbox 2168 2531 2349 2586; x_wconf 89' lang='lat' dir='ltr'><strong>subito</strong></span> <span class='ocrx_word' id='word_1_350' title='bbox 2385 2530 2486 2587; x_wconf 87' lang='lat' dir='ltr'><strong>alis</strong></span> <span class='ocrx_word' id='word_1_351' title='bbox 2523 2529 2754 2599; x_wconf 88' lang='lat' dir='ltr'><strong>sumptis</strong></span> <span class='ocrx_word' id='word_1_352' title='bbox 2805 2530 3047 2584; x_wconf 87' lang='lat' dir='ltr'><strong>volucris</strong></span> <span class='ocrx_word' id='word_1_353' title='bbox 3104 2530 3383 2585; x_wconf 76' lang='lat' dir='ltr'><strong>exercitus</strong></span> <span class='ocrx_word' id='word_1_354' title='bbox 3439 2541 3600 2597; x_wconf 89' lang='lat' dir='ltr'><strong>supra</strong></span> <span class='ocrx_word' id='word_1_355' title='bbox 3633 2535 3729 2580; x_wconf 89' lang='lat' dir='ltr'><strong>sta-</strong></span> 
     </span>
    </p>
   </div>
   <div class='ocr_carea' id='block_1_50' title="bbox 2169 2619 3725 2690">
    <p class='ocr_par' dir='ltr' id='par_1_50' title="bbox 2169 2619 3725 2690">
     <span class='ocr_line' id='line_1_50' title="bbox 2169 2619 3725 2690; baseline -0.004 -14"><span class='ocrx_word' id='word_1_356' title='bbox 2169 2633 2289 2677; x_wconf 89' lang='lat' dir='ltr'><strong>rent</strong></span> <span class='ocrx_word' id='word_1_357' title='bbox 2321 2622 2673 2676; x_wconf 84' lang='lat' dir='ltr'><strong>imminentes</strong></span> <span class='ocrx_word' id='word_1_358' title='bbox 2698 2619 2931 2690; x_wconf 88' lang='lat' dir='ltr'><strong>desuper</strong></span> <span class='ocrx_word' id='word_1_359' title='bbox 2955 2619 3287 2683; x_wconf 84' lang='lat' dir='ltr'><strong>cervicibus,</strong></span> <span class='ocrx_word' id='word_1_360' title='bbox 3327 2628 3540 2674; x_wconf 89' lang='lat' dir='ltr'><strong>tantum</strong></span> <span class='ocrx_word' id='word_1_361' title='bbox 3573 2619 3725 2673; x_wconf 84' lang='lat' dir='ltr'><strong>inter-</strong></span> 
     </span>
    </p>
   </div>
   <div class='ocr_carea' id='block_1_51' title="bbox 2166 2711 3724 2781">
    <p class='ocr_par' dir='ltr' id='par_1_51' title="bbox 2166 2711 3724 2781">
     <span class='ocr_line' id='line_1_51' title="bbox 2166 2711 3724 2781; baseline -0.001 -16"><span class='ocrx_word' id='word_1_362' title='bbox 2166 2712 2391 2779; x_wconf 83' lang='lat' dir='ltr'><strong>vallum,</strong></span> <span class='ocrx_word' id='word_1_363' title='bbox 2420 2713 2509 2768; x_wconf 89' lang='lat' dir='ltr'><strong>nbi</strong></span> <span class='ocrx_word' id='word_1_364' title='bbox 2538 2723 2594 2767; x_wconf 90' lang='lat' dir='ltr'><strong>et</strong></span> <span class='ocrx_word' id='word_1_365' title='bbox 2627 2728 2781 2768; x_wconf 84' lang='lat' dir='ltr'><strong>arces</strong></span> <span class='ocrx_word' id='word_1_366' title='bbox 2814 2722 2868 2768; x_wconf 88' lang='lat' dir='ltr'><strong>et</strong></span> <span class='ocrx_word' id='word_1_367' title='bbox 2890 2711 3137 2781; x_wconf 65' lang='lat' dir='ltr'><strong>praesidia</strong></span> <span class='ocrx_word' id='word_1_368' title='bbox 3173 2711 3418 2766; x_wconf 80' lang='lat' dir='ltr'><strong>Romana</strong></span> <span class='ocrx_word' id='word_1_369' title='bbox 3468 2711 3598 2773; x_wconf 88' lang='lat' dir='ltr'><strong>sint,</strong></span> <span class='ocrx_word' id='word_1_370' title='bbox 3626 2712 3724 2764; x_wconf 83' lang='lat' dir='ltr'><strong>vic-</strong></span> 
     </span>
    </p>
   </div>
   <div class='ocr_carea' id='block_1_52' title="bbox 2168 2802 3726 2860">
    <p class='ocr_par' dir='ltr' id='par_1_52' title="bbox 2168 2802 3726 2860">
     <span class='ocr_line' id='line_1_52' title="bbox 2168 2802 3726 2860; baseline -0.005 -1"><span class='ocrx_word' id='word_1_371' title='bbox 2168 2806 2325 2859; x_wconf 89' lang='lat' dir='ltr'><strong>toriis</strong></span> <span class='ocrx_word' id='word_1_372' title='bbox 2355 2815 2633 2860; x_wconf 90' lang='lat' dir='ltr'><strong>momento</strong></span> <span class='ocrx_word' id='word_1_373' title='bbox 2652 2804 2941 2860; x_wconf 83' lang='lat' dir='ltr'><strong>emensos?</strong></span> <span class='ocrx_word' id='word_1_374' title='bbox 2974 2802 3099 2859; x_wconf 77' lang='lat' dir='ltr'><strong>Haec</strong></span> <span class='ocrx_word' id='word_1_375' title='bbox 3117 2814 3174 2859; x_wconf 92' lang='lat' dir='ltr'><strong>et</strong></span> <span class='ocrx_word' id='word_1_376' title='bbox 3205 2805 3287 2859; x_wconf 87' lang='lat' dir='ltr'><strong>his</strong></span> <span class='ocrx_word' id='word_1_377' title='bbox 3321 2803 3523 2858; x_wconf 87' lang='lat' dir='ltr'><strong>similia</strong></span> <span class='ocrx_word' id='word_1_378' title='bbox 3554 2802 3726 2856; x_wconf 85' lang='lat' dir='ltr'><strong>merito</strong></span> 
     </span>
    </p>
   </div>
   <div class='ocr_carea' id='block_1_53' title="bbox 2168 2893 3723 2967">
    <p class='ocr_par' dir='ltr' id='par_1_53' title="bbox 2168 2893 3723 2967">
     <span class='ocr_line' id='line_1_53' title="bbox 2168 2893 3723 2967; baseline -0.003 -16"><span class='ocrx_word' id='word_1_379' title='bbox 2168 2896 2501 2965; x_wconf 78' lang='lat' dir='ltr'><strong>exprobrans</strong></span> <span class='ocrx_word' id='word_1_380' title='bbox 2529 2910 2626 2967; x_wconf 88' lang='lat' dir='ltr'><strong>per</strong></span> <span class='ocrx_word' id='word_1_381' title='bbox 2652 2896 2934 2965; x_wconf 87' lang='lat' dir='ltr'><strong>epistolam</strong></span> <span class='ocrx_word' id='word_1_382' title='bbox 2963 2896 3328 2951; x_wconf 71' lang='lat' dir='ltr'><strong>Nicaeensibus</strong></span> <span class='ocrx_word' id='word_1_383' title='bbox 3363 2895 3655 2966; x_wconf 83' lang='lat' dir='ltr'><strong>imperator</strong></span> <span class='ocrx_word' id='word_1_384' title='bbox 3677 2893 3723 2946; x_wconf 91' lang='lat' dir='ltr'><strong>id</strong></span> 
     </span>
    </p>
   </div>
   <div class='ocr_carea' id='block_1_54' title="bbox 2169 2987 3728 3061">
    <p class='ocr_par' dir='ltr' id='par_1_54' title="bbox 2169 2987 3728 3061">
     <span class='ocr_line' id='line_1_54' title="bbox 2169 2987 3728 3061; baseline -0.002 -17"><span class='ocrx_word' id='word_1_385' title='bbox 2169 2990 2360 3061; x_wconf 86' lang='lat' dir='ltr'><strong>agebat</strong></span> <span class='ocrx_word' id='word_1_386' title='bbox 2386 3000 2445 3043; x_wconf 93' lang='lat' dir='ltr'><strong>ut</strong></span> <span class='ocrx_word' id='word_1_387' title='bbox 2469 2989 2521 3043; x_wconf 91' lang='lat' dir='ltr'><strong>in</strong></span> <span class='ocrx_word' id='word_1_388' title='bbox 2551 2999 2828 3059; x_wconf 89' lang='lat' dir='ltr'><strong>posterum</strong></span> <span class='ocrx_word' id='word_1_389' title='bbox 2854 2990 3123 3046; x_wconf 84' lang='lat' dir='ltr'><strong>cautiores</strong></span> <span class='ocrx_word' id='word_1_390' title='bbox 3149 2989 3270 3046; x_wconf 81' lang='lat' dir='ltr'><strong>illos</strong></span> <span class='ocrx_word' id='word_1_391' title='bbox 3302 2988 3558 3046; x_wconf 87' lang='lat' dir='ltr'><strong>redderet</strong></span> <span class='ocrx_word' id='word_1_392' title='bbox 3581 2987 3631 3042; x_wconf 89' lang='lat' dir='ltr'><strong>in</strong></span> <span class='ocrx_word' id='word_1_393' title='bbox 3654 3002 3728 3042; x_wconf 87' lang='lat' dir='ltr'><strong>oc-</strong></span> 
     </span>
    </p>
   </div>
   <div class='ocr_carea' id='block_1_55' title="bbox 2171 3080 2895 3138">
    <p class='ocr_par' dir='ltr' id='par_1_55' title="bbox 2171 3080 2895 3138">
     <span class='ocr_line' id='line_1_55' title="bbox 2171 3080 2895 3138; baseline -0.004 -1"><span class='ocrx_word' id='word_1_394' title='bbox 2171 3096 2335 3138; x_wconf 82' lang='lat' dir='ltr'><strong>cursu</strong></span> <span class='ocrx_word' id='word_1_395' title='bbox 2365 3080 2624 3138; x_wconf 82' lang='lat' dir='ltr'><strong>similium</strong></span> <span class='ocrx_word' id='word_1_396' title='bbox 2652 3097 2895 3137; x_wconf 84' lang='lat' dir='ltr'><strong>casuum.</strong></span> 
     </span>
    </p>
   </div>
   <div class='ocr_carea' id='block_1_56' title="bbox 2920 3199 2992 3211">
    <p class='ocr_par' dir='ltr' id='par_1_56' title="bbox 2920 3199 2992 3211">
     <span class='ocr_line' id='line_1_56' title="bbox 2920 3199 2992 3211; baseline 0.014 -1"><span class='ocrx_word' id='word_1_397' title='bbox 2920 3199 2992 3211; x_wconf 50' lang='grc' dir='ltr'>ια</span> 
     </span>
    </p>
   </div>
   <div class='ocr_carea' id='block_1_57' title="bbox 2083 3327 2213 3417">
    <p class='ocr_par' dir='ltr' id='par_1_57' title="bbox 2083 3327 2213 3417">
     <span class='ocr_line' id='line_1_57' title="bbox 2083 3327 2213 3417; baseline -0.031 0"><span class='ocrx_word' id='word_1_398' title='bbox 2083 3327 2213 3417; x_wconf 87' lang='grc' dir='ltr'><strong>Δ’.</strong></span> 
     </span>
    </p>
   </div>
   <div class='ocr_carea' id='block_1_58' title="bbox 493 3465 3730 3549">
    <p class='ocr_par' dir='ltr' id='par_1_58' title="bbox 493 3465 3730 3549">
     <span class='ocr_line' id='line_1_58' title="bbox 493 3465 3730 3549; baseline -0.006 -11"><span class='ocrx_word' id='word_1_399' title='bbox 493 3468 565 3524; x_wconf 52' lang='lat' dir='ltr'><strong>de</strong></span> <span class='ocrx_word' id='word_1_400' title='bbox 589 3470 926 3539; x_wconf 72' lang='grc' dir='ltr'>Δημηγορία</span> <span class='ocrx_word' id='word_1_401' title='bbox 951 3470 1261 3549; x_wconf 64' lang='grc' dir='ltr'><strong>βαοξιλέως</strong></span> <span class='ocrx_word' id='word_1_402' title='bbox 1282 3473 1431 3549; x_wconf 15' lang='grc' dir='ltr'><strong>-ἶτρὸμς</strong></span> <span class='ocrx_word' id='word_1_403' title='bbox 1452 3474 1593 3549; x_wconf 62' lang='grc' dir='ltr'>τοὺς</span> <span class='ocrx_word' id='word_1_404' title='bbox 1618 3477 1691 3546; x_wconf 83' lang='grc' dir='ltr'><strong>ἀρ</strong></span> <span class='ocrx_word' id='word_1_405' title='bbox 1696 3476 1911 3547; x_wconf 79' lang='grc' dir='ltr'>χιερεῒς</span> <span class='ocrx_word' id='word_1_406' title='bbox 1936 3477 2067 3547; x_wconf 77' lang='grc' dir='ltr'>περὶ</span> <span class='ocrx_word' id='word_1_407' title='bbox 2100 3482 2143 3541; x_wconf 79' lang='lat' dir='ltr'>c</span> <span class='ocrx_word' id='word_1_408' title='bbox 2179 3494 2336 3549; x_wconf 87' lang='grc' dir='ltr'>μενος</span> <span class='ocrx_word' id='word_1_409' title='bbox 2359 3476 2419 3544; x_wconf 76' lang='grc' dir='ltr'><strong>ιε</strong></span> <span class='ocrx_word' id='word_1_410' title='bbox 2438 3476 2683 3546; x_wconf 75' lang='grc' dir='ltr'><strong>ἀνάγκης</strong></span> <span class='ocrx_word' id='word_1_411' title='bbox 2704 3473 3099 3546; x_wconf 79' lang='grc' dir='ltr'><strong>ἀπαραιτήτου,</strong></span> <span class='ocrx_word' id='word_1_412' title='bbox 3131 3471 3207 3538; x_wconf 81' lang='grc' dir='ltr'><strong>ὡς</strong></span> <span class='ocrx_word' id='word_1_413' title='bbox 3249 3474 3393 3544; x_wconf 79' lang='grc' dir='ltr'>μέγα</span> <span class='ocrx_word' id='word_1_414' title='bbox 3433 3489 3483 3526; x_wconf 86' lang='grc' dir='ltr'><strong>τι</strong></span> <span class='ocrx_word' id='word_1_415' title='bbox 3511 3471 3600 3524; x_wconf 70' lang='grc' dir='ltr'><strong>καὶ</strong></span> <span class='ocrx_word' id='word_1_416' title='bbox 3653 3465 3730 3522; x_wconf 59' lang='grc' dir='ltr'>τείν</span> 
     </span>
    </p>
   </div>
   <div class='ocr_carea' id='block_1_59' title="bbox 1020 3542 1572 3601">
    <p class='ocr_par' dir='ltr' id='par_1_59' title="bbox 1020 3542 1572 3601">
     <span class='ocr_line' id='line_1_59' title="bbox 1020 3542 1572 3601; baseline 0.011 -6"><span class='ocrx_word' id='word_1_417' title='bbox 1020 3542 1141 3596; x_wconf 81' lang='grc' dir='ltr'><strong>τῶν</strong></span> <span class='ocrx_word' id='word_1_418' title='bbox 1179 3542 1307 3598; x_wconf 80' lang='grc' dir='ltr'>κατ’</span> <span class='ocrx_word' id='word_1_419' title='bbox 1336 3547 1528 3601; x_wconf 79' lang='grc' dir='ltr'>αὐτόν</span> <span class='ocrx_word' id='word_1_420' title='bbox 1558 3586 1572 3601; x_wconf 94' lang='grc'><strong>.</strong></span> 
     </span>
    </p>
   </div>
   <div class='ocr_carea' id='block_1_60' title="bbox 564 3654 2056 3733">
    <p class='ocr_par' dir='ltr' id='par_1_60' title="bbox 564 3654 2056 3733">
     <span class='ocr_line' id='line_1_60' title="bbox 564 3654 2056 3733; baseline 0.002 -23"><span class='ocrx_word' id='word_1_421' title='bbox 564 3654 630 3728; x_wconf 78' lang='lat' dir='ltr'><strong>[P</strong></span> <span class='ocrx_word' id='word_1_422' title='bbox 662 3654 789 3729; x_wconf 70' lang='lat'><strong>170]</strong></span> <span class='ocrx_word' id='word_1_423' title='bbox 816 3658 1074 3728; x_wconf 82' lang='grc' dir='ltr'>’Δρχεται</span> <span class='ocrx_word' id='word_1_424' title='bbox 1102 3658 1146 3711; x_wconf 78' lang='grc' dir='ltr'><strong>δ’</strong></span> <span class='ocrx_word' id='word_1_425' title='bbox 1176 3658 1384 3713; x_wconf 73' lang='grc' dir='ltr'>ἐνθένδε</span> <span class='ocrx_word' id='word_1_426' title='bbox 1410 3660 1479 3715; x_wconf 80' lang='grc' dir='ltr'><strong>τὰ</strong></span> <span class='ocrx_word' id='word_1_427' title='bbox 1500 3660 1644 3716; x_wconf 84' lang='grc' dir='ltr'><strong>κατά</strong></span> <span class='ocrx_word' id='word_1_428' title='bbox 1668 3661 1761 3715; x_wconf 76' lang='grc' dir='ltr'><strong>τὸν</strong></span> <span class='ocrx_word' id='word_1_429' title='bbox 1790 3661 2056 3733; x_wconf 80' lang='grc' dir='ltr'>πατριάρ-</span> 
     </span>
    </p>
   </div>
   <div class='ocr_carea' id='block_1_61' title="bbox 491 3748 2071 3824">
    <p class='ocr_par' dir='ltr' id='par_1_61' title="bbox 491 3748 2071 3824">
     <span class='ocr_line' id='line_1_61' title="bbox 491 3748 2071 3824; baseline 0.003 -23"><span class='ocrx_word' id='word_1_430' title='bbox 491 3762 595 3817; x_wconf 80' lang='grc' dir='ltr'><strong>χην</strong></span> <span class='ocrx_word' id='word_1_431' title='bbox 661 3749 953 3819; x_wconf 80' lang='grc' dir='ltr'>⁹Αρσένιον.</span> <span class='ocrx_word' id='word_1_432' title='bbox 1009 3748 1067 3805; x_wconf 86' lang='lat'><strong>&#39;0</strong></span> <span class='ocrx_word' id='word_1_433' title='bbox 1110 3750 1219 3822; x_wconf 82' lang='grc' dir='ltr'>γὰρ</span> <span class='ocrx_word' id='word_1_434' title='bbox 1273 3750 1527 3821; x_wconf 79' lang='grc' dir='ltr'>βασιλεὺς</span> <span class='ocrx_word' id='word_1_435' title='bbox 1585 3754 1695 3817; x_wconf 77' lang='grc' dir='ltr'>πᾶς</span> <span class='ocrx_word' id='word_1_436' title='bbox 1748 3755 2071 3824; x_wconf 68' lang='grc' dir='ltr'>γιγνόμενος</span> 
     </span>
    </p>
   </div>
   <div class='ocr_carea' id='block_1_62' title="bbox 492 3841 2073 3916">
    <p class='ocr_par' dir='ltr' id='par_1_62' title="bbox 492 3841 2073 3916">
     <span class='ocr_line' id='line_1_62' title="bbox 492 3841 2073 3916; baseline 0.004 -23"><span class='ocrx_word' id='word_1_437' title='bbox 492 3841 628 3911; x_wconf 74' lang='grc' dir='ltr'>πρὸς</span> <span class='ocrx_word' id='word_1_438' title='bbox 664 3842 726 3895; x_wconf 83' lang='grc' dir='ltr'>τὸ</span> <span class='ocrx_word' id='word_1_439' title='bbox 752 3845 936 3897; x_wconf 79' lang='grc' dir='ltr'>πεῖσαι</span> <span class='ocrx_word' id='word_1_440' title='bbox 964 3843 1113 3914; x_wconf 83' lang='grc' dir='ltr'>αὐτῷ</span> <span class='ocrx_word' id='word_1_441' title='bbox 1146 3861 1206 3898; x_wconf 81' lang='grc' dir='ltr'><strong>τε</strong></span> <span class='ocrx_word' id='word_1_442' title='bbox 1237 3844 1417 3915; x_wconf 79' lang='grc' dir='ltr'>ἠπίως</span> <span class='ocrx_word' id='word_1_443' title='bbox 1472 3846 1946 3916; x_wconf 67' lang='grc' dir='ltr'><strong>προσενέγκασθαι</strong></span> <span class='ocrx_word' id='word_1_444' title='bbox 1977 3848 2073 3900; x_wconf 77' lang='grc' dir='ltr'>καὶ</span> 
     </span>
    </p>
   </div>
   <div class='ocr_carea' id='block_1_63' title="bbox 491 3933 2070 4006">
    <p class='ocr_par' dir='ltr' id='par_1_63' title="bbox 491 3933 2070 4006">
     <span class='ocr_line' id='line_1_63' title="bbox 491 3933 2070 4006; baseline 0.005 -19"><span class='ocrx_word' id='word_1_445' title='bbox 491 3935 583 3988; x_wconf 76' lang='grc' dir='ltr'>τὸν</span> <span class='ocrx_word' id='word_1_446' title='bbox 613 3935 811 4006; x_wconf 67' lang='grc' dir='ltr'>δεσμὸν</span> <span class='ocrx_word' id='word_1_447' title='bbox 836 3935 1004 4002; x_wconf 84' lang='grc' dir='ltr'>λύειν,</span> <span class='ocrx_word' id='word_1_448' title='bbox 1032 3937 1156 3992; x_wconf 67' lang='grc' dir='ltr'>ἐπεὶ</span> <span class='ocrx_word' id='word_1_449' title='bbox 1181 3938 1502 4005; x_wconf 81' lang='grc' dir='ltr'>ἀπέγνωστό</span> <span class='ocrx_word' id='word_1_450' title='bbox 1524 3940 1573 3993; x_wconf 75' lang='grc' dir='ltr'>οἱ</span> <span class='ocrx_word' id='word_1_451' title='bbox 1604 3939 1672 3994; x_wconf 87' lang='grc' dir='ltr'><strong>τά</strong></span> <span class='ocrx_word' id='word_1_452' title='bbox 1712 3939 1808 3993; x_wconf 80' lang='grc' dir='ltr'>τοῦ</span> <span class='ocrx_word' id='word_1_453' title='bbox 1841 3933 2070 4002; x_wconf 70' lang='grc' dir='ltr'>σκοποῦ.</span> 
     </span>
    </p>
   </div>
   <div class='ocr_carea' id='block_1_64' title="bbox 493 4022 2071 4103">
    <p class='ocr_par' dir='ltr' id='par_1_64' title="bbox 493 4022 2071 4103">
     <span class='ocr_line' id='line_1_64' title="bbox 493 4022 2071 4103; baseline 0.004 -24"><span class='ocrx_word' id='word_1_454' title='bbox 493 4026 659 4090; x_wconf 74' lang='grc' dir='ltr'>πολὺς</span> <span class='ocrx_word' id='word_1_455' title='bbox 711 4022 779 4099; x_wconf 79' lang='grc' dir='ltr'><strong>ἦν</strong></span> <span class='ocrx_word' id='word_1_456' title='bbox 836 4027 1204 4099; x_wconf 78' lang='grc' dir='ltr'><strong>ὀριγνώμενος</strong></span> <span class='ocrx_word' id='word_1_457' title='bbox 1251 4031 1315 4083; x_wconf 75' lang='grc' dir='ltr'>ἔκ</span> <span class='ocrx_word' id='word_1_458' title='bbox 1374 4030 1577 4095; x_wconf 80' lang='grc' dir='ltr'>παντὸς</span> <span class='ocrx_word' id='word_1_459' title='bbox 1600 4032 1805 4103; x_wconf 80' lang='grc' dir='ltr'>τρόπου</span> <span class='ocrx_word' id='word_1_460' title='bbox 1864 4033 2071 4085; x_wconf 76' lang='grc' dir='ltr'>ἐκεῖνον</span> 
     </span>
    </p>
   </div>
   <div class='ocr_carea' id='block_1_65' title="bbox 490 4120 2072 4196">
    <p class='ocr_par' dir='ltr' id='par_1_65' title="bbox 490 4120 2072 4196">
     <span class='ocr_line' id='line_1_65' title="bbox 490 4120 2072 4196; baseline 0.009 -25"><span class='ocrx_word' id='word_1_461' title='bbox 490 4120 995 4176; x_wconf 72' lang='grc' dir='ltr'>ἀποσκευάσασθαι.</span> <span class='ocrx_word' id='word_1_462' title='bbox 1040 4122 1208 4176; x_wconf 86' lang='grc' dir='ltr'>Ὅθεν</span> <span class='ocrx_word' id='word_1_463' title='bbox 1230 4123 1325 4176; x_wconf 58' lang='grc' dir='ltr'><strong>καί⁵</strong></span> <span class='ocrx_word' id='word_1_464' title='bbox 1353 4123 1611 4186; x_wconf 83' lang='grc' dir='ltr'>πολλάκις</span> <span class='ocrx_word' id='word_1_465' title='bbox 1640 4124 1768 4188; x_wconf 76' lang='grc' dir='ltr'>τοὺς</span> <span class='ocrx_word' id='word_1_466' title='bbox 1796 4123 2072 4196; x_wconf 76' lang='grc' dir='ltr'>ἀρχιερεῖς</span> 
     </span>
    </p>
   </div>
   <div class='ocr_carea' id='block_1_66' title="bbox 494 4206 2071 4285">
    <p class='ocr_par' dir='ltr' id='par_1_66' title="bbox 494 4206 2071 4285">
     <span class='ocr_line' id='line_1_66' title="bbox 494 4206 2071 4285; baseline 0.004 -26"><span class='ocrx_word' id='word_1_467' title='bbox 494 4209 782 4277; x_wconf 80' lang='grc' dir='ltr'>συγκαλῶν</span> <span class='ocrx_word' id='word_1_468' title='bbox 807 4210 1146 4283; x_wconf 73' lang='grc' dir='ltr'>ἐμαρτύρετο</span> <span class='ocrx_word' id='word_1_469' title='bbox 1174 4211 1273 4283; x_wconf 75' lang='grc' dir='ltr'><strong>τὴν</strong></span> <span class='ocrx_word' id='word_1_470' title='bbox 1324 4213 1594 4285; x_wconf 73' lang='grc' dir='ltr'>ἀνάγκην,</span> <span class='ocrx_word' id='word_1_471' title='bbox 1624 4213 1701 4278; x_wconf 82' lang='grc' dir='ltr'>ὡς</span> <span class='ocrx_word' id='word_1_472' title='bbox 1755 4231 1774 4264; x_wconf 78' lang='grc' dir='ltr'><strong>ε</strong></span> <span class='ocrx_word' id='word_1_473' title='bbox 1822 4214 1953 4267; x_wconf 75' lang='grc' dir='ltr'>Δέον</span> <span class='ocrx_word' id='word_1_474' title='bbox 2012 4206 2071 4266; x_wconf 69' lang='grc' dir='ltr'>ὃν</span> 
     </span>
    </p>
   </div>
   <div class='ocr_carea' id='block_1_67' title="bbox 492 4302 2073 4378">
    <p class='ocr_par' dir='ltr' id='par_1_67' title="bbox 492 4302 2073 4378">
     <span class='ocr_line' id='line_1_67' title="bbox 492 4302 2073 4378; baseline 0.003 -24"><span class='ocrx_word' id='word_1_475' title='bbox 492 4302 698 4368; x_wconf 82' lang='grc' dir='ltr'>ἄγοντα</span> <span class='ocrx_word' id='word_1_476' title='bbox 724 4304 832 4356; x_wconf 83' lang='grc' dir='ltr'>τῶν</span> <span class='ocrx_word' id='word_1_477' title='bbox 869 4303 1045 4358; x_wconf 78' lang='grc' dir='ltr'>ἄλλων</span> <span class='ocrx_word' id='word_1_478' title='bbox 1074 4305 1267 4375; x_wconf 84' lang='grc' dir='ltr'>σχολὴν</span> <span class='ocrx_word' id='word_1_479' title='bbox 1295 4304 1364 4357; x_wconf 86' lang='grc' dir='ltr'><strong>τά</strong></span> <span class='ocrx_word' id='word_1_480' title='bbox 1388 4306 1487 4375; x_wconf 82' lang='grc' dir='ltr'>τῆς</span> <span class='ocrx_word' id='word_1_481' title='bbox 1516 4306 1690 4378; x_wconf 79' lang='grc' dir='ltr'>ἀρχῆς</span> <span class='ocrx_word' id='word_1_482' title='bbox 1735 4306 1907 4360; x_wconf 86' lang='grc' dir='ltr'>πολλά</span> <span class='ocrx_word' id='word_1_483' title='bbox 1943 4306 2073 4361; x_wconf 79' lang='grc' dir='ltr'>ὄντα</span> 
     </span>
    </p>
   </div>
   <div class='ocr_carea' id='block_1_68' title="bbox 494 4393 2073 4468">
    <p class='ocr_par' dir='ltr' id='par_1_68' title="bbox 494 4393 2073 4468">
     <span class='ocr_line' id='line_1_68' title="bbox 494 4393 2073 4468; baseline 0.004 -23"><span class='ocrx_word' id='word_1_484' title='bbox 494 4393 588 4446; x_wconf 81' lang='grc' dir='ltr'>καὶ</span> <span class='ocrx_word' id='word_1_485' title='bbox 616 4394 981 4461; x_wconf 79' lang='grc' dir='ltr'>δυσεξὰνυστα</span> <span class='ocrx_word' id='word_1_486' title='bbox 1013 4398 1363 4468; x_wconf 85' lang='grc' dir='ltr'>προσκοπεῖν,</span> <span class='ocrx_word' id='word_1_487' title='bbox 1396 4400 1422 4451; x_wconf 77' lang='grc' dir='ltr'>ὁ</span> <span class='ocrx_word' id='word_1_488' title='bbox 1449 4396 1506 4450; x_wconf 78' lang='grc' dir='ltr'><strong>δὲ</strong></span> <span class='ocrx_word' id='word_1_489' title='bbox 1534 4398 1810 4462; x_wconf 83' lang='grc' dir='ltr'>κάκείνοις</span> <span class='ocrx_word' id='word_1_490' title='bbox 1840 4396 2073 4452; x_wconf 69' lang='grc' dir='ltr'>ἐνειλού-</span> 
     </span>
    </p>
   </div>
   <div class='ocr_carea' id='block_1_69' title="bbox 2171 3562 3727 3641">
    <p class='ocr_par' dir='ltr' id='par_1_69' title="bbox 2171 3562 3727 3641">
     <span class='ocr_line' id='line_1_69' title="bbox 2171 3562 3727 3641; baseline -0.01 -15"><span class='ocrx_word' id='word_1_491' title='bbox 2171 3572 2279 3626; x_wconf 84' lang='grc' dir='ltr'>ἀπδ</span> <span class='ocrx_word' id='word_1_492' title='bbox 2306 3569 2401 3625; x_wconf 82' lang='grc' dir='ltr'>τοῦ</span> <span class='ocrx_word' id='word_1_493' title='bbox 2461 3569 2800 3641; x_wconf 72' lang='grc' dir='ltr'>πατριάρχου</span> <span class='ocrx_word' id='word_1_494' title='bbox 2850 3566 3047 3636; x_wconf 71' lang='grc' dir='ltr'>δεσμὸν</span> <span class='ocrx_word' id='word_1_495' title='bbox 3094 3566 3343 3635; x_wconf 76' lang='grc' dir='ltr'>ἐφόλκιον</span> <span class='ocrx_word' id='word_1_496' title='bbox 3407 3562 3727 3633; x_wconf 72' lang='grc' dir='ltr'>ἑπισύρεται.</span> 
     </span>
    </p>
   </div>
   <div class='ocr_carea' id='block_1_70' title="bbox 2182 3655 3729 3735">
    <p class='ocr_par' dir='ltr' id='par_1_70' title="bbox 2182 3655 3729 3735">
     <span class='ocr_line' id='line_1_70' title="bbox 2182 3655 3729 3735; baseline -0.009 -17"><span class='ocrx_word' id='word_1_497' title='bbox 2182 3663 2381 3735; x_wconf 82' lang='grc' dir='ltr'>Ἐχρῆν</span> <span class='ocrx_word' id='word_1_498' title='bbox 2410 3664 2456 3717; x_wconf 75' lang='grc' dir='ltr'><strong>δ’</strong></span> <span class='ocrx_word' id='word_1_499' title='bbox 2483 3663 2581 3733; x_wconf 81' lang='grc' dir='ltr'><strong>οὐχ</strong></span> <span class='ocrx_word' id='word_1_500' title='bbox 2604 3660 2799 3725; x_wconf 79' lang='grc' dir='ltr'>οὕτως,</span> <span class='ocrx_word' id='word_1_501' title='bbox 2841 3661 2974 3714; x_wconf 69' lang='grc' dir='ltr'><strong>ἀλλά</strong></span> <span class='ocrx_word' id='word_1_502' title='bbox 3001 3661 3094 3713; x_wconf 76' lang='grc' dir='ltr'>καὶ</span> <span class='ocrx_word' id='word_1_503' title='bbox 3122 3659 3314 3719; x_wconf 66' lang='grc' dir='ltr'>αὐτοῦς</span> <span class='ocrx_word' id='word_1_504' title='bbox 3338 3655 3422 3727; x_wconf 84' lang='grc' dir='ltr'>τῷ</span> <span class='ocrx_word' id='word_1_505' title='bbox 3465 3659 3729 3726; x_wconf 67' lang='grc' dir='ltr'>πράγματι</span> 
     </span>
    </p>
   </div>
   <div class='ocr_carea' id='block_1_71' title="bbox 2171 3734 3730 3828">
    <p class='ocr_par' dir='ltr' id='par_1_71' title="bbox 2171 3734 3730 3828">
     <span class='ocr_line' id='line_1_71' title="bbox 2171 3734 3730 3828; baseline -0.01 -17"><span class='ocrx_word' id='word_1_506' title='bbox 2171 3734 2427 3828; x_wconf 77' lang='grc' dir='ltr'>νεμεσᾷν,</span> <span class='ocrx_word' id='word_1_507' title='bbox 2458 3754 2507 3807; x_wconf 80' lang='grc' dir='ltr'>εί</span> <span class='ocrx_word' id='word_1_508' title='bbox 2536 3752 3003 3825; x_wconf 85' lang='grc' dir='ltr'>πλημμελήματος</span> <span class='ocrx_word' id='word_1_509' title='bbox 3045 3752 3119 3821; x_wconf 72' lang='grc' dir='ltr'><strong>μὴ</strong></span> <span class='ocrx_word' id='word_1_510' title='bbox 3142 3750 3257 3803; x_wconf 82' lang='grc' dir='ltr'>οἴου</span> <span class='ocrx_word' id='word_1_511' title='bbox 3290 3749 3337 3801; x_wconf 78' lang='grc' dir='ltr'>τ’</span> <span class='ocrx_word' id='word_1_512' title='bbox 3368 3749 3524 3811; x_wconf 76' lang='grc' dir='ltr'>ὄντος</span> <span class='ocrx_word' id='word_1_513' title='bbox 3556 3749 3620 3817; x_wconf 77' lang='grc' dir='ltr'><strong>τῇ</strong></span> <span class='ocrx_word' id='word_1_514' title='bbox 3662 3746 3730 3807; x_wconf 70' lang='grc' dir='ltr'>εἷς</span> 
     </span>
    </p>
   </div>
   <div class='ocr_carea' id='block_1_72' title="bbox 2176 3836 3731 3916">
    <p class='ocr_par' dir='ltr' id='par_1_72' title="bbox 2176 3836 3731 3916">
     <span class='ocr_line' id='line_1_72' title="bbox 2176 3836 3731 3916; baseline -0.01 -16"><span class='ocrx_word' id='word_1_515' title='bbox 2176 3845 2239 3900; x_wconf 71' lang='grc' dir='ltr'>τὸ</span> <span class='ocrx_word' id='word_1_516' title='bbox 2269 3846 2495 3916; x_wconf 82' lang='grc' dir='ltr'>ἀρχαῖον</span> <span class='ocrx_word' id='word_1_517' title='bbox 2521 3843 2633 3898; x_wconf 83' lang='grc' dir='ltr'><strong>τῶν</strong></span> <span class='ocrx_word' id='word_1_518' title='bbox 2686 3842 3029 3913; x_wconf 79' lang='grc' dir='ltr'>πραγμάτων</span> <span class='ocrx_word' id='word_1_519' title='bbox 3072 3839 3460 3909; x_wconf 63' lang='grc' dir='ltr'>ἅπανακάμψει</span> <span class='ocrx_word' id='word_1_520' title='bbox 3508 3836 3731 3905; x_wconf 74' lang='grc' dir='ltr'><strong>ἐξαληλίο</strong></span> 
     </span>
    </p>
   </div>
   <div class='ocr_carea' id='block_1_73' title="bbox 2175 3930 3730 4009">
    <p class='ocr_par' dir='ltr' id='par_1_73' title="bbox 2175 3930 3730 4009">
     <span class='ocr_line' id='line_1_73' title="bbox 2175 3930 3730 4009; baseline -0.008 -16"><span class='ocrx_word' id='word_1_521' title='bbox 2175 3939 2305 4009; x_wconf 76' lang='grc' dir='ltr'>φθαι</span> <span class='ocrx_word' id='word_1_522' title='bbox 2332 3939 2361 3991; x_wconf 84' lang='grc' dir='ltr'>ὀ</span> <span class='ocrx_word' id='word_1_523' title='bbox 2391 3937 2525 4009; x_wconf 80' lang='grc' dir='ltr'>πρὸς</span> <span class='ocrx_word' id='word_1_524' title='bbox 2544 3936 2604 3991; x_wconf 82' lang='grc' dir='ltr'>τδ</span> <span class='ocrx_word' id='word_1_525' title='bbox 2625 3933 2949 4004; x_wconf 80' lang='grc' dir='ltr'>θεραπεύειν</span> <span class='ocrx_word' id='word_1_526' title='bbox 2978 3933 3302 4004; x_wconf 78' lang='grc' dir='ltr'>ταττόμενος</span> <span class='ocrx_word' id='word_1_527' title='bbox 3347 3932 3496 3986; x_wconf 75' lang='grc' dir='ltr'>δυοῖν</span> <span class='ocrx_word' id='word_1_528' title='bbox 3529 3930 3730 3999; x_wconf 80' lang='grc' dir='ltr'>θάτερος</span> 
     </span>
    </p>
   </div>
   <div class='ocr_carea' id='block_1_74' title="bbox 2172 4018 3731 4099">
    <p class='ocr_par' dir='ltr' id='par_1_74' title="bbox 2172 4018 3731 4099">
     <span class='ocr_line' id='line_1_74' title="bbox 2172 4018 3731 4099; baseline -0.01 -15"><span class='ocrx_word' id='word_1_529' title='bbox 2172 4030 2425 4098; x_wconf 82' lang='grc' dir='ltr'>πράττοι,</span> <span class='ocrx_word' id='word_1_530' title='bbox 2451 4025 2485 4099; x_wconf 75' lang='grc' dir='ltr'><strong>ἢ</strong></span> <span class='ocrx_word' id='word_1_531' title='bbox 2511 4029 2580 4082; x_wconf 78' lang='grc' dir='ltr'><strong>τά</strong></span> <span class='ocrx_word' id='word_1_532' title='bbox 2610 4026 2850 4097; x_wconf 85' lang='grc' dir='ltr'>πρότερα</span> <span class='ocrx_word' id='word_1_533' title='bbox 2883 4025 2959 4090; x_wconf 85' lang='grc' dir='ltr'>ὡς</span> <span class='ocrx_word' id='word_1_534' title='bbox 2990 4020 3136 4095; x_wconf 69' lang='grc' dir='ltr'>εἶχεν</span> <span class='ocrx_word' id='word_1_535' title='bbox 3167 4023 3540 4086; x_wconf 80' lang='grc' dir='ltr'>ἀνταπαιτῶν,</span> <span class='ocrx_word' id='word_1_536' title='bbox 3583 4021 3615 4091; x_wconf 68' lang='grc' dir='ltr'>ἢ</span> <span class='ocrx_word' id='word_1_537' title='bbox 3647 4018 3731 4087; x_wconf 79' lang='grc' dir='ltr'>τὴν</span> 
     </span>
    </p>
   </div>
   <div class='ocr_carea' id='block_1_75' title="bbox 2174 4102 3734 4189">
    <p class='ocr_par' dir='ltr' id='par_1_75' title="bbox 2174 4102 3734 4189">
     <span class='ocr_line' id='line_1_75' title="bbox 2174 4102 3734 4189; baseline -0.009 -19"><span class='ocrx_word' id='word_1_538' title='bbox 2174 4116 2471 4189; x_wconf 81' lang='grc' dir='ltr'>θεραπείαν</span> <span class='ocrx_word' id='word_1_539' title='bbox 2499 4113 2954 4184; x_wconf 74' lang='grc' dir='ltr'>ἀναϐαλλόμενος.</span> <span class='ocrx_word' id='word_1_540' title='bbox 3009 4109 3084 4164; x_wconf 78' lang='grc' dir='ltr'>Τὸ</span> <span class='ocrx_word' id='word_1_541' title='bbox 3108 4111 3206 4181; x_wconf 84' lang='grc' dir='ltr'><strong>μὲν</strong></span> <span class='ocrx_word' id='word_1_542' title='bbox 3240 4111 3352 4181; x_wconf 83' lang='grc' dir='ltr'>γὰρ</span> <span class='ocrx_word' id='word_1_543' title='bbox 3381 4107 3654 4170; x_wconf 84' lang='grc' dir='ltr'>ἀδύνατον,</span> <span class='ocrx_word' id='word_1_544' title='bbox 3682 4102 3734 4155; x_wconf 77' lang='grc' dir='ltr'>τδ</span> 
     </span>
    </p>
   </div>
   <div class='ocr_carea' id='block_1_76' title="bbox 2172 4198 3732 4275">
    <p class='ocr_par' dir='ltr' id='par_1_76' title="bbox 2172 4198 3732 4275">
     <span class='ocr_line' id='line_1_76' title="bbox 2172 4198 3732 4275; baseline -0.013 -11"><span class='ocrx_word' id='word_1_545' title='bbox 2172 4210 2230 4264; x_wconf 67' lang='grc' dir='ltr'><strong>δὲ</strong></span> <span class='ocrx_word' id='word_1_546' title='bbox 2264 4209 2481 4272; x_wconf 80' lang='grc' dir='ltr'>πάντως</span> <span class='ocrx_word' id='word_1_547' title='bbox 2510 4205 2947 4275; x_wconf 83' lang='grc' dir='ltr'>ἀνοικονόμητον.</span> <span class='ocrx_word' id='word_1_548' title='bbox 2976 4204 3084 4257; x_wconf 70' lang='grc' dir='ltr'><strong>Καὶ</strong></span> <span class='ocrx_word' id='word_1_549' title='bbox 3120 4202 3237 4255; x_wconf 82' lang='grc' dir='ltr'>δέον</span> <span class='ocrx_word' id='word_1_550' title='bbox 3262 4200 3320 4255; x_wconf 81' lang='grc' dir='ltr'><strong>ὃν</strong></span> <span class='ocrx_word' id='word_1_551' title='bbox 3343 4200 3627 4272; x_wconf 81' lang='grc' dir='ltr'>παραινεῖν</span> <span class='ocrx_word' id='word_1_552' title='bbox 3652 4198 3732 4246; x_wconf 75' lang='grc' dir='ltr'>καὶ</span> 
     </span>
    </p>
   </div>
   <div class='ocr_carea' id='block_1_77' title="bbox 2173 4282 3729 4373">
    <p class='ocr_par' dir='ltr' id='par_1_77' title="bbox 2173 4282 3729 4373">
     <span class='ocr_line' id='line_1_77' title="bbox 2173 4282 3729 4373; baseline -0.012 -19"><span class='ocrx_word' id='word_1_553' title='bbox 2173 4302 2274 4373; x_wconf 72' lang='grc' dir='ltr'><strong>τὴν</strong></span> <span class='ocrx_word' id='word_1_554' title='bbox 2306 4300 2401 4355; x_wconf 83' lang='grc' dir='ltr'>τοῦ</span> <span class='ocrx_word' id='word_1_555' title='bbox 2435 4299 2778 4371; x_wconf 80' lang='grc' dir='ltr'>μεταγνῶναι</span> <span class='ocrx_word' id='word_1_556' title='bbox 2801 4295 3066 4348; x_wconf 83' lang='grc' dir='ltr'>δεικνύειν</span> <span class='ocrx_word' id='word_1_557' title='bbox 3086 4291 3202 4346; x_wconf 81' lang='grc' dir='ltr'><strong>ὁδὸν</strong></span> <span class='ocrx_word' id='word_1_558' title='bbox 3232 4293 3326 4346; x_wconf 77' lang='grc' dir='ltr'>καὶ</span> <span class='ocrx_word' id='word_1_559' title='bbox 3352 4293 3430 4361; x_wconf 80' lang='grc' dir='ltr'>τῷ</span> <span class='ocrx_word' id='word_1_560' title='bbox 3465 4289 3626 4362; x_wconf 79' lang='grc' dir='ltr'><strong>μηδὲν</strong></span> <span class='ocrx_word' id='word_1_561' title='bbox 3648 4282 3729 4338; x_wconf 82' lang='grc' dir='ltr'>τοῦ</span> 
     </span>
    </p>
   </div>
   <div class='ocr_carea' id='block_1_78' title="bbox 2178 4380 3732 4465">
    <p class='ocr_par' dir='ltr' id='par_1_78' title="bbox 2178 4380 3732 4465">
     <span class='ocr_line' id='line_1_78' title="bbox 2178 4380 3732 4465; baseline -0.012 -16"><span class='ocrx_word' id='word_1_562' title='bbox 2178 4392 2648 4465; x_wconf 81' lang='grc' dir='ltr'>πλημμελήματος</span> <span class='ocrx_word' id='word_1_563' title='bbox 2705 4385 3013 4459; x_wconf 69' lang='grc' dir='ltr'>αἰσθομένῳ</span> <span class='ocrx_word' id='word_1_564' title='bbox 3043 4383 3079 4457; x_wconf 78' lang='grc' dir='ltr'>ἢ</span> <span class='ocrx_word' id='word_1_565' title='bbox 3107 4386 3202 4440; x_wconf 78' lang='grc' dir='ltr'>καὶ</span> <span class='ocrx_word' id='word_1_566' title='bbox 3233 4380 3732 4456; x_wconf 75' lang='grc' dir='ltr'>καταρῤᾳθυμοῦντι</span> 
     </span>
    </p>
   </div>
   <div class='ocr_carea' id='block_1_79' title="bbox 2056 4561 2219 4648">
    <p class='ocr_par' dir='ltr' id='par_1_79' title="bbox 2056 4561 2219 4648">
     <span class='ocr_line' id='line_1_79' title="bbox 2056 4561 2219 4648; baseline -0.006 -1"><span class='ocrx_word' id='word_1_567' title='bbox 2056 4561 2219 4648; x_wconf 79' lang='grc' dir='ltr'><strong>ιν.</strong></span> 
     </span>
    </p>
   </div>
   <div class='ocr_carea' id='block_1_80' title="bbox 498 4713 3730 4813">
    <p class='ocr_par' dir='ltr' id='par_1_80' title="bbox 498 4713 3730 4813">
     <span class='ocr_line' id='line_1_80' title="bbox 498 4713 3730 4813; baseline -0.004 -23"><span class='ocrx_word' id='word_1_568' title='bbox 498 4738 552 4791; x_wconf 62' lang='grc' dir='ltr'><strong>ἃ.</strong></span> <span class='ocrx_word' id='word_1_569' title='bbox 611 4736 797 4791; x_wconf 85' lang='lat' dir='ltr'><strong>Oratio</strong></span> <span class='ocrx_word' id='word_1_570' title='bbox 845 4740 1180 4809; x_wconf 79' lang='lat' dir='ltr'><strong>imperatoris</strong></span> <span class='ocrx_word' id='word_1_571' title='bbox 1215 4742 1287 4796; x_wconf 81' lang='lat' dir='ltr'><strong>ad</strong></span> <span class='ocrx_word' id='word_1_572' title='bbox 1340 4745 1608 4813; x_wconf 78' lang='lat' dir='ltr'><strong>episcopos</strong></span> <span class='ocrx_word' id='word_1_573' title='bbox 1662 4743 1726 4796; x_wconf 84' lang='lat' dir='ltr'><strong>de</strong></span> <span class='ocrx_word' id='word_1_574' title='bbox 1764 4741 1915 4795; x_wconf 75' lang='lat' dir='ltr'><strong>rebus</strong></span> <span class='ocrx_word' id='word_1_575' title='bbox 1940 4741 2077 4795; x_wconf 85' lang='lat' dir='ltr'><strong>suis.</strong></span> <span class='ocrx_word' id='word_1_576' title='bbox 2111 4743 2163 4800; x_wconf 86' lang='lat' dir='ltr'><strong>D</strong></span> <span class='ocrx_word' id='word_1_577' title='bbox 2187 4734 2514 4792; x_wconf 82' lang='lat' dir='ltr'><strong>necessitate</strong></span> <span class='ocrx_word' id='word_1_578' title='bbox 2546 4746 2709 4788; x_wconf 80' lang='lat' dir='ltr'><strong>curas</strong></span> <span class='ocrx_word' id='word_1_579' title='bbox 2754 4730 2990 4802; x_wconf 84' lang='lat' dir='ltr'><strong>imperii,</strong></span> <span class='ocrx_word' id='word_1_580' title='bbox 3032 4730 3166 4787; x_wconf 76' lang='lat' dir='ltr'><strong>tales</strong></span> <span class='ocrx_word' id='word_1_581' title='bbox 3197 4728 3419 4785; x_wconf 88' lang='lat' dir='ltr'><strong>omnino</strong></span> <span class='ocrx_word' id='word_1_582' title='bbox 3439 4713 3575 4799; x_wconf 29' lang='lat' dir='ltr'><strong>“quae</strong></span> <span class='ocrx_word' id='word_1_583' title='bbox 3600 4724 3730 4781; x_wconf 84' lang='lat' dir='ltr'><strong>solu-</strong></span> 
     </span>
    </p>
   </div>
   <div class='ocr_carea' id='block_1_81' title="bbox 566 4817 3729 4902">
    <p class='ocr_par' dir='ltr' id='par_1_81' title="bbox 566 4817 3729 4902">
     <span class='ocr_line' id='line_1_81' title="bbox 566 4817 3729 4902; baseline -0.005 -18"><span class='ocrx_word' id='word_1_584' title='bbox 566 4829 724 4899; x_wconf 74' lang='lat'><strong>251</strong></span> <span class='ocrx_word' id='word_1_585' title='bbox 776 4827 912 4885; x_wconf 88' lang='lat' dir='ltr'><strong>llinc</strong></span> <span class='ocrx_word' id='word_1_586' title='bbox 956 4831 1221 4899; x_wconf 85' lang='lat' dir='ltr'><strong>incipiunt</strong></span> <span class='ocrx_word' id='word_1_587' title='bbox 1255 4848 1343 4890; x_wconf 89' lang='lat' dir='ltr'><strong>res</strong></span> <span class='ocrx_word' id='word_1_588' title='bbox 1386 4834 1648 4889; x_wconf 86' lang='lat' dir='ltr'><strong>adversus</strong></span> <span class='ocrx_word' id='word_1_589' title='bbox 1694 4832 2072 4902; x_wconf 81' lang='lat' dir='ltr'><strong>patriarcham</strong></span> <span class='ocrx_word' id='word_1_590' title='bbox 2175 4837 2289 4883; x_wconf 89' lang='lat' dir='ltr'><strong>tum</strong></span> <span class='ocrx_word' id='word_1_591' title='bbox 2317 4843 2346 4881; x_wconf 88' lang='lat' dir='ltr'><strong>a</strong></span> <span class='ocrx_word' id='word_1_592' title='bbox 2378 4825 2587 4883; x_wconf 65' lang='lat' dir='ltr'><strong>caeteris</strong></span> <span class='ocrx_word' id='word_1_593' title='bbox 2613 4823 2858 4878; x_wconf 86' lang='lat' dir='ltr'><strong>animum</strong></span> <span class='ocrx_word' id='word_1_594' title='bbox 2884 4822 3243 4892; x_wconf 85' lang='lat' dir='ltr'><strong>requirerent,</strong></span> <span class='ocrx_word' id='word_1_595' title='bbox 3287 4835 3351 4875; x_wconf 87' lang='lat' dir='ltr'><strong>ac</strong></span> <span class='ocrx_word' id='word_1_596' title='bbox 3385 4819 3469 4875; x_wconf 82' lang='lat' dir='ltr'><strong>vel</strong></span> <span class='ocrx_word' id='word_1_597' title='bbox 3498 4819 3576 4874; x_wconf 93' lang='lat' dir='ltr'><strong>sic</strong></span> <span class='ocrx_word' id='word_1_598' title='bbox 3602 4817 3678 4871; x_wconf 86' lang='lat' dir='ltr'><strong>vis</strong></span> <span class='ocrx_word' id='word_1_599' title='bbox 3704 4829 3729 4867; x_wconf 77' lang='grc' dir='ltr'><strong>ε</strong></span> 
     </span>
    </p>
   </div>
   <div class='ocr_carea' id='block_1_82' title="bbox 496 4908 3732 4995">
    <p class='ocr_par' dir='ltr' id='par_1_82' title="bbox 496 4908 3732 4995">
     <span class='ocr_line' id='line_1_82' title="bbox 496 4908 3732 4995; baseline -0.005 -19"><span class='ocrx_word' id='word_1_600' title='bbox 496 4924 783 4977; x_wconf 80' lang='lat' dir='ltr'><strong>Arsenium</strong></span> <span class='ocrx_word' id='word_1_601' title='bbox 815 4932 1000 4993; x_wconf 65' lang='lat' dir='ltr'><strong>gestae.</strong></span> <span class='ocrx_word' id='word_1_602' title='bbox 1025 4923 1158 4979; x_wconf 85' lang='lat' dir='ltr'><strong>Cum</strong></span> <span class='ocrx_word' id='word_1_603' title='bbox 1195 4925 1339 4981; x_wconf 90' lang='lat' dir='ltr'><strong>enim</strong></span> <span class='ocrx_word' id='word_1_604' title='bbox 1381 4926 1676 4995; x_wconf 86' lang='lat' dir='ltr'><strong>imperator</strong></span> <span class='ocrx_word' id='word_1_605' title='bbox 1705 4933 1851 4979; x_wconf 90' lang='lat' dir='ltr'><strong>totus</strong></span> <span class='ocrx_word' id='word_1_606' title='bbox 1884 4926 2077 4979; x_wconf 88' lang='lat' dir='ltr'><strong>hacte-</strong></span> <span class='ocrx_word' id='word_1_607' title='bbox 2177 4928 2460 4990; x_wconf 74' lang='lat' dir='ltr'><strong>satagente</strong></span> <span class='ocrx_word' id='word_1_608' title='bbox 2487 4917 2906 4987; x_wconf 84' lang='lat' dir='ltr'><strong>connitenteque</strong></span> <span class='ocrx_word' id='word_1_609' title='bbox 2945 4922 3104 4983; x_wconf 82' lang='lat' dir='ltr'><strong>prout</strong></span> <span class='ocrx_word' id='word_1_610' title='bbox 3132 4912 3417 4983; x_wconf 81' lang='lat' dir='ltr'><strong>oportebat</strong></span> <span class='ocrx_word' id='word_1_611' title='bbox 3437 4908 3732 4979; x_wconf 85' lang='lat' dir='ltr'><strong>expediren-</strong></span> 
     </span>
    </p>
   </div>
   <div class='ocr_carea' id='block_1_83' title="bbox 498 4999 3730 5087">
    <p class='ocr_par' dir='ltr' id='par_1_83' title="bbox 498 4999 3730 5087">
     <span class='ocr_line' id='line_1_83' title="bbox 498 4999 3730 5087; baseline -0.005 -18"><span class='ocrx_word' id='word_1_612' title='bbox 498 5031 599 5069; x_wconf 82' lang='lat' dir='ltr'><strong>nus</strong></span> <span class='ocrx_word' id='word_1_613' title='bbox 631 5015 825 5069; x_wconf 85' lang='lat' dir='ltr'><strong>fuisset</strong></span> <span class='ocrx_word' id='word_1_614' title='bbox 867 5014 920 5070; x_wconf 93' lang='lat' dir='ltr'><strong>in</strong></span> <span class='ocrx_word' id='word_1_615' title='bbox 966 5016 1276 5072; x_wconf 89' lang='lat' dir='ltr'><strong>deliniendo</strong></span> <span class='ocrx_word' id='word_1_616' title='bbox 1324 5018 1662 5086; x_wconf 85' lang='lat' dir='ltr'><strong>patriarcha,</strong></span> <span class='ocrx_word' id='word_1_617' title='bbox 1714 5017 2079 5087; x_wconf 82' lang='lat' dir='ltr'><strong>omnibusque</strong></span> <span class='ocrx_word' id='word_1_618' title='bbox 2179 5023 2289 5078; x_wconf 92' lang='lat' dir='ltr'><strong>tur,</strong></span> <span class='ocrx_word' id='word_1_619' title='bbox 2333 5012 2458 5068; x_wconf 90' lang='lat' dir='ltr'><strong>inde</strong></span> <span class='ocrx_word' id='word_1_620' title='bbox 2507 5019 2686 5064; x_wconf 84' lang='lat' dir='ltr'><strong>autem</strong></span> <span class='ocrx_word' id='word_1_621' title='bbox 2747 5009 3052 5063; x_wconf 89' lang='lat' dir='ltr'><strong>obstantem</strong></span> <span class='ocrx_word' id='word_1_622' title='bbox 3126 5005 3382 5060; x_wconf 82' lang='lat' dir='ltr'><strong>duritiam</strong></span> <span class='ocrx_word' id='word_1_623' title='bbox 3427 4999 3730 5073; x_wconf 67' lang='lat' dir='ltr'><strong>patriarcha!</strong></span> 
     </span>
    </p>
   </div>
   <div class='ocr_carea' id='block_1_84' title="bbox 495 5092 3729 5181">
    <p class='ocr_par' dir='ltr' id='par_1_84' title="bbox 495 5092 3729 5181">
     <span class='ocr_line' id='line_1_84' title="bbox 495 5092 3729 5181; baseline -0.006 -18"><span class='ocrx_word' id='word_1_624' title='bbox 495 5108 688 5163; x_wconf 86' lang='lat' dir='ltr'><strong>olliciis</strong></span> <span class='ocrx_word' id='word_1_625' title='bbox 711 5107 1072 5163; x_wconf 81' lang='lat' dir='ltr'><strong>eblandiendo</strong></span> <span class='ocrx_word' id='word_1_626' title='bbox 1105 5118 1162 5163; x_wconf 87' lang='lat' dir='ltr'><strong>ut</strong></span> <span class='ocrx_word' id='word_1_627' title='bbox 1187 5109 1374 5163; x_wconf 86' lang='lat' dir='ltr'><strong>mitius</strong></span> <span class='ocrx_word' id='word_1_628' title='bbox 1405 5122 1567 5181; x_wconf 84' lang='lat' dir='ltr'><strong>agere</strong></span> <span class='ocrx_word' id='word_1_629' title='bbox 1591 5124 1775 5165; x_wconf 91' lang='lat' dir='ltr'><strong>secum</strong></span> <span class='ocrx_word' id='word_1_630' title='bbox 1831 5108 1997 5164; x_wconf 90' lang='lat' dir='ltr'><strong>vellet</strong></span> <span class='ocrx_word' id='word_1_631' title='bbox 2025 5117 2083 5163; x_wconf 90' lang='lat' dir='ltr'><strong>et</strong></span> <span class='ocrx_word' id='word_1_632' title='bbox 2186 5104 2532 5176; x_wconf 87' lang='lat' dir='ltr'><strong>impedientis</strong></span> <span class='ocrx_word' id='word_1_633' title='bbox 2565 5116 2624 5156; x_wconf 91' lang='lat' dir='ltr'><strong>se</strong></span> <span class='ocrx_word' id='word_1_634' title='bbox 2650 5114 2715 5155; x_wconf 90' lang='lat' dir='ltr'><strong>ac</strong></span> <span class='ocrx_word' id='word_1_635' title='bbox 2748 5100 2902 5169; x_wconf 89' lang='lat' dir='ltr'><strong>quasi</strong></span> <span class='ocrx_word' id='word_1_636' title='bbox 2928 5099 3285 5154; x_wconf 85' lang='lat' dir='ltr'><strong>constrictum</strong></span> <span class='ocrx_word' id='word_1_637' title='bbox 3316 5094 3581 5151; x_wconf 86' lang='lat' dir='ltr'><strong>trahentis</strong></span> <span class='ocrx_word' id='word_1_638' title='bbox 3613 5092 3729 5146; x_wconf 87' lang='lat' dir='ltr'><strong>diris</strong></span> 
     </span>
    </p>
   </div>
   <div class='ocr_carea' id='block_1_85' title="bbox 495 5184 3727 5271">
    <p class='ocr_par' dir='ltr' id='par_1_85' title="bbox 495 5184 3727 5271">
     <span class='ocr_line' id='line_1_85' title="bbox 495 5184 3727 5271; baseline -0.003 -21"><span class='ocrx_word' id='word_1_639' title='bbox 495 5199 861 5255; x_wconf 81' lang='lat' dir='ltr'><strong>anathematis</strong></span> <span class='ocrx_word' id='word_1_640' title='bbox 916 5199 1097 5269; x_wconf 73' lang='lat' dir='ltr'><strong>iniecti</strong></span> <span class='ocrx_word' id='word_1_641' title='bbox 1167 5201 1443 5256; x_wconf 75' lang='lat' dir='ltr'><strong>vinculum</strong></span> <span class='ocrx_word' id='word_1_642' title='bbox 1503 5202 1738 5265; x_wconf 80' lang='lat' dir='ltr'><strong>solvere,</strong></span> <span class='ocrx_word' id='word_1_643' title='bbox 1775 5204 2076 5271; x_wconf 67' lang='lat' dir='ltr'><strong>&#39;postquam</strong></span> <span class='ocrx_word' id='word_1_644' title='bbox 2184 5197 2417 5254; x_wconf 77' lang='lat' dir='ltr'><strong>vinculis</strong></span> <span class='ocrx_word' id='word_1_645' title='bbox 2455 5194 2819 5249; x_wconf 85' lang='lat' dir='ltr'><strong>anathematis</strong></span> <span class='ocrx_word' id='word_1_646' title='bbox 2879 5190 3110 5246; x_wconf 79' lang='lat' dir='ltr'><strong>infandi.</strong></span> <span class='ocrx_word' id='word_1_647' title='bbox 3164 5184 3727 5244; x_wconf 62' lang='lat' dir='ltr'><strong>Considerarenthm</strong></span> 
     </span>
    </p>
   </div>
   <div class='ocr_carea' id='block_1_86' title="bbox 499 5293 2079 5365">
    <p class='ocr_par' dir='ltr' id='par_1_86' title="bbox 499 5293 2079 5365">
     <span class='ocr_line' id='line_1_86' title="bbox 499 5293 2079 5365; baseline 0.002 -19"><span class='ocrx_word' id='word_1_648' title='bbox 499 5293 880 5349; x_wconf 83' lang='lat' dir='ltr'><strong>animadvertit</strong></span> <span class='ocrx_word' id='word_1_649' title='bbox 901 5309 961 5351; x_wconf 78' lang='lat' dir='ltr'><strong>se</strong></span> <span class='ocrx_word' id='word_1_650' title='bbox 991 5294 1121 5349; x_wconf 88' lang='lat' dir='ltr'><strong>nihil</strong></span> <span class='ocrx_word' id='word_1_651' title='bbox 1154 5293 1421 5363; x_wconf 79' lang='lat' dir='ltr'><strong>prolicere</strong></span> <span class='ocrx_word' id='word_1_652' title='bbox 1450 5293 1868 5362; x_wconf 86' lang='lat' dir='ltr'><strong>desperavitque</strong></span> <span class='ocrx_word' id='word_1_653' title='bbox 1918 5295 2079 5365; x_wconf 86' lang='lat' dir='ltr'><strong>plane</strong></span> 
     </span>
    </p>
   </div>
   <div class='ocr_carea' id='block_1_87' title="bbox 500 5387 2079 5459">
    <p class='ocr_par' dir='ltr' id='par_1_87' title="bbox 500 5387 2079 5459">
     <span class='ocr_line' id='line_1_87' title="bbox 500 5387 2079 5459; baseline 0 -15"><span class='ocrx_word' id='word_1_654' title='bbox 500 5387 779 5444; x_wconf 84' lang='lat' dir='ltr'><strong>meliorem</strong></span> <span class='ocrx_word' id='word_1_655' title='bbox 830 5388 880 5442; x_wconf 92' lang='lat' dir='ltr'><strong>in</strong></span> <span class='ocrx_word' id='word_1_656' title='bbox 923 5399 1203 5458; x_wconf 84' lang='lat' dir='ltr'><strong>posterum</strong></span> <span class='ocrx_word' id='word_1_657' title='bbox 1255 5404 1568 5445; x_wconf 87' lang='lat' dir='ltr'><strong>successum</strong></span> <span class='ocrx_word' id='word_1_658' title='bbox 1606 5388 1883 5459; x_wconf 87' lang='lat' dir='ltr'><strong>petitionis</strong></span> <span class='ocrx_word' id='word_1_659' title='bbox 1924 5389 2079 5445; x_wconf 85' lang='lat' dir='ltr'><strong>istius</strong></span> 
     </span>
    </p>
   </div>
   <div class='ocr_carea' id='block_1_88' title="bbox 499 5480 2080 5539">
    <p class='ocr_par' dir='ltr' id='par_1_88' title="bbox 499 5480 2080 5539">
     <span class='ocr_line' id='line_1_88' title="bbox 499 5480 2080 5539; baseline 0.002 -7"><span class='ocrx_word' id='word_1_660' title='bbox 499 5495 635 5539; x_wconf 75' lang='lat' dir='ltr'><strong>sine.</strong></span> <span class='ocrx_word' id='word_1_661' title='bbox 689 5494 954 5535; x_wconf 80' lang='lat' dir='ltr'><strong>conversa</strong></span> <span class='ocrx_word' id='word_1_662' title='bbox 994 5480 1361 5536; x_wconf 81' lang='lat' dir='ltr'><strong>velificatione</strong></span> <span class='ocrx_word' id='word_1_663' title='bbox 1398 5481 1749 5535; x_wconf 86' lang='lat' dir='ltr'><strong>vehementer</strong></span> <span class='ocrx_word' id='word_1_664' title='bbox 1793 5480 1850 5533; x_wconf 89' lang='lat' dir='ltr'><strong>in</strong></span> <span class='ocrx_word' id='word_1_665' title='bbox 1899 5480 2080 5537; x_wconf 87' lang='lat' dir='ltr'><strong>consi-</strong></span> 
     </span>
    </p>
   </div>
   <div class='ocr_carea' id='block_1_89' title="bbox 500 5570 2079 5642">
    <p class='ocr_par' dir='ltr' id='par_1_89' title="bbox 500 5570 2079 5642">
     <span class='ocr_line' id='line_1_89' title="bbox 500 5570 2079 5642; baseline 0.003 -20"><span class='ocrx_word' id='word_1_666' title='bbox 500 5570 632 5623; x_wconf 88' lang='lat' dir='ltr'><strong>lium</strong></span> <span class='ocrx_word' id='word_1_667' title='bbox 669 5570 916 5625; x_wconf 89' lang='lat' dir='ltr'><strong>incubuit</strong></span> <span class='ocrx_word' id='word_1_668' title='bbox 948 5572 1065 5642; x_wconf 85' lang='lat' dir='ltr'><strong>ejus</strong></span> <span class='ocrx_word' id='word_1_669' title='bbox 1123 5573 1273 5627; x_wconf 89' lang='lat' dir='ltr'><strong>omni</strong></span> <span class='ocrx_word' id='word_1_670' title='bbox 1305 5574 1515 5627; x_wconf 87' lang='lat' dir='ltr'><strong>ratione</strong></span> <span class='ocrx_word' id='word_1_671' title='bbox 1562 5572 1872 5627; x_wconf 83' lang='lat' dir='ltr'><strong>amovendi.</strong></span> <span class='ocrx_word' id='word_1_672' title='bbox 1910 5570 1969 5625; x_wconf 87' lang='lat' dir='ltr'><strong>Ei</strong></span> <span class='ocrx_word' id='word_1_673' title='bbox 2004 5573 2079 5627; x_wconf 88' lang='lat' dir='ltr'><strong>rei</strong></span> 
     </span>
    </p>
   </div>
   <div class='ocr_carea' id='block_1_90' title="bbox 502 5661 2079 5734">
    <p class='ocr_par' dir='ltr' id='par_1_90' title="bbox 502 5661 2079 5734">
     <span class='ocr_line' id='line_1_90' title="bbox 502 5661 2079 5734; baseline 0.005 -23"><span class='ocrx_word' id='word_1_674' title='bbox 502 5661 943 5727; x_wconf 71' lang='lat' dir='ltr'><strong>prtemuniendze,</strong></span> <span class='ocrx_word' id='word_1_675' title='bbox 994 5664 1192 5732; x_wconf 54' lang='lat' dir='ltr'><strong>sarpius</strong></span> <span class='ocrx_word' id='word_1_676' title='bbox 1224 5663 1539 5719; x_wconf 86' lang='lat' dir='ltr'><strong>convocatis</strong></span> <span class='ocrx_word' id='word_1_677' title='bbox 1587 5677 1863 5718; x_wconf 84' lang='lat' dir='ltr'><strong>sacrorum</strong></span> <span class='ocrx_word' id='word_1_678' title='bbox 1892 5666 2079 5734; x_wconf 60' lang='lat' dir='ltr'><strong>praesi-</strong></span> 
     </span>
    </p>
   </div>
   <div class='ocr_carea' id='block_1_91' title="bbox 503 5751 2079 5826">
    <p class='ocr_par' dir='ltr' id='par_1_91' title="bbox 503 5751 2079 5826">
     <span class='ocr_line' id='line_1_91' title="bbox 503 5751 2079 5826; baseline 0.003 -23"><span class='ocrx_word' id='word_1_679' title='bbox 503 5751 682 5813; x_wconf 82' lang='lat' dir='ltr'><strong>dibus,</strong></span> <span class='ocrx_word' id='word_1_680' title='bbox 718 5759 1034 5808; x_wconf 87' lang='lat' dir='ltr'><strong>contestans</strong></span> <span class='ocrx_word' id='word_1_681' title='bbox 1063 5753 1369 5823; x_wconf 79' lang='lat' dir='ltr'><strong>exponebat</strong></span> <span class='ocrx_word' id='word_1_682' title='bbox 1401 5753 1681 5826; x_wconf 79' lang='lat' dir='ltr'><strong>angustias</strong></span> <span class='ocrx_word' id='word_1_683' title='bbox 1721 5754 1920 5823; x_wconf 88' lang='lat' dir='ltr'><strong>quibus</strong></span> <span class='ocrx_word' id='word_1_684' title='bbox 1946 5768 2079 5808; x_wconf 80' lang='lat' dir='ltr'><strong>con-</strong></span> 
     </span>
    </p>
   </div>
   <div class='ocr_carea' id='block_1_92' title="bbox 504 5841 2079 5916">
    <p class='ocr_par' dir='ltr' id='par_1_92' title="bbox 504 5841 2079 5916">
     <span class='ocr_line' id='line_1_92' title="bbox 504 5841 2079 5916; baseline 0.002 -18"><span class='ocrx_word' id='word_1_685' title='bbox 504 5841 854 5912; x_wconf 67' lang='lat' dir='ltr'><strong>ﬂictaretum</strong></span> <span class='ocrx_word' id='word_1_686' title='bbox 883 5845 1026 5901; x_wconf 83' lang='lat' dir='ltr'><strong>inter</strong></span> <span class='ocrx_word' id='word_1_687' title='bbox 1053 5846 1179 5900; x_wconf 87' lang='lat' dir='ltr'><strong>hinc</strong></span> <span class='ocrx_word' id='word_1_688' title='bbox 1209 5844 1429 5916; x_wconf 82' lang='lat' dir='ltr'><strong>quidem</strong></span> <span class='ocrx_word' id='word_1_689' title='bbox 1461 5852 1719 5915; x_wconf 78' lang='lat' dir='ltr'><strong>urgentes</strong></span> <span class='ocrx_word' id='word_1_690' title='bbox 1746 5845 2079 5902; x_wconf 85' lang='lat' dir='ltr'><strong>ineluctabiI-i</strong></span> 
     </span>
    </p>
   </div>
   <div class='ocr_carea' id='block_1_93' title="bbox 2189 5276 3727 5351">
    <p class='ocr_par' dir='ltr' id='par_1_93' title="bbox 2189 5276 3727 5351">
     <span class='ocr_line' id='line_1_93' title="bbox 2189 5276 3727 5351; baseline -0.014 -5"><span class='ocrx_word' id='word_1_691' title='bbox 2189 5299 2243 5345; x_wconf 91' lang='lat' dir='ltr'><strong>et</strong></span> <span class='ocrx_word' id='word_1_692' title='bbox 2269 5290 2518 5346; x_wconf 84' lang='lat' dir='ltr'><strong>viderent</strong></span> <span class='ocrx_word' id='word_1_693' title='bbox 2547 5302 2615 5341; x_wconf 91' lang='lat' dir='ltr'><strong>an</strong></span> <span class='ocrx_word' id='word_1_694' title='bbox 2645 5300 2752 5340; x_wconf 92' lang='lat' dir='ltr'><strong>non</strong></span> <span class='ocrx_word' id='word_1_695' title='bbox 2771 5292 2915 5339; x_wconf 88' lang='lat' dir='ltr'><strong>esset</strong></span> <span class='ocrx_word' id='word_1_696' title='bbox 2937 5282 3145 5351; x_wconf 74' lang='lat' dir='ltr'><strong>aequius</strong></span> <span class='ocrx_word' id='word_1_697' title='bbox 3179 5276 3363 5335; x_wconf 88' lang='lat' dir='ltr'><strong>venire</strong></span> <span class='ocrx_word' id='word_1_698' title='bbox 3392 5280 3533 5347; x_wconf 89' lang='lat' dir='ltr'><strong>ipsos</strong></span> <span class='ocrx_word' id='word_1_699' title='bbox 3568 5283 3727 5329; x_wconf 85' lang='lat' dir='ltr'><strong>secum</strong></span> 
     </span>
    </p>
   </div>
   <div class='ocr_carea' id='block_1_94' title="bbox 2192 5365 3727 5451">
    <p class='ocr_par' dir='ltr' id='par_1_94' title="bbox 2192 5365 3727 5451">
     <span class='ocr_line' id='line_1_94' title="bbox 2192 5365 3727 5451; baseline -0.014 -14"><span class='ocrx_word' id='word_1_700' title='bbox 2192 5383 2249 5437; x_wconf 88' lang='lat' dir='ltr'><strong>in</strong></span> <span class='ocrx_word' id='word_1_701' title='bbox 2280 5389 2486 5451; x_wconf 88' lang='lat' dir='ltr'><strong>partem</strong></span> <span class='ocrx_word' id='word_1_702' title='bbox 2520 5376 2901 5434; x_wconf 88' lang='lat' dir='ltr'><strong>sollicitudinis</strong></span> <span class='ocrx_word' id='word_1_703' title='bbox 2953 5374 3204 5444; x_wconf 60' lang='lat' dir='ltr'><strong>publicas,</strong></span> <span class='ocrx_word' id='word_1_704' title='bbox 3263 5369 3609 5441; x_wconf 79' lang='lat' dir='ltr'><strong>improbanda</strong></span> <span class='ocrx_word' id='word_1_705' title='bbox 3639 5365 3727 5417; x_wconf 84' lang='lat' dir='ltr'><strong>ista</strong></span> 
     </span>
    </p>
   </div>
   <div class='ocr_carea' id='block_1_95' title="bbox 2188 5457 3727 5541">
    <p class='ocr_par' dir='ltr' id='par_1_95' title="bbox 2188 5457 3727 5541">
     <span class='ocr_line' id='line_1_95' title="bbox 2188 5457 3727 5541; baseline -0.014 -14"><span class='ocrx_word' id='word_1_706' title='bbox 2188 5469 2568 5541; x_wconf 85' lang='lat' dir='ltr'><strong>intempestiva</strong></span> <span class='ocrx_word' id='word_1_707' title='bbox 2602 5466 2924 5538; x_wconf 89' lang='lat' dir='ltr'><strong>pertinacia.</strong></span> <span class='ocrx_word' id='word_1_708' title='bbox 2951 5463 3349 5525; x_wconf 84' lang='lat' dir='ltr'><strong>Patriarcham,</strong></span> <span class='ocrx_word' id='word_1_709' title='bbox 3391 5459 3541 5525; x_wconf 85' lang='lat' dir='ltr'><strong>cujus</strong></span> <span class='ocrx_word' id='word_1_710' title='bbox 3568 5457 3727 5509; x_wconf 85' lang='lat' dir='ltr'><strong>essent</strong></span> 
     </span>
    </p>
   </div>
   <div class='ocr_carea' id='block_1_96' title="bbox 2188 5546 3726 5633">
    <p class='ocr_par' dir='ltr' id='par_1_96' title="bbox 2188 5546 3726 5633">
     <span class='ocr_line' id='line_1_96' title="bbox 2188 5546 3726 5633; baseline -0.017 -13"><span class='ocrx_word' id='word_1_711' title='bbox 2188 5574 2372 5633; x_wconf 86' lang='lat' dir='ltr'><strong>partes</strong></span> <span class='ocrx_word' id='word_1_712' title='bbox 2428 5562 2692 5617; x_wconf 88' lang='lat' dir='ltr'><strong>adhibere</strong></span> <span class='ocrx_word' id='word_1_713' title='bbox 2724 5559 3063 5615; x_wconf 88' lang='lat' dir='ltr'><strong>curationem</strong></span> <span class='ocrx_word' id='word_1_714' title='bbox 3090 5556 3281 5626; x_wconf 86' lang='lat' dir='ltr'><strong>lapsis,</strong></span> <span class='ocrx_word' id='word_1_715' title='bbox 3324 5546 3726 5610; x_wconf 80' lang='lat' dir='ltr'><strong>obiirmasseiu-</strong></span> 
     </span>
    </p>
   </div>
   <div class='ocr_carea' id='block_1_97' title="bbox 2188 5644 3725 5720">
    <p class='ocr_par' dir='ltr' id='par_1_97' title="bbox 2188 5644 3725 5720">
     <span class='ocr_line' id='line_1_97' title="bbox 2188 5644 3725 5720; baseline -0.015 -6"><span class='ocrx_word' id='word_1_716' title='bbox 2188 5657 2499 5714; x_wconf 77' lang='lat' dir='ltr'><strong>ﬁesiblliter</strong></span> <span class='ocrx_word' id='word_1_717' title='bbox 2519 5655 2761 5708; x_wconf 88' lang='lat' dir='ltr'><strong>animum</strong></span> <span class='ocrx_word' id='word_1_718' title='bbox 2805 5652 2857 5708; x_wconf 89' lang='lat' dir='ltr'><strong>in</strong></span> <span class='ocrx_word' id='word_1_719' title='bbox 2888 5650 3273 5720; x_wconf 88' lang='lat' dir='ltr'><strong>prosecutione</strong></span> <span class='ocrx_word' id='word_1_720' title='bbox 3312 5645 3533 5702; x_wconf 89' lang='lat' dir='ltr'><strong>alterius</strong></span> <span class='ocrx_word' id='word_1_721' title='bbox 3560 5644 3725 5696; x_wconf 84' lang='lat' dir='ltr'><strong>harum</strong></span> 
     </span>
    </p>
   </div>
   <div class='ocr_carea' id='block_1_98' title="bbox 2188 5740 3724 5831">
    <p class='ocr_par' dir='ltr' id='par_1_98' title="bbox 2188 5740 3724 5831">
     <span class='ocr_line' id='line_1_98' title="bbox 2188 5740 3724 5831; baseline -0.018 -26"><span class='ocrx_word' id='word_1_722' title='bbox 2188 5752 2414 5805; x_wconf 87' lang='lat' dir='ltr'><strong>duarum</strong></span> <span class='ocrx_word' id='word_1_723' title='bbox 2444 5762 2650 5813; x_wconf 91' lang='lat' dir='ltr'><strong>rerum,</strong></span> <span class='ocrx_word' id='word_1_724' title='bbox 2684 5752 2776 5800; x_wconf 89' lang='lat' dir='ltr'><strong>aut</strong></span> <span class='ocrx_word' id='word_1_725' title='bbox 2803 5753 2863 5799; x_wconf 90' lang='lat' dir='ltr'><strong>ut</strong></span> <span class='ocrx_word' id='word_1_726' title='bbox 2890 5750 3185 5813; x_wconf 87' lang='lat' dir='ltr'><strong>reponatur</strong></span> <span class='ocrx_word' id='word_1_727' title='bbox 3214 5742 3267 5796; x_wconf 92' lang='lat' dir='ltr'><strong>in</strong></span> <span class='ocrx_word' id='word_1_728' title='bbox 3294 5740 3519 5812; x_wconf 88' lang='lat' dir='ltr'><strong>priorem</strong></span> <span class='ocrx_word' id='word_1_729' title='bbox 3549 5741 3724 5831; x_wconf 65' lang='lat' dir='ltr'><strong>statum</strong></span> 
     </span>
    </p>
   </div>
   <div class='ocr_carea' id='block_1_99' title="bbox 2188 5826 3725 5913">
    <p class='ocr_par' dir='ltr' id='par_1_99' title="bbox 2188 5826 3725 5913">
     <span class='ocr_line' id='line_1_99' title="bbox 2188 5826 3725 5913; baseline -0.008 -14"><span class='ocrx_word' id='word_1_730' title='bbox 2188 5844 2239 5899; x_wconf 80' lang='lat' dir='ltr'><strong>id</strong></span> <span class='ocrx_word' id='word_1_731' title='bbox 2268 5840 2411 5913; x_wconf 82' lang='lat' dir='ltr'><strong>quod</strong></span> <span class='ocrx_word' id='word_1_732' title='bbox 2440 5854 2563 5897; x_wconf 90' lang='lat' dir='ltr'><strong>meo</strong></span> <span class='ocrx_word' id='word_1_733' title='bbox 2587 5848 2811 5909; x_wconf 89' lang='lat' dir='ltr'><strong>peccato</strong></span> <span class='ocrx_word' id='word_1_734' title='bbox 2849 5846 3115 5892; x_wconf 88' lang='lat' dir='ltr'><strong>mutatum</strong></span> <span class='ocrx_word' id='word_1_735' title='bbox 3150 5844 3232 5893; x_wconf 77' lang='lat' dir='ltr'><strong>cst</strong></span> <span class='ocrx_word' id='word_1_736' title='bbox 3258 5848 3273 5900; x_wconf 90' lang='lat'><strong>;</strong></span> <span class='ocrx_word' id='word_1_737' title='bbox 3305 5842 3395 5888; x_wconf 84' lang='lat' dir='ltr'><strong>aut</strong></span> <span class='ocrx_word' id='word_1_738' title='bbox 3426 5831 3480 5887; x_wconf 89' lang='lat' dir='ltr'><strong>ni</strong></span> <span class='ocrx_word' id='word_1_739' title='bbox 3506 5830 3599 5885; x_wconf 83' lang='lat' dir='ltr'><strong>hoc</strong></span> <span class='ocrx_word' id='word_1_740' title='bbox 3627 5826 3725 5886; x_wconf 56' lang='lat' dir='ltr'><strong>lia&quot;</strong></span> 
     </span>
    </p>
   </div>
  </div>
