3926 6532
386 448 492 513 ῦῙΠ

1343 454 1435 513 DE
1479 448 1871 514 MICHAELE
1912 440 2379 513 PALAZOLOGO
2418 453 2561 515 LIB.
2600 448 2693 513 ιν.

3532 448 3637 509 ως

382 563 451 612 ὲκ
484 558 878 630 προαιρέσεως,
903 560 930 611 ὁ
969 557 1022 611 δὲ
1055 556 1148 609 καὶ
1175 558 1264 611 τὸν
1305 559 1361 623 ἐξ
1411 558 1578 611 αὑτοῦ
1636 559 1953 627 νυττόμενον
1990 558 2027 610 Α
2062 560 2337 629 βασιλείας
2364 563 2459 615 καὶ
2492 562 2783 631 ἰδιωτισμῷ
2816 562 3055 632 μετιέναι
3079 560 3137 615 τὸ
3166 560 3413 632 ἔγκλημα
3445 558 3634 631 βούλε-

380 653 461 721 τῷ
490 651 729 722 γνησίως
769 652 1125 721 μεταγνῶναι,
1147 653 1239 704 καὶ
1269 650 1364 720 τὴν
1392 651 1684 723 θεραπείαν
1712 652 1956 713 ἐκτόπως

383 744 611 797 θέλοντα
636 742 906 810 δέχεσθαι,
944 744 1046 796 κᾶν
1076 745 1413 812 καυστῆρσιν
1438 748 1791 813 οἱκονομοῖτο,
1818 745 1957 795 ἐκεῖ·

377 850 471 895 νος
532 834 852 895 ἀπωθεῖται,
901 834 995 885 καὶ
1037 835 1116 901 τῷ
1167 836 1507 902 μεταγνῶναι
1538 836 1597 887 τὸ
1648 833 1955 899 ἀπογνῶναι

381 925 648 992 συνείρει.
685 925 761 987 ὡς
785 928 1031 994 κρεῖττον
1065 925 1128 977 ὂν
1156 925 1227 995 μὴ
1271 926 1608 994 μεταγνῶναι
1643 926 1673 995 ἢ
1705 924 1955 991 ἀπογνῶο

377 1032 474 1069 ναι
500 1018 835 1085 μεταγνόντα
862 1034 875 1047 ·
906 1018 966 1069 τὸ
997 1017 1095 1086 μὲν
1128 1020 1236 1087 γὰρ
1268 1018 1600 1085 ἀναλγησίαν
1636 1017 1952 1085 κατηγορεῖ,

375 1109 443 1160 τὸ
476 1108 521 1160 δ’
558 1108 830 1161 ἀπώλειαν
856 1111 1231 1173 αἱωνίζουσαν.
1260 1111 1428 1162 Αὑτὸν
1456 1110 1552 1178 μὲν
1575 1108 1666 1161 οὖν
1697 1110 1788 1161 καὶ
1822 1107 1952 1159 πολ-

378 1198 544 1261 λάκις
562 1199 923 1269 προσελθόντα
945 1200 1385 1268 ἀποπέμπεσθαι,
1418 1199 1511 1252 καὶ
1534 1197 1796 1266 ζητοῦντα
1828 1197 1953 1258 τοὺς

373 1291 618 1360 τρόπους
642 1292 739 1359 τῆς
766 1293 1005 1363 ἰατρείας
1032 1294 1127 1359 οὐχ
1149 1293 1295 1354 ὅπως
1330 1293 1647 1362 λαμϐἁνειν,
1688 1290 1823 1343 ἀλλά
1860 1290 1953 1344 καὶ

379 1382 897 1448 προσονειδίζεσθαι,
927 1384 1018 1437 καὶ
1047 1384 1196 1447 τέλος
1231 1384 1381 1436 ούδὲν
1410 1384 1535 1437 ἄλλο
1587 1382 1951 1436 πυνθάνεσθαι

373 1471 521 1541 πλὴν
570 1474 631 1525 τὸ
682 1474 928 1545 ἁνάγ>ην
978 1476 1117 1528 εἶναι
1162 1475 1222 1529 τὸ
1250 1475 1469 1545 τραῦμα
1513 1474 1713 1541 ἰᾶσθαι,
1748 1474 1951 1536 ὃπωςδ’

375 1563 512 1632 ιῷτο
549 1564 621 1635 μὴ
652 1564 960 1634 μανθάνειν,
985 1565 1117 1619 ἀλλὰ
1150 1569 1286 1637 πρδς
1309 1567 1367 1619 τὸ
1408 1568 1666 1633 πράττειν
1724 1565 1953 1635 προτρέ-

371 1655 579 1708 πεσθαι
617 1656 779 1725 μηδὲν
810 1658 985 1711 είδότα
1016 1659 1123 1713 τῶν
1154 1660 1415 1726 πράττειν
1441 1658 1826 1726 ὀφειλομένων,
1872 1650 1953 1708 εἶ-

367 1762 471 1800 ναι
502 1746 545 1800 δ’
566 1747 894 1801 ὑποπτεύειν
921 1749 981 1801 τὸ
1010 1751 1115 1804 πᾶν
1146 1750 1361 1821 χλεύην.
1405 1750 1547 1819 Ὠρα
1594 1750 1725 1818 γοῦν
1783 1748 1953 1801 δεδοι-

370 1840 535 1892 κέναι
581 1840 653 1908 μή
695 1858 748 1893 τι
799 1842 891 1893 καὶ
933 1843 1260 1913 πράττοντος
1315 1844 1521 1906 ἐκεῖνος
1560 1842 1951 1911 ἀναλαμϐάνων

2067 668 2173 702 ται.
2202 651 2293 720 Τῷ
2323 651 2398 715 δὲ,
2428 645 2471 718 ᾧ
2497 651 2561 703 ἂν
2591 654 2683 703 καὶ
2728 652 3029 719 συνενέγκοι
3058 653 3296 716 σκοπῶν,
3339 653 3447 705 οὐδ’
3498 654 3633 716 ὅλως

2066 742 2323 808 εὑρίσκω.
2369 742 2491 794 Ἐπὶ
2530 743 2624 811 μὲν
2656 739 2748 795 οὖν
2782 745 2893 805 τοῖς
2942 747 3161 807 κοινοῖς,
3200 745 3422 797 αὐτόθεν
3451 744 3628 812 δῆλον,

2065 835 2157 885 καὶ
2201 833 2348 885 οὐδὲν
2385 836 2465 885 δεῖ
2514 833 2828 902 ἐρωτῶντας
2861 835 3147 902 μανθάνειν
3180 852 3193 867 ’
3236 836 3293 888 τδ
3340 836 3447 905 γὰρ
3507 833 3632 904 μήτ’

2065 925 2273 979 ἐκείνου
2309 924 2418 977 οἴου
2451 927 2497 976 τ’
2520 925 2671 986 ὄντος
2699 926 2766 976 τὰ
2806 926 3101 995 πράγματα
3124 928 3365 988 διοικεῖν,
3397 929 3488 979 καὶ
3524 944 3631 995 μη-

2062 1016 2117 1067 δὲ
2148 1016 2447 1083 συμϐάντος
2486 1017 2763 1085 ἐκστῆναι,
2800 1017 2876 1078 ὡς
2906 1017 3044 1085 μέγα
3074 1035 3125 1069 τι
3157 1019 3255 1086 τὴν
3278 1018 3509 1087 ἐρημίαν
3543 1016 3630 1067 λο-

2061 1106 2328 1172 γίζεσηαι,
2363 1107 2512 1158 οὐδὲν
2538 1105 2706 1178 ἀλλ’ἢ
2740 1108 3026 1177 ζητοῦντος
3072 1104 3225 1177 οἶμαι
3288 1110 3461 1161 κοινὸν
3513 1109 3631 1161 ὃλεο

2063 1197 2189 1265 θρον
2229 1198 2321 1249 καὶ
2363 1196 2613 1266 Τελχῖνος
2633 1200 2832 1267 τρόπον
2867 1199 3299 1267 ἐνδεικνυμένου,
3349 1203 3412 1253 Ὃ
3444 1194 3497 1252 δὲ
3538 1200 3631 1253 καὶ

2066 1287 2265 1354 μᾶλλον
2303 1288 2669 1358 διαφερόντως
2698 1290 2805 1342 τῶν
2828 1291 3002 1343 ἀλλων
3036 1293 3266 1344 ἅπτεται
3312 1291 3420 1342 τῶν
3459 1292 3629 1361 ἐμῶν,

2065 1378 2279 1447 μακρὰν
2313 1380 2379 1433 ἂν
2403 1380 2499 1450 τὴν
2533 1381 2871 1452 δημηγορίαν
2908 1384 3194 1436 κατέτεινα
3234 1384 3317 1448 ἂν,
3361 1384 3429 1454 ἣν
3487 1386 3627 1452 μήγε

2061 1473 2154 1522 atati.
2185 1471 2275 1538 ἀφ’
2298 1470 2414 1533 ἑνὸς
2439 1472 2598 1540 μόνου
2626 1469 2732 1534 οἷός
2750 1475 2795 1524 τ’
2828 1469 2894 1541 ἦν
2928 1476 3196 1543 παριστᾷν
3247 1476 3344 1543 τὴν
3404 1475 3629 1545 βλάϐην.

2060 1561 2125 1613 Τί
2153 1562 2261 1632 γάρ
2291 1579 2378 1631 μοι
2403 1564 2493 1614 καὶ
2521 1563 2778 1632 ὶχέγγυον
2807 1565 2900 1617 τοῦ
2945 1566 3001 1617 δὲ
3057 1563 3213 1629 αὖθις
3264 1569 3629 1639 ἀπραγμόνως

2062 1646 2253 1717 βιῶσαι
2288 1650 2639 1720 καταθεμένῳ
2674 1651 2772 1722 τὴν
2803 1653 3050 1718 ἐξουσίαν
3077 1671 3093 1719 ;
3125 1656 3189 1707 Τί
3212 1657 3267 1708 δὲ
3293 1660 3510 1725 γυναικὶ
3540 1660 3627 1710 καὶ

2057 1740 2215 1793 παισὶ
2242 1742 2477 1810 μᾶλλον;
2507 1739 2587 1805 οἷς
2622 1745 2686 1797 ἀν
2717 1745 2997 1813 παρευθὺς
3063 1749 3258 1817 μοῖραν
3316 1749 3630 1818 ἐφεδρεύειν

2059 1832 2273 1901 ἀνάγκη
2299 1830 2366 1907 ἧς
2388 1837 2415 1888 ὁ
2443 1835 2618 1905 τυχὼν
2644 1838 2704 1889 οὐ
2734 1836 3047 1907 γηθήσειεν.
3094 1840 3247 1907 Ἐμοὶ
3287 1836 3386 1908 μὶν
3410 1836 3502 1893 σύν
3525 1842 3627 1893 οὐκ

367 1928 443 1981 τὸ
476 1929 744 2000 ἔγκλημα,
775 1930 850 1995 ὡς
889 1908 1112 2003 μηδενὸς
1136 1935 1435 2004 αὐτάρκους
1494 1908 1805 2004 γενομένου,
1873 1934 1945 2003 μὴ
1983 1908 2023 1962 Β
2052 1923 2195 1977 ἔστιν
2224 1926 2593 1996 ἀμφισὸητείν
2623 1927 2813 1996 ἐκείνῳ
2860 1929 2957 1997 τῆς
2982 1932 3356 2001 πνευματικῆς
3410 1932 3630 2001 ἰδμοσύ-

372 2021 750 2091 καταδέχοιτο,
776 2024 871 2077 καὶ
916 2024 1061 2077 οὕτω
1092 2026 1324 2089 πονέσας
1364 2028 1601 2097 ἀνήνυτα
1648 2026 1945 2094 γνώσομαι.

376 2111 454 2163 'U
483 2112 530 2164 δ’
575 2108 665 2165 οὖν
718 2116 813 2167 καὶ
872 2115 1124 2184 ἐμφαίνει
1180 2116 1442 2185 πλαγίως,
1496 2116 1824 2177 ἀκούσαντες
1881 2114 1946 2167 ἂν

363 2197 636 2268 διαγνῶτε
660 2202 724 2274 ἢν
746 2204 881 2268 ὅλως
915 2206 1201 2276 συμφέροι.
1232 2205 1297 2279 [Ρ
1338 2205 1456 2279 171]
1511 2206 1793 2263 Ἀποοέσει
1838 2204 1946 2275 γὰρ

367 2377 511 2431 mibi
545 2393 734 2435 omnes
766 2395 891 2451 spes
947 2381 1207 2438 redeundi
1249 2398 1484 2453 unquam
1512 2385 1577 2438 ad
1606 2384 1946 2438 communio.

366 2486 502 2525 nem
553 2470 804 2525 Ecclesiae
852 2473 1172 2528 inexorabili
1233 2476 1526 2529 severitate
1590 2476 1938 2543 praecidatur.

364 2564 561 2630 Atqui.
593 2573 647 2618 ut
686 2580 899 2634 vos-pro
939 2580 1113 2621 vestra
1148 2568 1430 2636 prudentia
1470 2568 1678 2632 videtis.
1712 2568 1941 2622 alterum

364 2658 599 2726 quidem
633 2659 855 2714 istorum
893 2660 1006 2715 fieri
1042 2677 1146 2713 non
1175 2670 1386 2728 potest;
1421 2661 1644 2713 alterum
1682 2674 1941 2729 perquam

366 2748 729 2822 inhumanum
755 2759 837 2803 est
871 2758 923 2803 et
950 2750 1017 2804 ab
1049 2751 1303 2805 Ecclesia:
1338 2761 1580 2803 materna
1618 2750 1667 2802 in
1698 2764 1828 2803 suos
1863 2749 1944 2803 in-

366 2840 655 2905 dulgentia
692 2838 852 2907 252
882 2840 1112 2893 maxime
1166 2841 1483 2894 abhorrens.
1549 2839 1669 2893 Veri
1710 2840 1944 2907 pastoris

367 2940 434 2981 et
466 2931 668 2997 providi
701 2931 868 2999 patris
899 2947 1094 2985 munus
1120 2932 1293 2986 fuerat
1328 2932 1530 2986 hortari
1563 2932 1629 2985 ad
1679 2933 1946 3001 poeniten-

369 3023 533 3085 tiam,
566 3032 621 3076 et
668 3024 806 3076 viam
845 3026 1128 3077 ostendere
1156 3025 1451 3090 aberranti,
1500 3024 1785 3093 calcarqne
1845 3026 1943 3077 ael-

366 3118 529 3179 dere,
561 3124 613 3168 ut
646 3115 712 3169 ad
762 3114 929 3169 Deum
955 3114 1272 3185 frugemque
1321 3119 1541 3179 rediret.
1571 3117 1739 3171 etiam’
1784 3132 1937 3169 suam

367 3205 652 3260 miseriam
686 3223 791 3260 non
817 3208 1092 3271 sentienti.
1123 3209 1519 3278 negligentique
1553 3224 1616 3263 ac
1664 3209 1938 3278 respuenti

365 3296 646 3350 ohsﬁnata
678 3300 1016 3351 contumacia
1048 3300 1369 3353 remedium.
1410 3298 1502 3353 Ille
1537 3309 1717 3353 autem
1747 3316 1831 3353 tne
1861 3298 1941 3351 ul-

369 3400 461 3442 tro
507 3390 848 3443 damnantem
884 3389 1352 3459 detestantemque
1397 3392 1573 3447 scelus
1609 3407 1811 3456 meum,
1858 3406 1942 3446 me

364 3480 554 3535 omnia
586 3496 721 3534 vera:
750 3482 1080 3549 pmnitentite
1098 3483 1249 3549 signa
1271 3483 1638 3547 exhibentem,
1671 3499 1753 3537 me
1777 3485 1939 3537 etiam

366 3583 538 3641 atque
570 3574 726 3625 etiam
771 3581 1081 3641 poscentem
1120 3588 1313 3643 poenas
1340 3575 1472 3629 mihi
1505 3576 1708 3643 imponi
1739 3576 1943 3631 Saluta-

370 3680 491 3732 res,
529 3681 609 3719 me
666 3666 925 3731 patientia
990 3667 1221 3721 obnoxia
1280 3667 1622 3736 profitentem
1684 3669 1943 3724 sectionis

366 3773 589 3828 quoque
616 3768 670 3812 et
702 3760 930 3813 ustionis
969 3761 1204 3814 austeris
1234 3762 1529 3815 subeundis
1559 3762 1940 3816 curationibus

371 3861 645 3918 paratum,
677 3851 853 3921 rejicit
893 3862 1057 3921 atque
1086 3864 1410 3922 aSpernatur
1438 3866 1638 3918 tamen,
1668 3863 1723 3908 et
1777 3858 1945 3925 culpae

369 3951 649 4012 utcunque
698 3957 728 3995 a
788 3944 1140 4011 resipiseeute
1211 3944 1483 4000 damnata:
1552 3947 1943 4002 conscientiam

368 4051 586 4105 aequum
634 4046 824 4091 censet
857 4049 1099 4093 extrema
1126 4039 1502 4108 desperatione
1547 4040 1942 4109 constringere.

372 4128 505 4183 Mihi
532 4143 656 4184 vero
690 4128 872 4183 minus
900 4130 1100 4185 tnalum
1149 4131 1435 4201 minusque
1466 4132 1685 4188 noxium
1730 4133 1947 4187 videtur

372 4236 485 4274 non
518 4236 809 4292 agnoscere
837 4223 1046 4292 culpam
1081 4224 1379 4294 propriam,
1413 4240 1580 4294 quam
1607 4226 1726 4294 ejus
1749 4226 1946 4297 impro-

370 4311 515 4367 bata:
573 4325 950 4383 revocataeque
1012 4317 1224 4371 veniam
1270 4319 1586 4387 desperare.
1613 4318 1770 4373 Prius
1797 4318 1943 4373 enim

373 4403 506 4457 illud
541 4405 795 4460 duritiam
826 4407 1001 4462 solum
1039 4410 1217 4478 arguit
1245 4409 1379 4464 alias
1409 4407 1805 4464 emendabilem
1840 4407 1945 4461 im-

371 4498 687 4564 ptenitentis
730 4498 780 4552 in
846 4514 1083 4568 praesens
1139 4501 1304 4553 animi
1346 4519 1359 4555 :
1410 4503 1513 4557 hoc
1569 4502 1840 4570 posterius
1888 4500 1941 4555 in

2049 2033 2167 2085 νης.
2199 2016 2303 2070 κᾶν
2323 2018 2350 2070 ὄ
2383 2035 2433 2070 τι
2464 2017 2674 2070 κελεύοι
2702 2033 2717 2048 ⁸
2755 2021 2891 2081 τέως
2917 2019 2963 2072 δ’
2996 2022 3053 2072 ὲν
3083 2019 3292 2084 τούτοις
3341 2022 3533 2076 πολλοῦ
3564 2039 3627 2091 γε

2047 2106 2150 2160 δέω
2183 2111 2590 2175 προσεπαινεϊν.
2616 2109 2726 2162 Ποῦ
2759 2110 2869 2177 γὰρ
2900 2111 2992 2162 καὶ
3040 2111 3149 2163 τίνι
3204 2113 3322 2164 ποτ’
3362 2113 3505 2167 ἔθνει
3567 2114 3629 2166 τὸ

2047 2201 2287 2255 τοιοῦτον
2304 2201 2574 2271 ἔδλαστες
2613 2202 2706 2256 καὶ
2736 2205 2813 2267 εἰς
2851 2204 2902 2256 τί
2958 2204 3305 2274 παράδειγμα
3357 2204 3567 2275 βλέπων
3600 2209 3628 2261 ὁ

2048 2379 2093 2432 si
2162 2379 2307 2434 ultro
2358 2382 2643 2450 aggrediar
2695 2382 3018 2439 satisfacere
3062 2400 3158 2454 pro
3210 2384 3462 2448 crimine,
3526 2386 3615 2440 ubi

2050 2473 2215 2526 multa
2270 2472 2603 2541 impendere,
2633 2475 2797 2529 multa
2832 2484 3134 2541 tentavero,
3167 2476 3394 2531 multum
3421 2477 3627 2533 sudans

2048 2562 2333 2633 nilensque
2390 2566 2442 2619 in
2475 2566 2698 2621 sceleris
2760 2568 3131 2635 expiationem
3180 2568 3282 2623 mei
3335 2581 3619 2637 peregero,

2050 2656 2191 2710 haud
2222 2673 2283 2711 ea
2316 2668 2493 2713 tamen
2529 2660 2616 2713 ille
2647 2660 2780 2714 satis
2819 2662 3074 2731 accipiat,
3108 2662 3295 2731 sicque
3321 2659 3628 2715 contentio‘

2050 2765 2144 2804 nes
2200 2766 2286 2805 nte
2317 2752 2437 2807 illas
2467 2769 2849 2824 :ernmnasqne
2904 2756 3214 2824 perdidisse
3270 2767 3486 2826 spretus
3557 2761 3624 2809 ad

2048 2858 2348 2898 extremum
2372 2860 2434 2899 ac
2452 2846 2697 2914 repulsus
2726 2848 2987 2901 sentiam?
3018 2848 3213 2902 Audite
3242 2856 3419 2902 autem
3450 2858 3502 2903 et
3523 2864 3621 2919 pro

2046 2946 2220 2992 vestra
2262 2936 2524 3006 sapientia
2550 2940 2812 2993 aestimate
2851 2941 3008 3008 quale
3045 2939 3112 2993 sit
3145 2950 3197 2992 et
3227 2940 3419 3009 ecquid
3455 2956 3618 3009 expe-

2047 3029 2160 3084 diat
2224 3029 2553 3099 reipublicae,
2585 3031 2727 3099 quod
2771 3048 2866 3100 per
2906 3032 3037 3085 istas
3086 3032 3342 3102 ambages
3398 3034 3615 3103 oblique

2047 3122 2206 3192 253
2237 3123 2432 3177 innuit.
2468 3122 2688 3177 Videtur
2714 3123 2846 3177 velle
2875 3139 2958 3177 me
2986 3125 3323 3195 depositione
3348 3126 3621 3195 principa-

2051 3225 2135 3268 tus
2161 3223 2214 3267 et
2236 3214 2413 3268 reditu
2440 3215 2503 3268 ad
2541 3215 2703 3269 vitam
2735 3216 2996 3286 privatam
3030 3218 3249 3287 evpiare
3278 3217 3455 3270 scelus
3478 3216 3620 3287 quod

2050 3307 2307 3362 conscivi.
2336 3308 2390 3361 In
2424 3307 2524 3362 hoc
2548 3307 2637 3364 ille
2664 3311 2790 3376 quid
2822 3318 3047 3378 spectet,
3079 3320 3130 3365 et
3160 3310 3213 3363 in
3245 3325 3401 3379 quem
3444 3318 3623 3363 trans-

2051 3397 2194 3454 ferre
2229 3402 2429 3468 cogitet
2474 3402 2835 3470 principatum
2876 3404 3006 3456 mihi
3036 3412 3300 3472 ereptum,
3341 3405 3623 3458 commini-

2051 3492 2127 3545 sci
2164 3492 2416 3559 equidem
2468 3506 2696 3559 nequeo.
2732 3494 2943 3558 Quanta
2987 3508 3149 3562 porro
3198 3508 3467 3562 quamque
3497 3510 3619 3563 per-

2051 3585 2262 3639 niciosa
2323 3586 2445 3639 inde
2500 3584 2638 3639 foret
2689 3585 2895 3639 oritura
2935 3585 3294 3655 perturbatio,
3351 3586 3621 3655 subjicere
3704 3580 3713 3585 ”

2052 3679 2152 3731 sibi
2178 3677 2410 3746 quisque
2428 3678 2920 3745 circumspiciendo
2941 3689 3132 3732 cuncta
3153 3688 3349 3748 potest,
3370 3688 3425 3731 ut
3454 3679 3618 3732 alium

2052 3770 2301 3824 consulat
2333 3770 2628 3825 neminem.
2663 3770 2797 3825 Cum
2830 3770 2973 3824 enim
3006 3770 3096 3824 ille
3135 3773 3221 3824 cui
3251 3772 3617 3825 interversum

2053 3862 2335 3930 imperium
2382 3862 2689 3930 patriarcha
2734 3862 2855 3932 jure
2906 3862 3175 3931 queritur,
3214 3878 3313 3917 nec
3374 3879 3469 3930 per
3495 3874 3625 3916 mta-

2055 3963 2161 4007 tem
2217 3963 2311 4006 aut
2340 3952 2731 4019 experientiam
2774 3967 2871 4021 par
2895 3953 2965 4005 sit
3006 3952 3134 4006 moli
3172 3952 3407 4005 ferenda:
3441 3954 3623 4022 publi-

2052 4058 2234 4098 carum
2271 4057 2472 4105 rerum,
2505 4051 2873 4110 praetereaque
2932 4043 2984 4095 in
3019 4042 3383 4096 calamitatem
3420 4044 3623 4097 iucide~

2057 4138 2121 4191 rit
2152 4154 2273 4190 eum
2335 4136 2786 4190 immedicabilem
2832 4145 2943 4189 tum
2980 4137 3203 4189 omnino
3243 4136 3430 4202 talem,
3498 4150 3616 4204 quae

2054 4238 2109 4281 ut
2150 4227 2363 4283 abunde
2398 4235 2589 4283 cuncta
2638 4235 2835 4283 caetera
2876 4236 3250 4298 suppeterent,
3302 4242 3518 4282 omnem
3575 4228 3622 4281 ei

2053 4334 2274 4388 prorsus
2301 4320 2609 4375 facultatem
2645 4335 2709 4375 ac
2765 4320 2876 4373 vim
2909 4320 3113 4375 adimat
3143 4320 3479 4389 principatus
3517 4336 3626 4374 un-

2051 4428 2215 4482 quam
2255 4412 2739 4482 quomodocunqne
2789 4412 3069 4477 fungendi,
3101 4412 3234 4466 satis
3265 4420 3413 4480 patet
3464 4427 3624 4481 quam

2052 4507 2353 4573 perniciose
2381 4505 2630 4561 consulat
2686 4506 3015 4573 reipublicae,
3052 4504 3144 4574 qui
3198 4520 3284 4557 me
3320 4514 3505 4558 amoto
3538 4519 3628 4555 re-

369 4599 588 4643 aaterna:
618 4589 801 4658 utique
845 4591 1208 4647 damnationis
1244 4594 1467 4646 exitium
1522 4592 1832 4649 inevitabile
1856 4594 1944 4648 de-
1979 4611 2021 4664 ι)
2052 4600 2314 4669 dactoque
2348 4599 2403 4652 in
2449 4598 2696 4652 ordinem
2759 4598 2932 4652 solum
2994 4599 3158 4652 istum
3212 4608 3265 4651 et
3302 4596 3624 4651 destitutmn

373 4683 542 4736 trudit
597 4692 954 4749 peccatorem.
990 4683 1261 4753 Expertus
1312 4685 1495 4740 omnia
1542 4686 1656 4741 haec
1722 4700 1944 4755 queror.

370 4772 518 4827 Nihil
562 4788 665 4827 non
700 4774 927 4829 tentavi.
963 4776 1118 4828 Adivi
1152 4776 1375 4845 supplex
1429 4779 1794 4845 patriarcbam
1842 4795 1941 4833 sa!-

373 4866 537 4934 pius;
579 4864 735 4918 toties
769 4864 1001 4933 rejectus
1030 4882 1170 4922 sum.
1208 4868 1410 4938 Rogavi
1444 4880 1501 4923 ut
1540 4871 1674 4923 mihi
1730 4870 1948 4925 satisfa-

371 4958 572 5011 etionis
623 4959 815 5014 modus
857 4961 1343 5029 praescriberetur;
1384 4979 1486 5017 non
1521 4966 1679 5017 modo
1703 4980 1808 5018 non
1841 4965 1945 5018 im-

373 5052 601 5119 petravi,
634 5053 727 5106 sed
774 5054 969 5107 acriter
1036 5054 1359 5122 increpitus,
1405 5058 1497 5111 sed
1544 5058 1936 5111 contumeliose

369 5141 685 5210 objurgatus
718 5158 857 5207 sum,
889 5160 916 5197 a
952 5160 1055 5199 non
1081 5146 1225 5200 aliud
1278 5149 1509 5201 extremi
1545 5151 1790 5215 responsi
1829 5151 1948 5205 loco

371 5236 443 5290 ad
487 5236 645 5289 finem
670 5234 980 5303 adjiciente,
1010 5238 1111 5292 nisi
1132 5254 1354 5293 necesse
1378 5254 1497 5294 esse
1520 5243 1695 5295 curari
1728 5244 1945 5307 vulnus,

370 5342 496 5386 quae
547 5337 724 5381 autem
780 5329 830 5382 ei
881 5330 1052 5397 possit
1097 5329 1212 5384 fieri
1253 5332 1541 5397 medicina,
1594 5348 1653 5387 se
1712 5337 1944 5391 nescire.

374 5418 862 5474 Verumenimvero
911 5437 977 5474 an
1004 5437 1107 5476 non
1134 5423 1343 5477 irrideri
1367 5439 1425 5478 se
1454 5426 1687 5494 superbo
1717 5426 1947 5483 ludibrio

372 5511 605 5580 illejure
627 5512 1016 5582 suspicaretur,
1048 5514 1136 5568 cui
1159 5516 1451 5569 suadeatur
1479 5528 1531 5570 et
1564 5529 1820 5587 tanquam
1852 5537 1947 5574 ne-

376 5604 677 5660 cessarium
729 5605 1113 5673 praescribatur
1152 5604 1365 5660 ellicere
1405 5607 1631 5675 aliquid,
1676 5621 1729 5663 et
1768 5622 1944 5665 tamen

372 5710 486 5765 quo
517 5696 570 5750 id
601 5698 762 5751 modo
791 5710 961 5765 quave
984 5697 1193 5770 ratione
1222 5712 1380 5766 queat
1403 5702 1603 5769 suseipi
1640 5716 1701 5756 ac
1726 5705 1943 5770 perduci

373 5788 446 5841 ad
500 5790 725 5857 exitum,
768 5788 885 5859 ipse
934 5790 1025 5860 qui
1056 5767 1213 5861 ﬂbet
1255 5792 1506 5859 ignorare
1542 5809 1599 5848 se
1658 5806 1885 5850 testetur
1925 5798 1947 5850 ?

371 5875 564 5935 Nonne
589 5879 713 5937 hinc
733 5880 881 5951 justa
912 5896 1074 5937 causa
1097 5881 1226 5938 mihi
1262 5880 1583 5951 relinquitur
1606 5884 1826 5941 timendi
1854 5904 1943 5952 ne,

2058 4705 2157 4757 ope
2188 4690 2402 4758 collega:
2433 4689 2685 4743 universo
2715 4705 2893 4743 rerum
2928 4691 3171 4743 omnium
3203 4688 3450 4757 regimini
3489 4703 3627 4755 prm-

2058 4782 2223 4837 licial.
2272 4780 2385 4836 Hoc
2411 4784 2554 4835 enim
2584 4781 2713 4852 quid
2760 4790 2903 4835 esset
2932 4783 3078 4835 aliud
3113 4796 3274 4848 quam
3306 4781 3360 4833 in
3390 4780 3617 4833 exitium

2054 4875 2421 4927 certissimum
2452 4884 2645 4928 cuneta
2675 4874 2960 4943 projicere,
3002 4888 3064 4926 ac
3095 4872 3218 4924 mali
3251 4872 3510 4925 daemonis
3542 4872 3629 4922 in-

2057 4964 2292 5018 videntis
2344 4965 2503 5018 rebus
2534 4966 2671 5017 bene
2699 4964 3004 5018 consntutis
3054 4963 3289 5015 indolem
3320 4962 3574 5029 praeferre
3608 4961 3631 5013 ?

2057 5053 2200 5108 Idem
2232 5057 2334 5109 hoc
2367 5070 2527 5124 porro
2556 5056 2840 5110 consilium
2887 5070 3046 5123 quam
3101 5055 3239 5108 meis
3269 5053 3491 5121 privatis
3541 5068 3631 5104 ra-

2060 5149 2295 5203 tionibus
2314 5142 2709 5212 status,°lamze,
2746 5147 2937 5201 salutis
2964 5147 3190 5215 capitale
3220 5153 3382 5214 atque
3420 5147 3629 5198 imma-

2056 5244 2199 5294 niter
2246 5241 2499 5295 infestum
2544 5241 2650 5305 sit,
2698 5220 3009 5294 distinctius
3073 5252 3403 5305 exsequerer
3471 5236 3627 5305 longa

2056 5336 2301 5389 oratione
2333 5335 2542 5403 singula
2573 5333 2963 5397 enumerando,
2998 5331 3101 5385 nisi
3164 5340 3329 5384 totam
3364 5330 3628 5384 latissime

2055 5426 2292 5494 patentis
2323 5425 2530 5496 injuriae
2562 5423 2856 5494 perniciem
2885 5424 3033 5477 brevi
3065 5438 3275 5493 possem
3305 5424 3629 5492 compendio

2056 5517 2246 5583 oculis,
2299 5519 2351 5571 in
2403 5532 2509 5572 uno
2538 5517 2701 5571 Veluti
2741 5517 3057 5584 specitnine,
3113 5515 3400 5583 subjicere.
3450 5517 3621 5582 Quem

2056 5612 2198 5663 enim
2232 5612 2481 5665 idoneum
2516 5612 2643 5663 mihi
2677 5609 2865 5663 vadem
2900 5611 3104 5663 dabunt
3134 5610 3419 5677 tranquille
3452 5626 3537 5662 me
3562 5626 3625 5665 ac

2056 5718 2245 5757 secure
2275 5703 2524 5769 deinceps
2554 5702 2845 5757 victurum.
2883 5713 3164 5769 postquam
3203 5702 3491 5771 imperimn
3526 5702 3622 5755 ab-

2057 5796 2309 5849 dicavero
2338 5794 2360 5846 ?
2391 5794 2531 5860 Quid
2564 5800 2691 5847 tunc
2720 5794 2810 5849 liet
2840 5794 3016 5861 uxori,
3053 5795 3180 5864 quid
3211 5796 3342 5849 meis
3376 5795 3571 5848 liberis
3602 5792 3631 5848 ῗ

2057 5902 2191 5956 quos
2222 5885 2407 5955 utique
2436 5884 2721 5955 principali
2753 5884 2995 5954 delapsos
3049 5885 3261 5965 fastigio
3305 5883 3388 5938 illa
3427 5896 3627 5951 exspcv
