3926 6518
293 381 388 446 701

1222 376 1314 454 DE
1361 375 1750 456 Mtcntsts
1792 382 2256 459 PALEOLOGO
2296 399 2448 459 LIB.
2489 392 2585 461 Iv.

3424 383 3533 457 72”

289 499 475 568 ᾕθελον
510 497 603 552 τὸν
650 501 998 595 κρατοῦνται.χ
1026 506 1098 559 Οὐ
1136 507 1240 578 μὴν
1293 509 1348 563 δὲ
1387 510 1520 562 ἀλλὰ
1585 513 1677 566 καὶ
1728 512 1863 566 καθ·
1895 523 1936 580 Α
1967 515 2215 585 ἠγρίαινε
2239 516 2333 570 καὶ
2363 515 2715 586 ἀμεταθέτως
2749 509 2859 583 εἶχε
2895 514 2992 582 τῆς
3033 513 3276 584 γνώμης,
3311 512 3384 574 ὼς
3437 505 3530 564 καὶ

289 589 644 660 υπισχνοῦντο
680 595 838 664 μόνον
866 596 960 651 καὶ
976 589 1138 652 αὑτοῦ
1165 600 1428 670 βασιλέως
1459 605 1850 676 προσπέμψαν-

285 697 370 740 τος
402 683 557 734 αὐτοὶ
591 684 658 737 τὰ
689 687 902 755 μεγάλα
935 689 1318 761 συλλήψεσθαι.

274 793 348 864 β’.
378 795 580 871 ’Ὅπως
611 797 722 849 τῶν
761 799 877 871 τοῦ*
920 802 1234 863 Γαλησίου
1271 803 1491 871 Ἰωσὴφ
1543 805 1694 869 πρὸς
1745 804 1852 857 τὸν

352 865 726 942 πατριάρχῃν
764 868 1143 942 ἀπέστελλεν
1178 875 1210 925 ό
1240 865 1492 941 κρατῶῦ,
1526 865 1713 942 ἔνι-τῶιρ
1738 877 1850 929 λύε

351 950 458 988 σιν
489 937 597 989 τοῦ
627 938 984 1008 ἀφορισμοῦ.

349 1043 416 1118 ξι)
453 1046 576 1121 173]
607 1049 664 1102 Ὀ
695 1050 824 1120 γοῦν
845 1051 1094 1121 βασιλεὺς
1128 1055 1221 1108 καὶ
1255 1055 1447 1118 ἄλλους
1472 1058 1568 1127 μὲν
1603 1059 1724 1112 καθ’
1755 1058 1850 1112 ἕνα

277 1136 568 1202 πλείστους
605 1141 923 1196 ἀπέστειλεν
957 1143 1124 1208 ἀξιῶν
1150 1146 1240 1200 τὸν
1281 1148 1542 1218 ιεράρχην
1597 1150 1758 1203 λῦσαί
1799 1151 1860 1204 οῖ’

269 1229 374 1300 τὴν
409 1231 666 1302 ἀθυμίαν,
700 1235 900 1307 ἑτοίμῳ
936 1235 1071 1302 δντι,
1116 1237 1190 1301 ὡς
1241 1239 1443 1304 ἐκεῖνος
1511 1241 1846 1310 ὑπισχνεῖτο,

273 1321 335 1372 τὸ
384 1323 743 1393 κελευόμενον
795 1327 1132 1397 ἐκπληροῦν
1193 1329 1344 1392 τέλος
1406 1330 1460 1384 δὲ
1502 1331 1715 1384 καὶτὸν
1750 1333 1849 1400 τῆς

269 1412 444 1480 μονῆς
477 1413 572 1466 τοῦ
599 1414 860 1485 Γαλησίου
885 1418 1280 1487 προϊστάμενον
1329 1417 1546 1489 Ἰωσὴφ,
1573 1418 1630 1478 ὃς
1661 1418 1722 1488 δὴ
1757 1419 1849 1471 καὶ

265 1501 540 1573 Γαληςίου
575 1507 948 1578 φανερώτερον
967 1508 1231 1574 ἐκαλεῖτο,
1263 1509 1431 1578 ἄνδρα
1481 1510 1848 1578 πνευματικδν

263 1595 361 1647 καὶ
397 1597 476 1659 εις
517 1597 727 1668 πατέρα
760 1600 1098 1669 τεταγμένον
1122 1600 1198 1670 τῷ
1239 1601 1468 1670 βασιλεῖ,
1504 1603 1848 1655 ἀποστέλλων

260 1689 642 1758 κατηντιϐόλει
665 1691 916 1762 δέχεσθαι
951 1695 1052 1763 τὴν
1086 1693 1382 1764 πρεσϐείαν
1423 1695 1517 1747 καὶ
1571 1712 1849 1762 συγκατα-

258 1779 442 1833 νεύειν
476 1784 542 1853 τῇ
579 1782 822 1847 ἀξιώσει.
862 1784 1002 1836 Ἀλλ’
1036 1788 1063 1838 ὁ
1115 1785 1458 1856 πατριάρχης
1508 1785 1678 1838 πολλὰ
1744 1785 1844 1856 μὲν

1951 609 2060 668 τοῖς
2086 606 2479 680 πρεσϐεύουσιν
2510 607 2859 675 ἐπιπλήττειν
2895 607 2991 660 καὶ
3021 605 3166 674 αὐτῷ
3205 605 3268 674 δὴ
3307 603 3382 673 τῷ
3415 604 3530 656 Ἰω-

1955 697 2062 767 σὴφ
2101 700 2364 767 γενναίως
2391 700 2624 770 ἐπέχειν,
2649 699 2913 769 τολμῶντι
2968 698 3045 762 ὡς
3101 697 3261 767 δῆθεν
3320 697 3386 748 τὰ
3426 696 3528 765 τῆς

1955 789 2218 860 βασιλέως
2249 793 2518 861 ἁναδοχῆς
2555 792 2703 862 παρὰ
2734 792 2830 863 τὴν
2863 792 3070 844 ἐκείνου
3097 790 3330 860 θέλησιν.
3370 790 3528 859 Αἱρεῖ

1950 883 2007 936 δὲ
2052 885 2144 937 καὶ
2164 884 2320 951 λόγος
2362 885 2510 954 παρὰ
2539 885 2750 948 πολλοῖς
2783 885 2856 946 ὡς
2887 885 2981 938 καὶ
3006 885 3383 953 ἐπιτιμήσειεν
3437 881 3523 948 ἐφ’

1950 968 1992 1044 ᾧ
2023 976 2154 1045 μηδὲ
2193 975 2558 1046 πνευματικὸς
2577 978 2883 1047 ἁναδέχοιτο
2907 992 2920 1006 ⁸
2950 977 2977 1030 ὃ
3000 978 3062 1046 δὴ
3084 977 3186 1030 κᾶν
3235 975 3457 1044 γεγονὸς
3488 973 3521 1042 ἢ

1953 1068 2228 1140 ἐφυλάχθη
2279 1068 2310 1140 ἢ
2371 1072 2462 1122 καὶ
2507 1070 2824 1139 παραϐαθὲν
2880 1070 3041 1139 ἐλύθη
3091 1071 3122 1140 ἢ
3191 1069 3280 1122 καὶ
3328 1069 3522 1121 ἄλυτον

1951 1163 2154 1234 ἔμεινε,
2189 1165 2292 1219 κᾶν
2319 1163 2397 1243 μὴ
2424 1167 2644 1247 γεγονὸς
2670 1167 2969 1235 ἐφημίσθη,
3002 1166 3077 1230 ὡς
3111 1167 3204 1219 καὶ
3244 1167 3272 1218 ὁ
3319 1163 3517 1232 Ἰωσὴφ

1953 1257 2391 1327 πατριαρχεύσας
2425 1256 2647 1328 ὕστερον
2675 1257 3108 1328 ἀπολογούμενος
3156 1258 3296 1325 ὑπὲρ
3324 1256 3515 1309 τούτου

1951 1347 2326 1417 διισχυρίζετο,
2359 1348 2505 1417 ὅμως
2541 1347 2706 1411 πολὺς
2737 1348 2984 1400 ἐντεῦθεν
3013 1342 3287 1418 ἀνερράγη
3313 1345 3518 1397 κλύδων

1950 1439 2014 1505 τῇ
2065 1437 2378 1509 Ἐκκλησίᾳ,
2427 1438 2502 1500 ὡς
2552 1439 2766 1506 ἰσχυρὸν
2801 1438 3204 1506 προτεινόντων
3242 1436 3350 1488 τῶν
3396 1435 3525 1504 ’Δρ-ί

1952 1528 2209 1581 σενιατῶν
2271 1531 2391 1582 κατ’
2431 1529 2639 1582 ἐκείνου
2685 1529 2934 1599 ἔγκλημα
2987 1527 3529 1599 πατριαρχεύσαντος

1951 1619 2302 1688 σχιζομένων.

1947 1725 2019 1797 γ’.
2046 1729 2244 1794 Ὅπως
2265 1729 2547 1792 λίϐελλος
2571 1730 2929 1797 γίιτηγιορίας
2949 1727 3096 1781 κατὰ
3119 1726 3530 1796 τοῦπὲιτριάρέ

2367 1817 2478 1866 κου
2506 1798 2682 1864 ἐδόθη
2719 1797 2796 1863 τῷ
2821 1799 3094 1863 βασιλεῖ.

259 1872 415 1940 ’παρὰ
437 1873 548 1926 τῶν
576 1876 875 1946 ἀρχιερέων
907 1875 1048 1947 ὑπὲρ
1079 1876 1173 1929 τοῦ
1203 1855 1468 1946 βασιλέως
1525 1855 1838 1945 ἶκετευόέιε·
1865 1855 1916 1916 Β
2013 1889 2096 1963 [Ρ.
2125 1889 2251 1962 174]
2283 1855 2414 1944 Τότε
2445 1892 2624 1944 τοίνυν
2656 1855 3060 1962 έοηδρψομιῶνος
3091 1893 3382 1962 ἱσταμένου
3418 1891 3515 1944 καὶ

254 1982 366 2033 νος,
393 1966 470 2030 ὡς
500 1968 598 2021 οὐκ
632 1967 778 2032 ἄξιον
811 1968 1072 2037 λεγόντων
1114 1967 1285 2033 οὕτως
1315 1970 1405 2022 ἐπὶ
1459 1972 1711 2023 τοσοῦτον
1760 1968 1837 2038 τῷ

253 2048 524 2128 ἐπὶ-τιμίῳ
555 2059 924 2129 συνισχεσθαι,
965 2062 1134 2114 πολλὰ
1173 2061 1229 2113 δὲ
1258 2061 1350 2114 καὶ
1373 2061 1522 2131 παρά
1555 2060 1648 2113 τοῦ
1672 2078 1835 2114 πνευ-

255 2150 496 2216 ματικοῦ
532 2150 743 2204 ἐκείνου
775 2154 869 2205 καὶ
900 2153 1045 2207 θείου
1071 2153 1263 2224 ἀνδρὸς
1297 2154 1616 2224 ἀξιούμενος
1651 2155 1736 2225 ἐφ’
1791 2147 1836 2222 ᾧ

250 2242 351 2312 τὴν
377 2243 631 2296 παιδείαν
665 2243 841 2308 ἄλλως
861 2247 1170 2320 οἰκονομοὶη
1207 2249 1297 2302 τὸν
1319 2247 1516 2316 δεσμὸν
1542 2247 1709 2309 λύσας
1741 2247 1834 2302 καὶ

219 2318 582 2408 ’προστιμῴη
603 2337 679 2408 τῷ
711 2337 920 2408 βασιλεῖ
952 2340 1059 2393 τῶν
1094 2318 1337 2406 εἰιιότων,
1366 2343 1393 2393 ὁ
1421 2341 1476 2394 δὲ
1508 2342 1600 2394 καὶ¹
1635 2341 1834 2412 μᾶλλον

1082 2451 1120 2488 ο

249 2517 570 2574 velitatione
609 2521 894 2590 auspicato
933 2524 1197 2592 praelium,
1242 2524 1321 2581 illi
1377 2525 1441 2579 ad
1476 2525 1686 2597 singula
1715 2543 1832 2594 quae

249 2609 394 2664 dicta
454 2610 666 2668 fuerant
704 2613 889 2670 dolore
919 2615 1245 2686 signiﬁcato,
1282 2618 1654 2682 declararunt,
1713 2634 1830 2687 qum

247 2719 444 2758 severe
465 2721 526 2759 ac
552 2705 684 2761 dure
720 2708 1030 2777 patriarcha
1061 2726 1187 2782 erga
1212 2710 1596 2780 imperatorem
1618 2721 1827 2782 ageret,

247 2797 358 2851 sibi
390 2798 609 2854 minime
635 2803 854 2869 probari
885 2818 986 2869 ;ac
1016 2815 1299 2873 propterea
1342 2817 1464 2874 post
1492 2806 1656 2859 multa
1690 2805 1830 2859 invi-

246 2902 368 2941 cem
400 2889 593 2945 collata
627 2891 1034 2964 disceptataque
1100 2907 1319 2964 paratos
1362 2911 1421 2950 se
1472 2898 1829 2952 ostenderunt

245 2981 316 3034 ad
351 2982 683 3038 olIerendam
742 2985 984 3054 Augusto
1030 2987 1310 3057 ptenitenti
1367 2990 1828 3046 reconciliationis

242 3074 411 3128 viam.
447 3073 564 3129 Non
598 3085 774 3130 tamen
811 3089 939 3134 tunc
972 3079 1151 3134 adhuc
1186 3083 1415 3136 ulterius
1437 3092 1828 3152 processerunt

242 3182 408 3236 quam
464 3178 520 3224 ut
574 3172 962 3240 promitterent
987 3189 1046 3228 se
1100 3173 1494 3232 intercessuros
1553 3177 1694 3246 apud
1728 3194 1892 3254 pa-C

243 3263 537 3318 triarcham
573 3279 736 3334 quam
769 3265 1148 3325 eflicacissittte
1173 3280 1410 3338 possent,
1442 3274 1734 3328 suadentes
1763 3285 1822 3329 ut

241 3367 343 3421 pro
378 3369 437 3408 se
485 3354 600 3423 ipse
655 3357 721 3410 de
752 3373 890 3414 navo
948 3360 1210 3430 allegaret
1273 3363 1338 3416 ad
1401 3379 1522 3416 cum
1575 3373 1819 3419 oratores

240 3445 538 3516 supplices,
580 3448 778 3518 quibus
813 3452 880 3525 ad
930 3453 1329 3520 impetrandum
1385 3458 1528 3526 quod
1562 3466 1818 3526 rogarent

241 3535 345 3606 ipsi
375 3554 435 3594 se
464 3555 561 3609 pro
595 3540 739 3594 virili
768 3556 1152 3612 cooperaturos
1184 3546 1538 3613 recipiebant.

236 3645 296 3699 2.
333 3644 398 3723 Ut
425 3648 760 3723 prepositum
795 3649 996 3705 Galerii
1021 3651 1308 3720 Josephum
1334 3657 1402 3708 ad
1445 3657 1808 3723 patriai-citam

315 3716 619 3801 allegaverit
663 3720 968 3798 imperator,
1013 3716 1188 3792 petens
1222 3716 1602 3780 absolutionem
1626 3731 1689 3781 ab
1722 3744 1814 3784 ex-

309 3801 802 3846 commnmcattone.

305 3901 476 3973 Igitur
526 3903 824 3973 imperator
856 3923 978 3963 cum
1013 3908 1147 3965 alios
1197 3909 1510 3981 singillatim
1556 3913 1812 3985 allegavit

231 3992 400 4063 256
447 3993 728 4064 plurimos.
765 3997 1088 4068 suppliciter
1127 4015 1293 4058 orans
1349 4003 1718 4072 patriarcham
1751 4017 1810 4062 nt

232 4099 295 4139 se
319 4099 450 4138 cura
497 4085 864 4158 maestitiaque
907 4089 1143 4146 liberare
1185 4093 1520 4162 dignaretur,
1574 4096 1811 4154 offerens

229 4188 291 4227 se
327 4185 573 4244 paratum
601 4177 665 4228 ad
692 4176 906 4246 quidvis
950 4181 1351 4246 exsequendum
1407 4185 1546 4250 quod
1573 4181 1806 4251 juberet.

230 4264 471 4319 Tandem
502 4275 556 4321 et
579 4266 873 4338 .Iosephum
916 4271 982 4324 ad
1014 4271 1067 4325 id
1099 4273 1245 4327 misit
1284 4276 1615 4332 monasterio
1645 4277 1809 4334 Gale-

227 4353 294 4408 sii
331 4357 698 4424 praepositum,
729 4359 960 4413 cmnobii
985 4363 1126 4429 quod
1149 4364 1368 4430 regebat
1399 4366 1613 4420 nomine
1642 4383 1806 4436 quam

227 4459 330 4499 suo
358 4447 527 4515 ipsius
567 4450 722 4516 vulgo
753 4452 1042 4519 notiorem,
1070 4454 1244 4507 virum
1265 4456 1600 4525 spiritualem
1631 4469 1685 4514 et
1709 4461 1802 4527 qui

1937 1983 2045 2036 τῶν
2067 1983 2310 2052 συνήθων
2334 1983 2600 2054 νηστειῶν
2620 1983 2977 2054 τελουμένων,
3008 1985 3199 2054 ἑορτῆς
3227 1984 3510 2052 ἀγομένης

1938 2073 2005 2144 ἢν
2054 2073 2374 2127 Ἀκὰθιστον
2411 2075 2639 2144 σύνηθες
2675 2073 2982 2143 ὀνομάζειν,
3013 2075 3122 2126 τῶν
3153 2090 3234 2136 τις
3266 2074 3357 2126 τοῦ
3385 2075 3516 2143 κλή-

1939 2183 2036 2237 ρου
2064 2169 2120 2218 ἐν
2149 2166 2418 2237 νοταρίοις
2436 2166 2513 2235 τῷ
2543 2166 2856 2237 πατριάρχῃ
2885 2165 3053 2218 τελῶν
3085 2165 3221 2235 μετὰ
3249 2169 3341 2218 τὸν
3366 2167 3513 2232 σφῶν

1937 2258 2319 2329 πριμικήριον,
2379 2259 2438 2312 ὃν
2491 2259 2583 2310 καὶ
2637 2259 2880 2330 Meciqu
2928 2258 3180 2312 εἰώθασιν
3228 2259 3277 2311 οἱ
3327 2257 3513 2312 πολλοὶ

1936 2351 2290 2422 σεμνύνοντες
2313 2350 2515 2419 λέγειν,
2543 2351 2840 2420 τούπίκλην
2885 2349 3305 2420 Ἐψητόπουλος,
3335 2350 3528 2403 λίόελ-·

1933 2534 2180 2596 speratus
2239 2524 2597 2596 eli'eratosque
2667 2526 2836 2596 magis
2866 2534 2950 2581 est
2985 2526 3210 2581 audiens
3265 2527 3368 2581 ista
3419 2537 3513 2597 pa-

1933 2616 2188 2671 triarcha.
2221 2615 2479 2686 Adeoque
2513 2615 2884 2670 inﬂexibiliter
2924 2617 3080 2672 haesit
3109 2618 3163 2671 in
3209 2619 3529 2688 proposilo,'

1931 2713 2182 2767 utetiam
2238 2728 2298 2768 ea
2330 2723 2581 2782 rogantes
2615 2713 2946 2782 obiurgaret,
3010 2724 3062 2769 et
3119 2714 3297 2781 ipsum
3350 2715 3508 2768 lose-

1932 2806 2093 2874 phnm
2130 2805 2328 2858 acriter
2357 2813 2652 2870 coerceret,
2683 2819 2750 2860 eo
2783 2804 2990 2860 scilicet
3027 2807 3245 2860 nomine
3271 2807 3426 2875 quasi
3460 2805 3509 2861 is

1930 2899 2313 2967 imperatorem
2348 2897 2628 2954 absolvere
2676 2913 2842 2952 ausus
2877 2907 3016 2953 esset
3046 2909 3235 2954 contra
3271 2902 3508 2967 patriar-

1928 2989 2044 3043 cha:
2075 2990 2428 3045 voluntatem.
2483 2986 2648 3043 Fama
2693 2997 2841 3043 certe
2877 2989 3144 3044 increbuit
3175 3004 3270 3060 per
3308 2991 3508 3044 multos

1929 3074 2162 3144 vulgata,
2200 3077 2530 3146 prohibitum
2585 3077 2878 3132 interdicto
2921 3075 3158 3146 Josepho
3193 3095 3223 3134 a
3275 3079 3508 3149 patriar-

1926 3166 2027 3221 cha
2065 3167 2231 3224 fuisse
2281 3185 2348 3224 ne
2377 3169 2633 3238 deinceps
2679 3169 2795 3238 ipse
2839 3169 3230 3234 confessiones,
3270 3180 3331 3226 ut
3363 3172 3506 3225 sole-

1926 3260 2039 3330 bat,
2093 3261 2212 3330 ejus
2255 3262 2495 3331 privatas
2544 3263 2824 3332 acciperet
2871 3278 3102 3332 eumque
3159 3264 3499 3319 absolveret.

1920 3353 2075 3421 Quod
2109 3355 2480 3420 interdictum,
2531 3356 2578 3410 si
2600 3372 2725 3411 vere
2759 3356 3009 3427 contigit,
3044 3372 3111 3411 an
3150 3359 3503 3413 observatum

1919 3447 2013 3511 sit,
2078 3463 2148 3501 an
2201 3449 2251 3502 id
2302 3459 2676 3516 transgressus
2734 3447 3002 3519 Jusephus
3061 3448 3507 3520 transgressionis

1917 3540 2077 3596 istius
2108 3540 2265 3594 venia
2300 3540 2583 3610 impetrata
2611 3540 2892 3597 restitutus
2921 3541 2974 3594 in
3004 3541 3274 3610 integrum
3320 3540 3506 3602 fuerit,

1918 3650 1984 3686 an
2033 3643 2307 3702 postremo
2353 3633 2556 3688 crimen
2579 3633 2730 3686 istud
2784 3632 3144 3687 contumaciae
3184 3641 3372 3687 contra
3420 3631 3507 3684 itt-

1918 3725 2205 3779 terdictutn
2249 3736 2300 3779 et
2331 3739 2515 3780 revera
2575 3716 2902 3779 consciverit
2931 3725 3199 3791 .losephus
3254 3731 3308 3778 et
3342 3723 3500 3777 inex-

1913 3814 2122 3885 piatum
2183 3814 2236 3868 id
2289 3815 2666 3880 manserit,in
2721 3815 2898 3869 medio
2945 3815 3268 3884 relinquam.
3328 3813 3497 3868 Fama

1914 3906 2116 3977 quippe
2160 3905 2237 3960 illi
2266 3907 2433 3975 priori
2462 3907 2739 3963 contraria
2771 3921 2960 3976 sparsa
2997 3921 3213 3976 quoque
3271 3915 3377 3969 est,
3410 3920 3502 3960 as-

1914 4012 2104 4054 serens
2146 4013 2419 4068 nunquam
2448 4000 2715 4068 perlatum
2757 4014 2786 4052 a
2843 4001 3160 4068 patriarcha
3193 3998 3296 4052 tale
3330 3998 3502 4052 inter-

1912 4087 2137 4144 dictum.
2191 4089 2257 4143 Et
2289 4092 2389 4146 hac
2443 4091 2759 4146 defensione
2820 4088 3088 4161 Josephus
3151 4091 3290 4160 ipse,
3325 4090 3501 4146 factus

1911 4183 2074 4255 257
2111 4196 2303 4255 postea
2363 4187 2696 4256 patriarcha,
2760 4187 3038 4252 utebatur,
3100 4188 3501 4243 asseveraritis-

1909 4280 2048 4334 sime
2082 4277 2364 4334 al'llrmans
2412 4295 2758 4350 nequaquam
2793 4281 2846 4334 id
2887 4280 2991 4335 sibi
3024 4280 3360 4350 prohibitum
3395 4297 3501 4334 un-

1923 4385 2090 4440 quam
2122 4386 2152 4424 a
2190 4374 2539 4441 patriarcha,
2591 4372 3096 4429 contradicentibus
3149 4372 3502 4428 nihilominus

1921 4469 1977 4515 et
2015 4461 2068 4514 in
2113 4471 2322 4517 asserto
2379 4466 2860 4534 perseverantibus
2903 4467 3223 4520 auctoribus
3263 4465 3499 4534 Oppositi

189 4560 193 4562 ·
227 4537 541 4606 imperatori
573 4543 740 4608 patris
773 4543 892 4597 loco
927 4555 1091 4608 esset,
1119 4547 1320 4616 quippe
1379 4550 1666 4607 audiendis
1695 4553 1816 4620 ejus
1845 4545 1890 4600 Ι)
1922 4555 2181 4620 rumoris,
2239 4558 2329 4626 qui
2360 4557 2412 4612 in
2457 4560 2594 4614 satis
2646 4574 2896 4630 magnam
2935 4559 3062 4616 inde
3123 4559 3497 4614 celebritatem

225 4628 657 4687 confessionibus
683 4633 992 4704 prtel‘eetus.
1027 4635 1182 4693 Hunc
1207 4655 1334 4710 ergo
1364 4656 1460 4711 pro
1491 4658 1551 4698 se
1589 4645 1801 4714 suppli-

223 4734 348 4774 cem
384 4720 638 4792 allegans,
702 4725 991 4781 obsecrare
1038 4729 1408 4801 obtestarique
1451 4735 1814 4803 patriarcham

224 4809 516 4865 instititnti
543 4813 756 4867 tandem
784 4812 1014 4872 inﬂexus
1039 4817 1317 4874 induceret
1348 4822 1402 4876 in
1433 4823 1673 4879 animum
1703 4842 1809 4880 non

222 4901 456 4969 amplius
472 4903 751 4972 aspernari
777 4919 971 4975 preces
992 4923 1140 4965 suas.
1167 4910 1528 4968 Vehementer
1549 4914 1602 4969 id
1630 4916 1806 4986 ipsum

222 4993 294 5048 ab
327 4995 513 5049 eodem
544 4997 783 5064 episcotti
813 5002 1208 5056 contenderunt
1237 5014 1480 5071 orantes,
1516 5023 1810 5078 argumen-

225 5087 296 5140 tis
327 5088 490 5141 etiatn
525 5088 802 5155 adhibitis,
837 5102 892 5144 et
922 5093 1201 5161 indignum
1228 5095 1399 5150 videri
1435 5108 1808 5156 contestantes

222 5177 523 5245 principem
553 5187 701 5232 tanto
726 5188 967 5249 tempore
999 5183 1104 5236 isto
1156 5185 1308 5254 quasi
1372 5189 1642 5256 ergastulo
1701 5191 1805 5247 diri

221 5270 587 5325 anathematis
631 5273 986 5328 constrictum
1040 5277 1296 5333 detineri.
1342 5278 1578 5349 Urgebat
1610 5298 1707 5353 pro
1747 5299 1807 5339 se

222 5374 440 5431 quoque
501 5363 758 5419 ardenter
805 5380 919 5419 rem
973 5369 1218 5421 eamdem
1283 5370 1585 5439 spiritualis
1641 5375 1802 5429 Pater

221 5454 500 5523 Supplicis,
535 5456 645 5524 ille,
687 5473 848 5528 quem
899 5459 1031 5526 disi,
1080 5460 1163 5514 vir
1200 5465 1548 5528 reverendus,
1602 5466 1804 5522 demis-

219 5546 434 5602 sissime
484 5549 780 5618 deprecans
815 5551 1050 5618 suscepti
1096 5551 1181 5606 sui
1209 5553 1428 5608 nomine
1463 5565 1522 5608 ttt
1568 5557 1802 5626 castiga-

220 5631 422 5686 tionem
449 5649 608 5704 qnam
638 5651 848 5706 aequam
877 5639 1176 5708 iudicasset
1214 5643 1616 5710 praescriberet,
1653 5656 1704 5700 et
1733 5662 1798 5702 ea

216 5725 560 5792 perfunctum
588 5729 878 5786 miseratus
906 5732 1267 5788 anathematis
1298 5733 1518 5790 vinculo
1539 5737 1794 5793 solveret.

217 5818 397 5874 Sardo
433 5822 544 5877 inec
568 5825 926 5881 canebantur.
972 5825 1262 5892 Obdurttit,
1297 5829 1430 5897 quin
1459 5829 1622 5886 etiam
1669 5845 1798 5888 csa-

1919 4647 2072 4702 abiit.
2134 4648 2389 4718 Adeoque
2433 4651 2485 4705 id
2543 4667 2706 4704 unum
2767 4661 2820 4706 et
2870 4654 3210 4720 potissimum
3273 4659 3392 4706 erat
3443 4651 3498 4704 in

1916 4737 2260 4803 criminibus,
2304 4755 2423 4809 quae
2453 4742 2737 4796 Arseniani
2762 4742 3111 4812 obiectabant
3137 4741 3394 4812 Josepho,
3431 4742 3515 4796 ab'

1915 4845 1981 4886 eo
2005 4831 2302 4885 schismate
2325 4833 2560 4888 discissi.
3389 4856 3391 4858 ·

1911 4986 1966 5041 5.
2008 4983 2074 5039 Ut
2107 4985 2313 5042 libellus
2331 4991 2680 5070 accusationis
2710 4999 2889 5070 contra
2935 4994 3300 5060 patriarcham
3330 4993 3486 5045 datus

2479 5063 2550 5112 sit
2578 5063 2900 5129 itnpemtort'.

1978 5190 2134 5247 Tunc
2196 5192 2359 5261 igitur
2389 5195 2488 5249 sub
2538 5196 2751 5251 initium
2786 5198 3010 5266 Aprilis,
3063 5196 3322 5253 solemnis
3359 5198 3492 5266 jeju-

1908 5283 1982 5337 nii
2018 5294 2280 5354 tempore.
2304 5289 2429 5341 dum
2459 5289 2659 5343 festum
2686 5298 2942 5360 ageretur
2977 5291 3118 5359 quod
3146 5288 3488 5344 Acatbistum

1905 5375 2070 5445 vulgo
2103 5377 2409 5441 nominant,
2447 5379 2666 5446 quidam
2727 5395 2791 5432 ex
2827 5378 2972 5434 clero
3006 5379 3365 5450 Epsetopulus
3395 5395 3490 5435 co-

1904 5475 2219 5530 gnomento,
2251 5464 2304 5518 in
2339 5466 2528 5520 ordine
2560 5467 2900 5522 notariorum
2944 5472 3271 5538 patriarcha:
3304 5472 3485 5527 inser-

1905 5554 2078 5620 viens,
2113 5567 2236 5625 post
2287 5558 2525 5626 ipsorum
2593 5559 2991 5627 printicerium,
3061 5578 3220 5632 quem
3255 5561 3494 5620 Mesiten‘

1903 5649 2016 5702 sive
2044 5651 2395 5706 tnediatorem
2432 5652 2675 5722 plerique
2705 5655 2884 5735 solent
2920 5658 3102 5726 amplo
3135 5659 3351 5713 nomine
3386 5675 3487 5712 vo-

1903 5757 2052 5808 care,
2091 5743 2325 5798 libellum
2354 5761 2382 5798 a
2405 5761 2465 5800 se
2492 5747 2758 5814 digestum
2785 5751 3228 5807 accusationibus
3260 5753 3490 5821 plenum'

1900 5844 2092 5903 sponte
2130 5835 2438 5905 imperatori
2479 5839 2717 5907 tradidit,
2773 5851 2933 5897 net-tu
2968 5853 3088 5914 post
3127 5844 3283 5900 linem
3323 5847 3492 5920 ltynt:
