3926 6528
514 421 627 495 703
1163 375 1231 435 θλ

1743 428 2063 494 GEORGII
2100 428 2106 491 ἶ

2212 426 2582 496 ZHYMER/E
3287 380 3307 401 ’Δ
3651 434 3738 495 τοι

509 546 604 598 λον
626 539 1098 611 κατηγορημάτων
1117 540 1300 613 πλήρη
1335 542 1660 614 συνθέμενος
1682 544 1905 616 ἀσμένῳ
1923 547 2097 616 ἔγχει-
2127 550 2175 607 Δ
2204 548 2300 601 σὺν
2354 551 2463 613 τοῖς
2504 546 2809 620 σατράπαις
2864 544 3029 599 αὐτοῦ
3065 543 3206 598 κατά
3260 544 3319 596 τὸ
3372 543 3609 615 ὀρθρινδν
3657 548 3741 616 τῆς

516 633 655 704 ρίζει
689 631 764 702 τῷ
812 631 1044 704 βασιλεῖ.
1087 635 1281 697 νυκτὸς
1330 636 1450 689 τότε
1484 633 1651 708 οὔσης
1685 638 1822 708 μετά
1868 638 1968 708 τὴν
1999 638 2097 707 τῆς

515 725 787 795 ὑμνῳδίαις
823 724 1192 796 ἐκπλήρωσιν.
1236 726 1296 779 '0
1327 726 1382 780 δὲ
1423 728 1548 793 τοὺς
1597 730 2007 799 παρατυχόντας
2035 729 2098 783 ἐκ

511 817 620 869 τῶν
659 817 750 870 τοῦ
789 816 992 887 κλήρου
1020 819 1357 888 συγκαλέσας
1393 822 1507 892 ἆμα
1554 821 1739 891 ἠρώτα
1773 825 1821 875 εἰ
1860 823 1952 876 καὶ
1993 822 2096 877 αὑ-

510 911 594 961 τοὶ
631 910 900 962 συνοίδασι
927 910 1004 979 τῷ
1047 910 1425 982 Ἒῲητοτούλῳ
1451 914 1516 967 τά
1551 913 1597 966 οί
1628 913 1962 983 πραχθέντα.
2006 915 2095 977 Ὠς

511 998 556 1051 δ’
590 1000 689 1052 οὐκ
746 994 811 1071 ἦ]
847 1000 1180 1055 κατανεῦσαι
1231 1002 1525 1065 ἀκούοντας
1568 1003 1703 1072 πλὴν
1761 999 1880 1065 eis;
1935 998 1967 1073 ἢ
2005 1004 2098 1056 καὶ

510 1090 790 1162 δευτέρου,
824 1093 952 1161 περί
992 1109 1051 1145 τε
1086 1088 1194 1146 τῶν
1223 1094 1531 1163 κεφαλαίων
1563 1090 1966 1152 διεπυνθάνετο.
2000 1094 2096 1147 καὶ

512 1181 705 1243 ὁποίας
732 1184 815 1252 εἴη
847 1186 943 1252 τῆς
979 1176 1298 1253 ὑπολήψεως
1322 1186 1349 1236 6
1375 1185 1464 1238 τὸν
1487 1184 1726 1238 λίϐελλον
1757 1184 2093 1256 ἐγχειρίσας.

530 1269 620 1335 Ὦς
650 1271 694 1323 δ’
745 1272 1091 1345 ἐμαρτύρουν
1129 1276 1227 1347 μὲν
1259 1276 1334 1344 τῷ
1382 1276 1573 1329 διδέντι
1602 1278 1669 1329 τὰ
1709 1277 1922 1349 μέτρια,
1970 1278 2098 1347 περὶ

515 1361 570 1415 δὲ
618 1362 728 1415 τῶν
784 1358 1091 1431 κεφαλαίων
1139 1367 1520 1434 ἀπελογοῦντο,
1580 1369 1824 1439 ἀνάγκην
1873 1369 1963 1421 τὶν
2017 1370 2097 1431 εἰς

517 1447 795 1518 τοιούτους
826 1457 1042 1524 ἀγῶνας
1074 1458 1486 1525 ἀποδυσάμενον
1518 1463 1605 1511 καῖ
1637 1461 1761 1523 τοὺς
1789 1460 2097 1524 συνειδότας

517 1542 660 1613 ἔχειν
697 1543 724 1594 6
754 1544 1005 1613 βασιλεὺς
1042 1544 1201 1610 εὐθὺς
1232 1548 1459 1618 οἰηθεὶς,
1492 1546 1588 1600 καὶ
1620 1550 1698 1610 είς
1733 1551 1920 1618 χεῖρας
1951 1548 2096 1617 ἔχειν

519 1636 609 1686 τὸν
641 1637 851 1701 λέοντα,
884 1639 1054 1709 ἀπρὶξ
1079 1640 1254 1709 εἴχετο
1279 1641 1388 1693 τῶν
1417 1642 1761 1711 γραμμάτιον
1790 1644 1881 1695 καὶ
1904 1642 2099 1714 καιρὸν

519 1726 689 1779 ἐτίθει
723 1730 820 1798 τῆς
855 1732 982 1802 περὶ
1025 1731 1230 1785 τούτων
1266 1732 1529 1803 σκέψεως.
1566 1728 1661 1797 Οἷς
1692 1733 1747 1787 δὲ
1784 1734 2099 1803 κεφαλαίοις

520 1818 549 1891 6
580 1818 817 1887 λίδελλος
855 1819 1265 1895 συγκεκρύτητο
1286 1865 1302 1892 ,
1334 1826 1447 1880 τάδ’
1473 1819 1636 1899 ἦσαν,
1668 1827 1743 1891 ὡς
1772 1828 1946 1882 εἰπεῖν
1976 1828 2096 1882 καθ’

522 1909 780 1968 ἕκαστον
813 1917 1031 1987 πρῶτον
1062 1919 1122 1973 τδ
1159 1921 1216 1973 ὲν
1241 1922 1380 1992 ἀρχῇ
1412 1923 1509 1991 τῆς
1544 1923 1797 1995 ὀρθρινῆς
1826 1926 2097 1996 ὐμνῳδίας

522 2004 614 2057 τὶν
650 2005 791 2077 ὑπὲρ
827 2007 917 2060 τοῦ
947 2005 1215 2078 βασιλέως
1243 2011 1457 2081 ψαλμὸν
1482 2015 1731 2085 ἐγκόψαι,
1760 2018 1906 2088 μόνῳ
1940 2019 1996 2072 δὲ
2026 2018 2104 2090 τῷ

492 2099 792 2170 -ςρισαγῐῳ
822 2101 914 2152 καὶ¹
940 2101 1017 2170 τῷ
1045 2101 1131 2154 ἐπ’
1157 2103 1306 2173 αὖτῷ
1332 2105 1662 2178 μνημοσύνῳ
1689 2108 1943 2163 κελεῦσαι
1973 2129 2107 2182 προ-

524 2186 871 2254 οιμιάζεσθαι
898 2208 911 2222 ·
937 2185 1185 2263 δεύτερον
1210 2195 1269 2248 τὸ
1302 2199 1664 2268 προσκεῖσθαι
1686 2204 1794 2265 τοῖς
1820 2200 1911 2255 τοῦ
1940 2198 2103 2256 Σουλ-

523 2279 625 2333 τάν
658 2276 924 2350 εὐμενῶς,
963 2282 1037 2345 ὡς
1087 2281 1179 2336 καί
1212 2302 1336 2354 σφιν
1380 2290 1592 2356 ἐφεῖναι
1625 2286 1701 2361 τῷ
1751 2293 1964 2364 λουτρῷ
2007 2295 2105 2365 τῆς

523 2369 822 2441 ἐκκλησίας
855 2380 1113 2446 συχνάκις
1146 2379 1477 2445 ἑλλούεσθαι,
1514 2383 1713 2452 τιμίων
1740 2385 2104 2456 χαρακτήρων

532 2465 766 2532 σταυροῦ
819 2468 997 2522 ἐκεῖσε
1044 2472 1156 2534 τοῖς
1205 2474 1517 2545 μαρμάροις
1565 2476 2102 2547 ἑγκεχαραγμένων,

541 2552 864 2627 Ἀγαρηνοῖς
909 2559 1027 2614 οὖσι
1061 2563 1154 2616 καὶ
1197 2565 1465 2635 ἀμυήτοις
1493 2581 1508 2596 ο
1538 2568 1720 2635 τρίτον
1760 2567 1836 2632 ὡς
1865 2570 1959 2622 καὶ
1995 2573 2106 2632 τοῖς

530 2642 704 2729 u’léatv
729 2647 940 2733 é’xsivou
964 2649 1039 2720 τῷ
1070 2652 1186 2723 ἰδίῳ
1216 2655 1434 2724 μοναχῷ
1465 2654 1799 2725 μεταδιδόναι
1821 2658 1928 2711 τῶν
1950 2659 2108 2728 ἁγια-

531 2734 756 2802 σμάτων
795 2738 1124 2809 κελεύσειεν,
1185 2743 1377 2815 ἄδηλον
1407 2740 1464 2797 δν
1504 2747 1551 2798 εί
1596 2745 1672 2815 τῷ
1719 2744 1849 2817 θείῳ
1898 2747 2107 2818 λουτρῷ

524 2826 908 2897 ὲτελὲςθησαν,
946 2834 1041 2886 καὶ
1066 2835 1125 2887 τὸ
1151 2837 1243 2889 ἐπὶ
1278 2836 1504 2901 τούτοις,
1529 2836 1603 2901 ὡς
1624 2839 1653 2890 6
1682 2838 1841 2902 αὐτὸς
1873 2836 2107 2893 Σουλτάν

525 3010 720 3065 ιιοιίῖαξ.
759 3009 1063 3082 imperator
1110 3017 1424 3071 com'oCaIis
1474 3018 1566 3087 qui
1620 3017 1759 3073 forte
1806 3032 2104 3089 prmsentes

525 3101 815 3155 adfuerunt
840 3118 868 3156 e
901 3105 1069 3167 clero,
1107 3106 1265 3159 simul
1292 3122 1483 3162 omnes
1518 3109 1861 3179 iuterogahat
1893 3111 2091 3180 ecquid

526 3206 798 3249 censettsu
856 3204 909 3249 et
942 3196 1275 3250 cuuscientia
1336 3200 1576 3269 ipsorum
1634 3197 1996 3271 Epsetopulus
2051 3201 2179 3284 ἰός

527 3287 748 3355 egisset.
806 3287 942 3343 Cum
991 3302 1173 3345 autem
1221 3307 1380 3345 nemo
1431 3303 1694 3348 annueret
1764 3294 2104 3349 audientium

527 3389 729 3447 printer
764 3396 929 3434 unum
963 3391 1057 3435 aut
1112 3378 1367 3448 alterum,
1413 3382 1477 3438 de
1510 3384 1759 3455 capitulis
1814 3393 2103 3456 perconta-

528 3472 712 3535 batur,
768 3470 1041 3545 simulque
1084 3474 1244 3547 cujus
1276 3487 1423 3532 esset
1458 3474 1882 3535 existimationis
1923 3481 2013 3548 qui
2039 3479 2107 3534 li-

527 3563 729 3619 bellum
790 3566 1089 3641 obtulerat.
1122 3570 1201 3622 Ad
1234 3584 1295 3624 ea
1327 3569 1541 3625 clericis
1572 3571 1750 3626 datori
1786 3573 2004 3643 quidem
2039 3572 2108 3626 Ii-

526 3656 654 3712 belli
708 3660 978 3715 mediocre
1025 3663 1391 3717 testimonium
1436 3662 1835 3733 reddentibus,
1876 3666 2106 3722 crimina

529 3762 659 3803 vero
691 3752 1105 3817 excusantibus,
1130 3753 1383 3824 opinatus
1414 3754 1598 3810 statim
1635 3755 1751 3811 ﬁeri
1784 3772 1890 3812 non
1946 3772 2108 3827 posse

529 3842 660 3912 quin
711 3843 933 3897 haberet
975 3845 1226 3902 conscios
1266 3847 1360 3916 qui
1412 3857 1620 3902 tantum
1646 3863 1703 3903 se
1748 3848 1799 3903 in
1829 3858 2107 3905 certamen

529 3938 682 3992 daret
712 3937 908 4007 cupide
941 3939 1203 4009 scriptum
1243 3941 1482 3995 oblatum
1516 3942 1713 4004 tenuit.
1762 3942 2105 3997 occasionem

529 4028 659 4084 inde
691 4030 797 4084 sibi
828 4031 1169 4086 nasciturum
1196 4046 1472 4104 augurans
1496 4032 1697 4100 leonis,
1719 4035 1875 4104 cujus
1906 4041 2108 4089 tantam

526 4122 873 4191 experiretur
910 4123 1204 4191 saevitiam,
1252 4124 1309 4179 in
1363 4135 1631 4196 potestate
1668 4126 1922 4182 habendi.
1985 4125 2108 4182 Mox

530 4215 674 4269 diem
703 4215 1038 4291 praescripsit
1070 4218 1330 4272 examini.
1366 4217 1613 4289 Capitula
1642 4218 1822 4277 libello
1862 4235 2113 4292 compre-

528 4299 704 4362 benra
737 4308 852 4363 haec
889 4307 1060 4366 ferme
1079 4320 1261 4377 erant,
1303 4312 1562 4383 primum,
1603 4329 1668 4370 ex
1700 4315 1970 4386 principio
2004 4330 2116 4369 mav

536 4401 731 4456 tutinte
765 4400 932 4474 258
987 4404 1297 4476 hymnodia‘.
1340 4406 1603 4476 psalmum
1657 4423 1757 4479 pro
1782 4409 2115 4480 imperatore

534 4494 769 4550 recisum
808 4513 836 4549 a
863 4496 1202 4565 patriarcha,
1228 4497 1455 4568 iubente
1475 4500 1590 4556 solo
1607 4499 1855 4572 Trisagio
1873 4509 1928 4556 et
1952 4514 2116 4571 super

530 4599 601 4640 eo
642 4588 1165 4645 commemoratione
1207 4591 1530 4659 prooemium
1610 4592 1842 4649 absolvi.
1905 4595 2112 4648 Secun-
2145 4573 2190 4629 Ῑ)

535 4675 688 4741 dum,
716 4674 942 4731 nimium
976 4690 1034 4732 se
1080 4692 1402 4749 propensum
1434 4692 1488 4736 et
1519 4680 1843 4737 familiarem
1893 4680 2111 4735 Sultaui

534 4768 855 4837 prmbuisse,
889 4770 1023 4826 adeo
1050 4779 1107 4826 ut
1133 4771 1183 4826 ei
1215 4781 1270 4827 et
1303 4774 1598 4830 comitibus
1659 4774 1976 4845 permiserit
2007 4789 2114 4829 sae-

536 4861 661 4931 pius
691 4862 861 4916 lavari
894 4863 948 4917 in
981 4864 1199 4919 lavacro
1241 4866 1507 4933 ecclesiae,
1549 4867 1642 4922 ubi
1677 4879 1805 4922 sunt
1830 4869 1988 4939 signa
2018 4883 2115 4924 ve-

536 4954 794 5010 neranda:
849 4955 1028 5012 crucis
1080 4958 1443 5014 marmoribus
1489 4960 1781 5030 insculpta,
1836 4976 1963 5016 cum
2021 4959 2116 5017 isti

535 5057 722 5103 essent
773 5049 1005 5119 Agareni
1040 5060 1093 5105 et
1126 5050 1335 5107 Christi
1397 5054 1781 5125 mysteriorum
1838 5061 2113 5123 expertes.

536 5139 805 5209 Tertium,
859 5145 1002 5214 quod
1045 5143 1173 5200 filiis
1199 5143 1320 5215 ejus
1367 5146 1768 5200 communicari
1828 5161 1925 5216 per
1957 5160 2112 5201 suum

534 5237 864 5291 monachum
920 5252 1105 5293 sacras
1135 5236 1491 5293 Eucharistia:
1543 5238 1799 5309 reliquias
1838 5238 2116 5309 jussisset,

536 5342 661 5383 cum
695 5342 803 5381 non
842 5337 1119 5381 constaret
1144 5342 1215 5381 an
1244 5341 1404 5381 sacro
1434 5328 1705 5398 baptismo
1729 5328 1931 5382 initiati
1976 5328 2118 5381 {uiso

535 5426 679 5476 sent.
723 5415 1100 5488 Praetereaque
1148 5418 1262 5488 ipse
1297 5419 1473 5474 sultan
1511 5436 1633 5475 cum
1695 5420 1813 5476 suis
1877 5420 2120 5491 satrasz

538 5529 635 5584 per
687 5514 1019 5568 matutinum
1071 5513 1401 5583 sptendidzel
1443 5527 1763 5584 magnaeque
1822 5512 2119 5567 Dominica:

541 5605 871 5678 patriarcha:
918 5604 1135 5660 litanias
1200 5604 1498 5661 celebranti
1552 5602 1814 5659 adfuisset
1870 5614 1925 5659 et
1956 5603 2120 5660 simul

540 5695 766 5753 iitanias
796 5697 1101 5754 recitasset.
1134 5696 1259 5752 Haec
1287 5704 1342 5751 et
1378 5695 1432 5750 id
1464 5709 1636 5766 genus
1665 5694 1768 5749 alia
1800 5694 1978 5751 libello
2004 5696 2121 5753 iue-

534 5796 696 5846 rant.
730 5788 901 5844 Porro
919 5788 1249 5860 patriarcha:
1272 5787 1415 5843 haud
1464 5797 1851 5857 usquequaque
1875 5786 2119 5856 ignotum

525 5893 659 5940 erat
690 5883 816 5955 quid
851 5892 1134 5957 gereretur
1184 5900 1199 5939 :
1245 5891 1424 5941 tamen
1458 5881 1503 5937 is
1536 5887 1707 5937 totum
1745 5876 1854 5936 Deo
1896 5880 2122 5949 pennit-

2200 634 2461 708 λαμπρᾶς
2488 640 2583 691 καὶ
2610 637 2850 708 μεγάλης
2873 628 3160 707 Κυριακῆς
3187 635 3264 707 τῷ
3289 636 3593 707 πατριάρχῃ
3610 637 3743 690 λιτα-

2199 730 2408 783 νεύοντι
2449 729 2693 783 συνέλθοι
2725 747 2785 783 τε
2824 730 2919 782 καὶ
2970 729 3422 782 συλλιτανεύσειε.
3464 729 3624 783 Καὶά
3660 732 3745 801 μὲν

2200 813 2277 888 τῷ
2307 817 2536 887 λιδὲλλῳ
2568 818 2902 889 διειλήφατο,
2936 818 3109 872 ταῦτὰ
3132 835 3192 872 τε
3223 818 3317 871 καὶ
3346 816 3545 872 τοιαῦθ’
3571 819 3743 890 ἕτεραο

2198 908 2276 978 τῷ
2309 906 2490 978 μέντοι
2540 926 2604 977 γε
2641 909 2954 982 πατριάρχῃ
3004 909 3065 962 τδ
3117 909 3373 977 παράπαν
3418 909 3624 975 ἀγνοεῖν
3662 912 3747 965 οὐκ

2198 994 2288 1070 ἦν,
2321 998 2469 1067 ὅμως
2498 998 2553 1051 δὲ
2587 998 2705 1069 Θεῷ
2734 1000 2794 1052 τὸ
2826 1002 2935 1052 πᾶν
2964 996 3277 1069 ἐπιτρέπων
3305 997 3594 1068 ἡσύχαζεν.
3629 999 3681 1052 '0
3701 1002 3748 1053 δέ

2200 1109 2261 1159 γε
2289 1091 2543 1161 βασιλεὺς
2569 1092 2676 1145 τῶν
2699 1091 3044 1162 γραμμάτων
3070 1088 3215 1156 ἅπαξ
3236 1088 3625 1161 ἐπειλημμένος
3641 1091 3750 1157 τοὺς

2201 1180 2601 1254 ἐπιδημοῦντας
2631 1184 2717 1257 [Ρ.
2754 1184 2877 1257 175]
2909 1187 2976 1254 τῇ
3011 1180 3419 1237 Κωνσταντίνου
3458 1180 3561 1234 τῶν
3590 1182 3750 1252 ἀρχιε-

2202 1270 2341 1347 ρέων
2371 1273 2690 1346 ὲπισυνῆγε,
2726 1281 2822 1331 καὶ
2865 1270 2929 1347 δὴ
2970 1268 3255 1345 προῦτεινε
3294 1271 3392 1343 μὲν
3438 1272 3653 1336 ἐκείνοις
3682 1275 3751 1338 είς

2199 1366 2398 1436 γνῶσιν
2423 1367 2489 1421 τὰ
2519 1370 2711 1438 γραμμ
2724 1386 2847 1435 ατα,
2875 1366 3150 1421 ἐκοινοῦτο
3178 1365 3235 1419 δὲ
3281 1364 3432 1434 σφίσι
3463 1361 3558 1435 τὴν
3588 1365 3751 1434 σκέψιν

2199 1458 2348 1522 ὅπως
2384 1459 2583 1530 ποιοίη.
2612 1461 2686 1514 Ού
2718 1461 2825 1532 γὰρ
2848 1454 2916 1532 ἦν
2941 1457 3272 1529 ὑπερθέσθαι
3313 1458 3547 1529 πρᾶγμα
3587 1456 3752 1511 δοκοῦν

2201 1550 2609 1623 συμὸἀλλεσθαι
2656 1550 2734 1622 τῷ
2765 1550 2975 1621 σκοπῷ,
3008 1546 3111 1604 κᾶν
3157 1548 3257 1601 οὐκ
3306 1547 3483 1601 ἐδόκει
3526 1544 3754 1617 ἀποχρῶν

2200 1644 2335 1714 πρὸς
2361 1643 2422 1697 τὸ
2441 1644 2533 1697 τὸν
2562 1643 2905 1716 πατριάρχην
2926 1636 3244 1709 δεδίξεσθαι.
3286 1637 3529 1699 Ἐκεῖνος
3554 1639 3652 1707 γὰρ
3677 1638 3755 1691 καὶ

2203 1734 2278 1806 μὴ
2310 1734 2447 1805 πρὸς
2491 1730 2787 1803 ἀπολογίαν
2837 1733 2920 1787 ἔτι
2963 1727 3300 1802 καλούμενος
3351 1728 3679 1798 ἀπελογεῖτο,
3704 1731 3755 1783 τὸ

2204 1825 2303 1898 μιν
2325 1827 2419 1880 τοῦ
2445 1825 2686 1898 ψαλμοῦ,
2712 1827 2788 1892 ὡς
2814 1826 2977 1890 αὐτὸς
2997 1824 3085 1896 ιίη
3114 1826 3143 1878 6
3169 1819 3340 1888 τάξας
3364 1820 3526 1875 τοῦτο
3550 1820 3608 1875 τδ
3631 1819 3759 1892 πρῶ-

2209 1934 2317 1982 τον,
2349 1915 2423 1981 ὡς
2453 1919 2564 1982 τοῖς
2593 1918 2847 1988 μοναχοῖς
2881 1915 3111 1987 σύνηθες
3153 1912 3235 1981 ὃν,
3277 1914 3378 1969 κάν
3421 1912 3488 1987 τῇ
3522 1914 3756 1986 ὲκκλησίᾳ

2207 2010 2499 2076 τελεῖσθαι,
2541 2009 2633 2064 καὶ
2668 2007 2833 2069 αὐτὸς
2886 2006 3105 2080 ἀθετοίη
3153 2003 3313 2062 πάλιν
3356 2007 3436 2071 ὡς
3484 2005 3759 2078 αὐτάρκως

2206 2096 2489 2163 δοκοῦντος
2513 2098 2606 2152 τοῦ
2638 2098 2921 2171 τρισαγίου
2959 2099 3057 2152 σὺν
3100 2091 3179 2169 τῷ
3221 2095 3552 2168 μνημοσύνῳ
3580 2098 3654 2160 είς
3682 2098 3732 2149 εὖ

2206 2194 2308 2263 χῆς
2338 2185 2684 2261 ἐκπλήρωσιν
2708 2206 2723 2221 ·
2758 2192 2852 2243 καὶ
2878 2186 3103 2253 δικαίως
3133 2186 3198 2243 ἂν
3232 2187 3694 2259 ἀπολογησόμενος
3717 2190 3755 2241 εί

2208 2284 2304 2339 καὶ
2332 2285 2491 2339 τοῦτο
2530 2280 2712 2357 τελοίη
2743 2285 2885 2339 οὕτω
2938 2285 3032 2339 τοῦ
3089 2283 3355 2352 βασιλέως
3405 2283 3633 2354 ἔχοντος,
3661 2283 3755 2346 πιῖις

2209 2376 2275 2432 ἂν
2311 2377 2535 2442 δικαίως
2579 2374 2863 2447 ἐγκαλοῖτο
2908 2377 3179 2447 καθυφεὶς
3227 2376 3321 2430 τοῦ
3363 2375 3598 2440 παντόςς
3635 2373 3757 2426 τδδὶ

2205 2469 2330 2533 τοὺς
2367 2469 2461 2523 τοῦ
2502 2468 2736 2523 Σουλτάν
2767 2446 2960 2538 satis
2982 2446 3192 2539 λουτρῷ
3217 2465 3475 2520 λούεσθαι
3499 2464 3652 2519 αὐτὸν
3677 2462 3756 2534 μιν

2211 2560 2338 2631 μήτ’
2371 2561 2568 2613 ειδέναι
2604 2561 2740 2631 μήτε
2785 2559 3050 2614 κελεύειν.
3084 2578 3103 2611 ι
3144 2559 3293 2620 Τέως
3345 2555 3564 2618 δικαίως
3594 2553 3653 2608 ἂν
3687 2556 3758 2606 ἑκ·

2208 2653 2470 2707 κλείοιντο
2500 2652 2719 2705 πάντων
2750 2652 2946 2706 ἐκεῖνοι
2985 2651 3094 2705 τῶν
3127 2649 3388 2723 λοετρῶν,
3427 2648 3525 2718 οὐχ
3561 2640 3754 2718 ἦττονῆ

2207 2744 2301 2797 τοῦ
2334 2743 2431 2814 τῆς
2466 2742 2783 2812 ἐκκλησίας,
2811 2741 2887 2805 ὡς
2914 2741 3020 2795 τῶν
3059 2741 3234 2795 ἀλλων
3263 2738 3403 2810 πρὸς
3429 2739 3540 2800 τοῖς
3577 2737 3758 2806 χαρὰγο

2212 2851 2344 2907 μασι
2374 2837 2465 2887 τοῦ
2501 2833 2738 2903 σταυροῦ
2774 2832 2870 2886 καὶ
2910 2832 3134 2887 εἰκόνων
3162 2827 3562 2901 εὖμοιρούντων
3594 2826 3755 2895 ἁγίων.

2210 3022 2330 3070 teus
2354 3013 2691 3085 quiescebat.
2727 3013 2797 3067 At
2827 3013 3122 3083 imperator
3153 3010 3393 3064 adtttissa
3449 3005 3611 3063 semel
3635 3004 3757 3060 dela-

2211 3107 2359 3162 tione
2393 3106 2723 3175 scriptisque
2776 3102 3136 3159 accusatoriis
3185 3100 3448 3170 receptis,
3484 3111 3753 3166 congrega-

2211 3200 2290 3254 vit
2312 3200 2593 3270 episcopos
2624 3198 2851 3252 aliarum
2924 3196 3140 3250 urbium
3174 3194 3265 3263 qui
3318 3203 3447 3246 tunc
3478 3188 3757 3247 Constanti-

2210 3292 2394 3362 nopoli
2426 3302 2553 3347 sunt
2595 3291 2818 3361 reperti,
2846 3289 3034 3360 eisque
3063 3289 3129 3341 ad
3170 3285 3421 3340 notit’am
3456 3283 3648 3352 scripta
3673 3279 3755 3334 sibi

2210 3386 2402 3441 tradita
2437 3386 2680 3457 protulit,
2717 3394 2769 3439 et
2793 3396 2847 3439 ut
2877 3381 3238 3438 communiter
3263 3396 3448 3435 secum
3476 3377 3758 3433 considera-

2208 3487 2331 3535 rent
2362 3479 2489 3549 quid
2523 3478 2626 3533 sibi
2674 3486 2818 3532 esset
2869 3475 3184 3531 faciendum
3226 3473 3404 3545 petiit.
3456 3470 3568 3526 Non
3631 3467 3751 3522 enim

2210 3582 2327 3627 erat
2355 3587 2456 3629 cur
2490 3569 2803 3625 diﬂ‘erretur
2836 3567 3107 3638 negotium
3138 3582 3246 3634 quo
3275 3563 3483 3620 dudum
3515 3556 3758 3628 aspirabat

2210 3666 2351 3721 viam
2386 3664 2651 3735 pandens,
2685 3662 2787 3717 etsi
2825 3675 2932 3715 non
2960 3659 3251 3715 videbatur
3275 3655 3559 3712 sufﬁciens
3591 3652 3651 3705 ad
3669 3659 3757 3704 ter-

2216 3759 2440 3814 rendutu
2482 3757 2874 3828 patriarcham.
2922 3750 3019 3808 Ille
3071 3753 3291 3821 quippe,
3326 3759 3599 3817 utcunque
3646 3760 3756 3799 uou-

2214 3851 2342 3907 dum
2373 3849 2571 3905 citatus
2609 3846 2676 3903 ad
2723 3862 2820 3916 pro
2850 3860 2910 3901 se
2936 3844 3249 3902 dicendum.
3296 3836 3754 3911 respondebatob-

2209 3944 2393 4015 jectis,
2438 3942 2502 3997 ad
2532 3941 2765 4013 primum
2794 3938 3013 4009 quidem
3055 3937 3121 3991 de
3176 3936 3411 4008 psalmo,
3442 3936 3589 3990 aiens
3614 3942 3759 3986 scau-

2213 4045 2422 4093 ctorem
2451 4032 2619 4088 fuisse
2646 4030 2799 4087 istius
2844 4029 3038 4102 psalmi
3093 4029 3191 4083 tali
3231 4037 3477 4097 tempore
3517 4019 3756 4083 cantandi,

2213 4137 2421 4186 etcum
2456 4135 2614 4181 antea
2646 4125 2773 4179 solis
2830 4140 2858 4177 a
2901 4122 3186 4177 monachis
3234 4121 3287 4175 id
3319 4120 3438 4175 ﬁeri
3480 4113 3758 4174 consueris-

2213 4234 2319 4287 set,
2361 4218 2595 4293 primum
2628 4231 2689 4272 se
2719 4215 2772 4272 in
2804 4214 3061 4270 Ecclesiae
3099 4230 3253 4267 ustnn
3281 4212 3577 4265 induxisse.
3622 4204 3756 4276 259

2225 4313 2428 4370 Verum
2461 4309 2711 4366 eumdem
2770 4323 2829 4363 se
2862 4307 2913 4364 id
2948 4314 3134 4378 postea
3168 4305 3505 4375 improbasse
3549 4315 3759 4355 rC\'0ta\"

2216 4421 2406 4479 seque,
2457 4406 2600 4475 quod
2650 4399 2899 4459 sufﬁcere
2963 4401 3243 4455 videretur
3299 4395 3605 4466 Trisagium
3661 4404 3756 4445 eum

2219 4495 2735 4555 commemoratione
2776 4493 2843 4549 ad
2900 4492 3168 4549 orationis
3202 4490 3580 4561 expletionem.
3639 4483 3758 4537 Pra-

2222 4599 2369 4648 terea
2402 4589 2447 4645 si
2476 4586 2580 4643 alia
2615 4587 2742 4643 facti
2773 4586 2932 4657 hujus
2961 4584 3215 4640 defensio
3248 4583 3484 4646 deesset,
3513 4580 3595 4634 illa
3625 4591 3675 4630 se
3700 4571 3758 4625 uti

2217 4687 2364 4758 justa
2392 4682 2631 4752 potuisse
2654 4695 2820 4753 quam
2857 4686 3174 4749 suggereret
3206 4691 3451 4748 prassens
3497 4681 3657 4727 status
3679 4666 3759 4721 im-

2222 4774 2492 4846 peratoris
2530 4788 2545 4839 ;
2582 4770 2677 4841 qui
2713 4769 2969 4841 quo'jure
2999 4768 3149 4839 queri
3193 4777 3378 4837 posset
3430 4764 3688 4819 exclusum
3713 4771 3759 4809 se

2224 4866 2487 4937 particula
2522 4865 2753 4935 quadam
2814 4862 3307 4918 ecclesiasticarum
3354 4872 3591 4929 precum,
3635 4857 3757 4923 post-

2225 4974 2387 5030 quam
2430 4959 2698 5030 patienter
2727 4966 2780 5011 et
2813 4956 3050 5011 demisse
3086 4953 3451 5022 acquievisset
3488 4958 3757 5006 excommu-

2226 5052 2515 5118 nicationi,
2572 5065 2676 5119 qua
2727 5048 2970 5104 omnium
3035 5060 3317 5101 sacrorum
3381 5038 3755 5115 participatione

2228 5142 2564 5201 arceretur?
2612 5142 2692 5196 Ad
2746 5140 2979 5195 sul‘tanis
3024 5141 3253 5195 comites
3311 5137 3454 5207 quod
3517 5133 3752 5190 attineret,

2228 5232 2369 5288 lotos
2399 5248 2493 5287 eos
2522 5230 2765 5286 ecclesiae
2792 5229 2983 5283 balneo
3019 5226 3232 5281 nescire
3280 5239 3359 5289 se,
3388 5236 3555 5293 neque
3600 5220 3643 5273 id
3663 5214 3756 5285 jus.

2229 5327 2387 5382 sisse.
2430 5324 2695 5379 Caeterum
2725 5320 2771 5375 si
2812 5320 3043 5390 allegata
3077 5317 3216 5372 ratio
3248 5315 3473 5380 valeret,
3503 5310 3751 5367 excluden-

2228 5421 2327 5475 dos
2350 5431 2445 5472 eos
2466 5430 2585 5471 esse
2611 5413 2824 5468 cunctis
2847 5413 3052 5479 pariter
3087 5410 3237 5463 urbis
3277 5407 3501 5467 balneis,
3556 5417 3647 5457 neu
3676 5397 3755 5452 nti-

2230 5527 2331 5567 nus
2354 5524 2517 5580 quam
2579 5507 2675 5562 illo
2703 5504 2847 5575 quod
2878 5504 2944 5558 ad
2990 5503 3274 5558 ecclesiam
3330 5502 3623 5572 pertineret,
3652 5502 3748 5589 curn

2230 5605 2350 5659 alia
2422 5616 2639 5673 quoque
2693 5600 2937 5663 thermae,
2993 5606 3351 5666 praiterquam
3407 5590 3566 5663 signis
3609 5594 3751 5639 CI'IICIS

2230 5695 2516 5763 insculpta:
2548 5693 2680 5754 sint,
2706 5689 2881 5746 sacris
2915 5690 3079 5742 etiam
3125 5686 3451 5756 imaginibus
3507 5684 3747 5771 ornentur.

2233 5787 2292 5844 Si
2322 5796 2504 5842 autem
2537 5784 2589 5837 id
2623 5797 2731 5836 non
2759 5783 2941 5836 obstat
2972 5777 3266 5847 quominus
3310 5779 3395 5840 iis,
3448 5774 3749 5843 quantum“!

2233 5893 2374 5937 verae
2410 5876 2692 5946 reiigionis
2723 5871 3059 5944 expertibus,
3122 5886 3251 5927 usus
3288 5869 3613 5944 permittatur
3641 5856 3746 5913 alio-
