3926 6514
211 368 303 434 705
1127 364 1224 422 DE
1265 365 1652 425 MICHAELE
1694 367 2154 428 PAL:F.OLOGO
2195 369 2341 433 LIB.
2390 370 2487 430 1V.

3312 376 3417 438 70-5

208 481 262 532 Ei
284 478 337 531 δὲ
368 475 530 531 τᾶλλα
580 474 756 544 σφίσιν
801 475 1005 528 ἀνεῖται
1040 479 1130 531 καὶ
1180 478 1432 531 ἀσεϐέσιν
1465 475 1639 543 οὖσιν,
1671 480 1747 540 εἰς
1777 480 1824 538 Α
1852 480 1906 542 ἐς
1939 481 2102 548 μέσον
2130 480 2341 552 παριὼν
2369 482 2460 535 τὸν
2509 481 2748 535 λίϐελλον
2786 483 3124 553 προῦτεινεν,
3157 487 3183 540 ό
3212 486 3260 540 δ’
3291 489 3422 541 ἀνε-

206 573 248 627 τί
270 569 358 623 τοῦ
385 571 483 638 τῆς
514 569 804 638 ἐκκλησίας
832 568 1130 639 λουτρῶνος
1162 572 1650 642 ὲκδιωχθήσονται;
1679 574 1751 624 Τὸ

203 666 250 716 δὲ
274 661 345 732 τῷ
375 661 606 714 Σουλτάν
638 662 861 723 καὶτοῖς
891 662 1060 714 υἱέσιν
1103 662 1177 725 ὡς
1207 665 1552 733 Χριστιανοῖς
1584 682 1751 733 προσ-

205 753 442 824 φέρεσθαι
470 752 763 823 ἀρχιερέως
793 754 890 822 μὲν
925 755 1324 824 μαρτυροῦντος
1354 755 1444 808 τοῦ
1471 756 1750 818 Πισσιδίας

203 844 470 897 ἀνεύθυνον
517 839 704 912 οἶμαι·
760 846 806 896 εἰ
838 843 882 896 δ’
933 845 1104 910 ἄλλως
1158 847 1458 917 ἐλέγχοιντο
1511 849 1746 921 ἔχοντες,

203 936 391 989 ἐκείνου
415 937 511 990 καὶ
544 935 724 1005 μόνου,
758 937 870 989 ἀλλ’
901 941 999 991 οὐκ
1039 939 1168 1008 ἐμὸν
1201 941 1259 991 τὸ
1290 940 1688 1010 πλημμέλημα.
1725 960 1742 991 ι

211 1029 334 1080 Ἀλλ’
362 1029 460 1099 οὐχ
505 1030 665 1084 ίκανά
697 1031 867 1084 ταῦτα
913 1035 1023 1096 τοῖς
1064 1034 1206 1100 ἀμφὶ
1242 1009 1366 1086 τδνῆλ
1385 1009 1610 1102 βασιλέα
1637 1037 1750 1090 ἐδό-

199 1139 314 1175 κουν
365 1121 464 1185 τὰς
519 1122 746 1185 εὐθύνας
794 1121 1070 1188 ἐξελέσθαι
1108 1125 1183 1194 τῷ
1233 1129 1566 1198 πατριάρχῃ,
1616 1127 1750 1180 ἀλλά

200 1212 397 1266 σύνοδον
447 1213 607 1283 ήθελε
641 1218 956 1285 συγκροτεῖν
1008 1216 1066 1279 ἐξ
1099 1216 1354 1270 ἁπάντων
1401 1217 1509 1270 τῶν
1563 1219 1752 1287 ἀρχιε-

203 1304 346 1372 ρέων,
383 1304 667 1369 παρόντων
720 1305 950 1360 ἐνταῦθα
981 1307 1074 1361 καὶ
1119 1307 1467 1378 πατριάρχῶν
1511 1309 1624 1371 δύο,
1656 1308 1750 1361 τοῦ

198 1408 246 1442 τε
281 1389 679 1461 Ἀλεξανδρείας
719 1391 990 1447 Νικολάου
1022 1397 1116 1448 καὶ
1158 1395 1251 1448 τοῦ
1295 1397 1622 1467 Ἀντιοχείας
1651 1399 1755 1451 Εὐο

198 1481 397 1549 Θυμίου.
422 1483 587 1537 Ὅθεν
612 1487 703 1536 καὶ
731 1484 1036 1555 βασιλικαῖς
1061 1487 1349 1552 συλλαϐαῖς
1374 1489 1750 1557 μετεστέλλετο

199 1577 306 1637 τοὺς
334 1577 610 1646 ἀρχιερεῖς
641 1579 996 1649 πανταχόθεν,
1041 1579 1180 1636 ὥστε
1216 1583 1608 1652 παρῳχηκυίας
1652 1583 1752 1652 τῆς

199 1667 372 1734 ἑορτῆς
395 1672 562 1721 ἀνυπε
575 1670 773 1738 ρθέτως
800 1672 1044 1741 ἀπαντᾷν
1069 1672 1299 1736 πάντας,
1326 1674 1595 1742 μηδεμιᾶς
1622 1691 1754 1744 προ-

201 1759 394 1824 φάσεως
424 1759 850 1831 ἁποχρησούσης
889 1764 1025 1832 πρὸς
1061 1763 1407 1833 παραίτησιν.
1444 1764 1594 1836 ’Ἅμα
1620 1765 1752 1834 γοῦν

1857 569 2154 638 γινώσκετο
2186 573 2275 637 ἐπὶ
2323 574 2560 628 πάντων.
2608 573 2718 626 Kal.
2753 575 2873 626 ἐπεὶ
2910 575 3081 629 ἐδόκει
3131 580 3426 648 προκαλεῖ-

1859 662 1980 714 σθαι
2010 662 2102 714 καί
2126 664 2218 716 τὸν
2252 668 2614 736 πατριάρχην,
2655 666 2964 738 πέμποντες
2995 671 3141 737 τρεῖς
3191 672 3289 740 μὲν
3315 672 3428 726 τῶν

1857 755 2182 825 ἀρχιερέων,
2198 759 2343 826 τρεῖς
2360 757 2415 810 δὲ
2439 759 2545 810 τῶν
2569 759 2844 828 κληρικῶν
2863 763 3231 830 προσεκάλουν
3261 766 3433 818 ἀπαν-

1857 848 2091 916 τήσοντα
2122 849 2257 918 πρὸς
2295 850 2581 916 ἀπόλογον.
2622 851 2680 903 ’0
2712 851 2755 903 δ’
2787 854 3004 912 ἀνένευε
3048 854 3301 924 πάμπαν,
3334 857 3430 908 καί

1858 955 1919 1006 γε
1944 939 2123 1007 κρίσιν
2146 941 2241 1008 μὲν
2261 939 2335 1009 μὴ
2359 942 2762 1011 παραιτεῖσθαι,
2788 944 2988 1012 τρόπον
3007 944 3062 996 δὲ
3085 946 3315 1013 κρίσεως
3331 944 3430 1000 καὶ

1857 1031 2019 1083 τόπον
2059 1031 2150 1084 καὶ
2183 1033 2449 1102 πρόσωπα
2490 1032 2714 1100 φεύγειν
2737 1034 2908 1100 ἔλεγε,
2937 1037 3030 1087 καὶ
3071 1036 3319 1100 δικαίως,
3353 1039 3429 1101 ὡς

1859 1119 2062 1176 οἴεσθαι
2091 1135 2104 1148 °
2127 1123 2472 1191 πατριάρχην
2498 1124 2593 1189 μὲν
2614 1121 2721 1192 γὰρ
2746 1123 3024 1193 κρίνεσθαι
3047 1128 3307 1195 παρόντος
3328 1128 3428 1196 μὲν

1861 1209 2144 1278 βασιλέως,
2166 1213 2448 1280 παρόντων
2463 1211 2516 1263 δὲ
2537 1212 2873 1280 μεγιστάνων
2899 1216 2991 1267 καὶ
3016 1218 3314 1284 κοσμικῶν,
3336 1217 3431 1271 καὶ

1860 1302 1914 1352 ὲν
1939 1302 2275 1371 ἀνακτόροις,
2293 1302 2578 1355 καὶταῦτα
2610 1305 2703 1357 καὶ
2729 1304 2988 1373 βασιλέως
3009 1306 3180 1369 οὕτως
3213 1308 3431 1379 ἔχοντος

1859 1394 1953 1446 καὶ
1983 1395 2060 1457 είς
2081 1393 2291 1462 ἄμυναν
2311 1395 2773 1465 προειλημμένου,
2793 1399 2892 1449 οὐκ
2913 1395 3061 1467 ἄξιον
3085 1400 3204 1452 οὐδὲ
3228 1401 3332 1454 τῶν
3350 1402 3432 1454 διο

1860 1485 2032 1539 καίων
2055 1482 2267 1539 εἶναιτὸ
2296 1487 2538 1556 σύμπαν.
2570 1487 2753 1540 Ταῦτα
2781 1488 2916 1559 πρὸς
2942 1492 3065 1553 τοὺς
3086 1491 3432 1561 ἀπεσταλμέ-

1861 1593 1984 1636 νους
2007 1576 2099 1628 τοῦ
2135 1577 2474 1648 πατριάρχου
2500 1578 2770 1646 λέγοντος,
2805 1583 2986 1648 γραφῇ
3005 1581 3234 1640 ἐδίδοντο
3253 1583 3319 1634 τὰ
3341 1582 3427 1637 λε-

1859 1664 2084 1734 γόμενα,
2107 1667 2179 1728 ὡς
2200 1669 2272 1738 μή
2297 1685 2347 1719 τι
2374 1669 2830 1740 συκοφαντηθείη.
2853 1672 2912 1721 Οἱ
2933 1670 2976 1721 δ’
3002 1672 3431 1742 ὑποστρέφοντες

1863 1756 2080 1824 ἐδήλουν
2112 1760 2290 1812 πάντα
2320 1757 2437 1828 μετ’
2471 1759 2770 1828 ἀσφαλείας
2797 1766 2907 1821 τοῖς
2934 1763 3310 1826 ἀποστείλασι,
3335 1764 3430 1817 καὶ

201 1850 369 1920 τελείῳ
402 1846 497 1920 ἦρι
525 1853 846 1921 συνήγοντο,
877 1856 970 1907 καὶ
1003 1854 1073 1908 τὰ
1112 1855 1254 1911 κατὰ
1285 1855 1378 1909 τὸν
1413 1857 1754 1928 πατριάρχτιν
1786 1838 1828 1892 Β
1860 1847 2114 1915 σύλλογος
2153 1849 2415 1904 διελύετοο
2442 1849 2612 1901 Τοῦτο
2657 1851 2734 1912 δὶς
2761 1846 2879 1903 εἶτα
2932 1853 3025 1905 καὶ
3059 1858 3176 1924 τρῖς
3205 1855 3430 1922 γεγονὸς

200 1942 521 2010 σύναχθεῖσιν
576 1945 998 2019 ἐπιμελέστερον
1048 1950 1301 2004 ἐκινεῖτο.

200 2074 250 2130 δ’.
280 2078 472 2145 Ὅπως
504 2081 605 2134 καὶ
640 2081 794 2136 ὅπου
831 2082 1148 2150 ἐζόιτοῦντο
1195 2086 1268 2138 τὰ
1296 2086 1448 2141 κατὰ
1492 2089 1600 2142 τὸν
1639 2103 1752 2142 πα-

627 2153 914 2220 τριάρχην
969 2155 1300 2223 Ἀρσένιον.

259 2259 425 2324 Τόπος
447 2261 504 2315 δὲ
527 2266 628 2332 τῆς
647 2264 825 2322 αὐτῶν
847 2267 1066 2320 συνόδου
1093 2270 1120 2320 ό
1141 2267 1415 2337 βασιλικὸς
1448 2270 1756 2336 Ἀλεξιακὺς

199 2350 443 2418 τρίκλινος
472 2349 564 2422 ἦν,
592 2356 680 2408 ἵνα
698 2357 791 2408 καὶ
817 2357 1166 2427 προύκάθητο
1193 2360 1290 2428 μὲν
1315 2363 1339 2412 ό
1363 2363 1598 2429 κρατῶν,
1631 2381 1756 2430 συγ-

198 2443 468 2509 καθέζοντο
481 2446 538 2498 δὲ
565 2447 658 2498 καὶ
684 2447 734 2499 οἱ
757 2451 1083 2516 μεγιστᾶνες
1106 2451 1200 2502 καὶ
1228 2453 1350 2503 ὅσον
1372 2453 1429 2504 ἐν
1447 2452 1754 2522 ἀξιώμασιν

199 2531 272 2604 ἦν,
289 2537 725 2611 συνεδρίαξον,[Ρ.
745 2540 868 2611 176]
885 2541 929 2593 δ’
949 2543 996 2594 oi
1020 2543 1312 2612 ἀρχιερεῖς,
1338 2547 1430 2598 καὶ
1451 2548 1559 2599 πᾶν
1579 2547 1638 2599 τὸ
1657 2552 1754 2618 τῆς

201 2628 481 2698 συγκλήτου
535 2633 894 2702 παρίσταντο.
927 2635 1173 2704 Συνῆσαν
1211 2637 1266 2688 δὲ
1301 2640 1394 2690 καὶ
1424 2639 1533 2690 ἀπὸ
1563 2640 1754 2692 πασῶν

199 2721 291 2774 τῶν
309 2724 476 2790 μονῶν
496 2725 546 2776 οί
577 2724 902 2796 προῦχοντες
931 2731 1187 2799 μονήρεις
1219 2731 1436 2799 συνάμα
1459 2733 1571 2794 τοῖς
1603 2733 1752 2800 σφῶν

201 2815 532 2882 προεστῶσιν.
595 2817 733 2871 Ἀλλ’
782 2819 902 2870 οὐδὲ
945 2820 1005 2872 τὸ
1053 2823 1154 2890 τῆς
1207 2822 1478 2885 πολιτείας
1529 2825 1651 2876 ὅσον
1684 2821 1752 2893 ἦν

201 2908 472 2976 περιφανὲς
521 2909 618 2961 καὶ
663 2909 819 2980 δῆλον
858 2912 1024 2981 ἀπῆν.
1071 2911 1177 2966 Καὶ
1208 2914 1234 2964 ό
1276 2914 1375 2981 μὲν
1424 2917 1749 2985 κατηγορῶν

204 3102 302 3140 rum
327 3089 689 3152 lavacrorum.
722 3090 849 3159 quid
897 3100 982 3146 est
1012 3106 1110 3145 cur
1131 3092 1461 3159 repellantur
1488 3094 1554 3146 ab
1581 3095 1757 3151 eccle‘

1855 1938 1918 1992 ἐκ
1953 1957 2113 1993 τινων
2154 1941 2457 2008 καιριακῶν
2493 1941 2901 2012 διαλειμμάτων
2949 1943 3129 2014 (ἔμελε
3171 1945 3280 2019 γὰρ
3335 1946 3430 2002 καὶ

1856 2033 2096 2085 κανόνων
2127 2032 2356 2095 ἐκείνοις
2379 2033 2600 2086 τοιαῦτα
2623 2033 2971 2106 πράττουσιν)
2992 2036 3144 2089 οὐδὲν
3173 2032 3238 2108 ἧν
3268 2037 3430 2099 πλέον

1853 2126 1918 2175 ἐκ
1950 2123 2153 2177 τούτων
2181 2125 2263 2179 ὅτι
2312 2124 2385 2194 μὴ
2416 2125 2503 2177 τόν
2540 2127 2884 2196 πατριάρχην
2933 2128 3315 2196 παραιτεῖσθαι
3339 2130 3429 2182 τὸν

1853 2215 2056 2285 τρόπον
2088 2215 2186 2283 τῆς
2221 2216 2475 2284 κρίσεως,
2506 2217 2628 2276 τοὺς
2660 2216 2704 2269 δ’
2739 2218 3177 2272 ἁντεπιστέλλειν
3209 2220 3424 2294 ἐκείνῳ,

1856 2305 1928 2368 ὡς
1958 2308 2148 2364 ὲπισττ,
2159 2307 2428 2376 μονάρχου
2462 2307 2554 2360 τοῦ
2584 2307 2850 2378 βασιλέως
2879 2306 3013 2362 εἶναι
3045 2310 3430 2382 δικαιουμένου

1855 2400 1910 2451 ἐν
1946 2401 2056 2460 τοῖς
2083 2399 2558 2471 ἐκκλησιαστικοῖς
2597 2402 2910 2470 πράγμασι,
2944 2401 3017 2473 μὴ
3045 2402 3252 2458 δίκαιον
3289 2398 3429 2458 εἶναι

1860 2493 1981 2559 μηδ’
2023 2491 2239 2558 εὔλογον
2284 2493 2352 2545 τὰ
2388 2493 2615 2547 τοιαῦτα
2652 2493 2862 2562 μέγιστ’
2897 2495 3023 2547 ὅντα
3055 2495 3177 2568 δίχα
3220 2495 3430 2566 βασιλι-

1858 2584 1956 2651 κῆς
1985 2583 2305 2646 ἐπιστασίας
2342 2587 2630 2639 κινεῖσθαι.

1858 2725 1920 2772 s'.
1956 2721 2224 2794 "0.10;ch
2256 2716 2624 2789 πατριάρχης
2666 2724 2814 2791 πρός
2850 2725 3116 2787 βασιλέα
3155 2726 3427 2794 ἀφίκοιτο

2024 2792 2118 2844 καὶ
2151 2791 2307 2857 ὅπως
2340 2795 2498 2859 παρὰ
2521 2795 2738 2861 μικρὸν
2762 2791 3256 2864 παραλογισθείὴ.

1942 2905 2027 2957 Ἐν
2055 2901 2167 2976 ὅσῳ
2193 2905 2248 2957 δὲ
2276 2905 2427 2958 ταῦτ’
2458 2907 2774 2976 ἐπράττετο,
2805 2908 3060 2978 ἐννοήσας
3094 2910 3122 2961 ό
3155 2909 3427 2980 πατριάρεο

1859 3103 2077 3142 causam
2112 3089 2414 3142 dicendam.
2446 3087 2541 3141 Ille
2574 3098 2751 3141 autem
2772 3088 2994 3141 einnino
3012 3090 3196 3144 venire
3221 3091 3423 3156 renuit,

204 3181 284 3233 size
336 3181 530 3238 balneo
561 3183 586 3234 ?
641 3183 884 3252 Denique
932 3199 1054 3238 eum
1109 3185 1320 3239 sultane
1367 3195 1419 3239 et
1458 3187 1574 3254 ejus
1627 3177 1823 3243 ﬁliisC
1857 3196 1980 3234 cum
2016 3181 2221 3234 diceret
2268 3179 2534 3248 judicium
2590 3180 2808 3250 quidem
2861 3180 3003 3234 haud
3055 3196 3116 3234 se
3145 3197 3424 3248 recusare,

204 3282 430 3342 tanquam
477 3289 606 3329 cum
663 3274 995 3330 Christianis
1054 3278 1229 3344 egisse
1275 3279 1751 3346 irreprehensibile

202 3363 372 3430 videri,
411 3365 672 3435 quoniam
703 3365 754 3418 id
783 3377 1004 3420 auctore
1038 3367 1232 3421 idoneo
1257 3366 1468 3430 fecerit,
1502 3369 1752 3438 episeopo

203 3456 425 3512 videlicet
455 3457 676 3513 Pisidiae
710 3457 840 3512 tales
894 3459 1014 3513 illos
1039 3473 1158 3513 esse
1197 3467 1448 3514 testante.
1481 3459 1636 3526 Quod
1699 3461 1745 3514 si

201 3547 292 3616 iam
311 3551 626 3605 ostendatur
650 3563 990 3619 nequaquam
1007 3551 1155 3619 ipsos
1192 3549 1361 3605 fuisse
1386 3552 1750 3618 Christianos,

202 3637 267 3690 illi
297 3637 390 3694 soli
417 3638 768 3704 ascribenda,
814 3654 919 3694 non
955 3640 1086 3693 mihi
1113 3640 1228 3708 ejus
1294 3640 1420 3695 facti
1453 3643 1607 3711 culpa
1637 3645 1754 3698 fue-

201 3725 278 3779 rit.
311 3726 410 3783 Sed
471 3730 558 3783 hae
585 3725 928 3784 delensiones
971 3729 1285 3798 imperatori
1337 3746 1442 3784 non
1485 3733 1748 3786 vdeban-

203 3825 279 3870 tur
303 3819 626 3874 sufﬁcientes
687 3821 754 3874 ad
811 3819 1154 3890 purgandum
1213 3821 1580 3889 patriarcbam
1611 3843 1622 3879 :
1656 3839 1750 3880 ve-

203 3923 304 3961 rum
331 3911 569 3965 decrevit
604 3925 932 3980 congregare
957 3911 1222 3982 synodum
1253 3911 1496 3966 omnium
1527 3913 1749 3969 antisti-

205 4007 323 4066 tum,
345 4003 428 4055 cui
455 4002 788 4056 interessent
817 4001 924 4056 duo
953 4003 1276 4068 patriarchae
1299 4044 1314 4068 ,
1347 4003 1750 4059 Alexandrinus

203 4090 430 4150 Nicotaus
461 4102 516 4149 et
545 4094 911 4148 Antiochenus
961 4093 1299 4163 Euthymius.
1364 4094 1556 4164 Itaque
1584 4095 1750 4164 regiis

203 4184 379 4242 litteris
400 4187 720 4243 convocavit
749 4185 989 4254 undique
1016 4186 1280 4254 praesules
1311 4194 1370 4240 ut
1400 4197 1522 4256 post
1549 4187 1749 4243 festum

205 4277 306 4332 sine
333 4295 478 4334 mora
505 4280 884 4340 convenirent,
939 4278 1088 4330 nullo
1122 4285 1384 4347 praetextu
1423 4279 1491 4332 ad
1523 4293 1750 4334 recusa-

205 4370 386 4426 tionem
420 4373 586 4444 260
623 4370 934 4425 suﬂecturo.
973 4368 1140 4424 Pteno
1193 4370 1356 4439 igitur
1399 4383 1524 4424 vere
1555 4385 1752 4426 conve-

207 4472 403 4528 nerunt,
434 4475 488 4516 et
524 4475 691 4515 causa
731 4459 1051 4529 patriarchae
1103 4459 1357 4514 ventilari
1386 4473 1417 4512 a
1447 4473 1748 4530 congrega-

207 4552 266 4607 tis
299 4565 374 4609 est
400 4569 600 4625 ccepta.

207 4694 252 4749 4.
279 4694 543 4759 Quomodo
572 4706 619 4750 et
659 4696 748 4750 ubi
778 4699 1059 4778 quwsitum
1092 4697 1154 4750 de
1189 4695 1494 4765 patriarcha
1532 4693 1753 4747 Arsenio

918 4775 1007 4819 sit.

269 4879 435 4936 Locus
473 4882 664 4952 synodi
699 4880 907 4947 regium
941 4878 1253 4934 Alexiacum
1291 4877 1586 4932 triclinium
1631 4874 1750 4941 fuit,

210 4971 266 5023 ad
292 4973 338 5024 id
368 4975 608 5029 delectus
642 4982 700 5026 ut
732 4971 1026 5041 praesidere
1053 4978 1233 5038 posset
1268 4968 1589 5038 imperator.
1643 4968 1753 5020 As-

210 5064 436 5119 sidebant
461 5067 671 5122 etanta:
709 5074 1005 5132 magnates,
1040 5076 1104 5115 ac
1127 5070 1397 5130 quotquot
1428 5059 1482 5114 in
1515 5059 1755 5129 dignita-

216 5153 342 5210 tibus
371 5169 545 5222 erant,
575 5155 734 5210 simul
766 5170 886 5208 eum
926 5151 1218 5222 episcopis.
1255 5152 1456 5204 Aderat
1489 5161 1544 5204 et
1594 5166 1751 5202 sena-

215 5251 288 5296 tus
315 5248 613 5310 universus,
646 5257 700 5302 et
749 5262 814 5300 ex
847 5245 1058 5299 cunctis
1091 5242 1437 5297 monasteriis
1495 5241 1752 5310 praecipui

223 5341 582 5393 monachorum
641 5353 762 5392 cum
824 5337 935 5390 suis
997 5336 1195 5404 quique
1248 5333 1590 5402 praepositis;
1659 5347 1755 5388 nec

220 5423 708 5483 aberantclariores
746 5427 1178 5494 illustrioresqne
1225 5425 1449 5479 civium.
1491 5423 1554 5477 Et
1590 5409 1755 5478 accu-

222 5526 350 5572 sator
379 5521 588 5588 quidem
621 5521 674 5574 in
710 5520 946 5574 medium
988 5518 1239 5585 prodiens
1272 5517 1508 5570 libellum
1537 5515 1752 5570 obtulit.

225 5605 267 5662 Is
291 5614 486 5667 cunt-tis
510 5611 854 5668 audientibus
911 5611 1170 5665 recitatos
1199 5618 1302 5663 est.
1337 5608 1489 5662 Tunc
1521 5624 1644 5662 eum
1676 5623 1758 5660 es-

225 5712 294 5752 set
338 5705 499 5759 visum
555 5705 714 5760 citari
775 5704 972 5757 debere
1015 5702 1407 5771 patriarcham,
1479 5701 1756 5754 mittentes

231 5801 326 5847 ttes
356 5800 628 5870 t‘piscopos
681 5807 735 5852 et
775 5807 886 5850 tres
915 5794 1142 5850 clericos
1180 5793 1351 5864 ipsum
1404 5803 1664 5872 vocarunt
1690 5793 1756 5848 ad

1854 3275 2074 3330 modum
2107 3286 2287 3330 autem
2332 3287 2386 3330 et
2435 3277 2610 3330 locum
2658 3275 2850 3343 judicii
2907 3292 3278 3346 personasque
3339 3276 3424 3329 fu-

1853 3383 1978 3437 gere
2010 3383 2024 3432 ;
2063 3383 2092 3420 a
2128 3383 2237 3437 qua
2287 3369 2604 3438 exceptione
2625 3369 2764 3437 juris
2791 3369 3001 3436 species
3049 3384 3156 3422 non
3214 3369 3422 3422 aberat.

1851 3459 1985 3514 Nam
2025 3461 2261 3531 judicari
2317 3462 2682 3530 patriarchmn
2738 3470 3010 3530 prtesente
3075 3462 3424 3530 imperatore,

1851 3552 2210 3621 prmsentibus
2247 3552 2602 3621 optimatibus
2647 3561 2702 3605 et
2756 3551 3113 3606 saecularibus
3154 3554 3428 3622 personis,

1851 3643 2012 3712 idque
2032 3643 2087 3697 in
2143 3643 2366 3713 palatio,
2395 3643 2695 3712 praesertim
2733 3641 3068 3712 imperatore
3096 3643 3176 3697 sic
3205 3644 3414 3698 consti-

1852 3740 1969 3787 tuto
1997 3743 2051 3787 et
2084 3734 2262 3802 palam
2289 3733 2631 3788 occasionem
2659 3732 2912 3787 vindictae
2969 3743 3244 3800 captante.
3276 3733 3427 3786 indi-

1851 3837 2012 3892 gnum
2041 3822 2347 3886 videbatur,
2379 3832 2434 3874 et
2467 3831 2578 3875 tota
2605 3836 2692 3876 res
2744 3822 2930 3889 inique
2955 3831 3293 3891 comparata.
3343 3822 3421 3874 Ea

1852 3925 2016 3983 porro
2036 3910 2290 3979 loquente
2329 3911 2638 3980 patriarcha
2672 3912 2852 3966 missis
2881 3926 2908 3963 a
2935 3916 3162 3980 synodo,
3199 3920 3426 3980 excepta

1853 4011 1980 4057 sunt
2010 4002 2210 4071 scripto
2230 4005 2395 4058 verba
2416 4002 2559 4072 ejus,
2579 4017 2645 4056 ne
2663 4003 2796 4072 quid
2819 4003 3106 4056 calumniae
3133 4002 3431 4057 interveni-

1854 4105 1958 4150 ret.
1993 4091 2123 4148 lude
2149 4093 2244 4161 qui
2274 4093 2428 4148 missi
2481 4092 2698 4148 fuerant
2732 4096 3024 4149 redeuntes
3047 4097 3114 4149 ad
3159 4097 3426 4168 synodum

1851 4195 2043 4240 cuncta
2063 4199 2127 4239 ex
2159 4184 2263 4240 [ide
2285 4185 2587 4240 retulerunt
2605 4185 2670 4238 ad
2701 4199 2794 4239 eos
2820 4183 2912 4254 qui
2929 4185 3213 4251 miserant,
3232 4195 3286 4240 et
3309 4198 3428 4240 cce-

1855 4282 1938 4328 tus
1964 4273 2174 4329 solutus
2202 4281 2303 4328 est.
2339 4273 2483 4328 Idem
2509 4274 2710 4328 iterum
2735 4284 2788 4327 et
2816 4275 2974 4328 tertio
3026 4284 3114 4330 est
3172 4274 3375 4330 factum
3399 4311 3418 4337 ,

1853 4369 2016 4424 certis
2046 4368 2344 4422 intervallis
2386 4347 2670 4436 tempori:
2696 4368 3034 4438 interpositis
3075 4389 3088 4424 :

1857 4459 1998 4514 enim
2019 4460 2112 4528 qui
2133 4461 2245 4515 haec
2265 4462 2516 4528 agebant,
2549 4459 2686 4512 nihil
2711 4461 2966 4513 omittere
2992 4475 3178 4514 eorum
3203 4476 3322 4524 qua:
3340 4475 3433 4513 ca-

1859 4568 2030 4605 nones
2048 4552 2099 4605 in
2121 4568 2186 4608 eo
2205 4568 2403 4622 genere
2422 4552 2799 4622 praescribunt.
2826 4550 3096 4606 Caeterum
3119 4551 3256 4604 nihil
3280 4551 3428 4605 aliud

1855 4656 1922 4698 ex
1951 4642 2107 4712 261
2149 4643 2216 4696 iis
2245 4642 2701 4696 missitationibus
2743 4651 2795 4696 et
2820 4642 3091 4710 reSponsis
3111 4642 3232 4696 elici
3257 4641 3432 4709 potuit

1855 4734 1962 4788 nisi
1997 4736 2289 4803 displicere
2315 4736 2639 4803 patriarchae
2673 4734 2863 4802 judicii
2917 4718 3155 4796 inodum,
3191 4743 3245 4787 et
3270 4732 3340 4787 ob
3375 4732 3425 4785 id

1856 4843 2174 4896 comparere
2209 4844 2483 4882 recusare.
2520 4828 2596 4879 Ad
2626 4842 2746 4895 quae
2778 4827 2880 4879 hoc
2912 4835 3030 4879 erat
3079 4823 3300 4877 Patrum
3339 4840 3426 4876 re-

1857 4932 2114 4988 sltonsum
2144 4919 2466 4987 patriarcha:
2507 4931 2599 4984 per
2633 4915 2891 4969 remissos
2948 4914 3012 4966 ad
3046 4915 3220 4980 ipsum
3262 4925 3425 4966 voca.

1860 5019 2005 5064 tores
2057 5010 2350 5074 redditum,
2385 5025 2506 5062 cum
2541 5009 2610 5062 sit
2642 5008 2769 5060 olim
2800 5007 3170 5060 existimatum
3210 5019 3423 5069 aequum

1858 5101 2176 5170 imperatori
2238 5101 2402 5154 tribui
2462 5099 2759 5170 principem
2794 5097 2969 5150 locum
3007 5096 3059 5148 in
3120 5093 3426 5161 cognitione

1859 5211 2038 5250 rerum
2077 5194 2587 5252 ecclesiasticarum.
2655 5207 2752 5245 nec
2803 5191 3007 5258 justum
3076 5201 3174 5240 nec
3234 5185 3422 5240 ratio-.i

1859 5296 2281 5340 censentaneum
2307 5298 2449 5345 esse,
2479 5299 2597 5351 qua:
2631 5296 2694 5334 ex
2727 5296 2792 5334 co
2819 5294 3014 5348 genere
3043 5275 3252 5345 negotia
3286 5292 3426 5329 nunc

1859 5380 2216 5449 agitarentur,
2277 5377 2496 5430 maximi
2559 5375 2744 5441 utique
2807 5371 3066 5426 momenti
3129 5369 3258 5422 alibi
3332 5374 3426 5421 ant

1861 5477 2019 5530 aliter
2035 5491 2197 5544 quam
2219 5486 2485 5544 przesente
2502 5488 2564 5526 ac
2579 5469 2903 5540 praasidente
2931 5467 3172 5535 principe
3201 5466 3422 5520 moveri.

3138 4370 3430 4424 studebant

1861 5609 1914 5664 5.
1967 5605 2032 5662 Ut
2059 5604 2365 5676 patriarcha
2403 5601 2492 5676 od
2527 5597 3247 5676 intperntoreitt_accesserit;
3292 5608 3337 5649 et
3369 5605 3422 5648 ut

2139 5691 2327 5743 parum
2359 5672 2582 5740 ablueiit
2616 5671 2742 5739 quin
2797 5671 3142 5737 deciperetur.

1935 5794 2070 5848 Dum
2121 5801 2300 5848 autem
2351 5790 2466 5845 inec
2506 5787 2578 5843 ita
2617 5795 2953 5858 gererentur,
3004 5783 3304 5852 intelligens
3335 5796 3428 5851 pa-
