3926 6520
243 385 336 445 709

1188 381 1283 440 DE
1326 382 1714 441 MICIIAELE
1758 380 2223 442 PALJSOLOGO
2264 384 2408 446 LIB.
2451 385 2554 446 ιν.

3367 383 3472 446 710

241 493 336 545 δῶν
366 485 494 557 εἶχεν
541 487 733 558 ἐχώρει
768 487 902 560 πρὸς
956 488 1254 552 θάλασσαν,
1282 498 1375 546 καὶ
1419 496 1552 556 νεὼς
1591 493 1787 555 ἐπιϐὰς
1819 504 1861 555 Α
1895 490 1968 556 ς’.
1999 492 2199 558 ’Ὅπως
2223 493 2652 562 συναχθέντων
2675 491 2793 547 τῶν
2812 493 3131 563 ἀρχιερέων
3151 495 3213 548 τὸ
3241 497 3471 550 τέλειον

240 581 589 650 κατελάμϐανε
650 581 717 634 τὰ
774 584 971 636 οἰκεῖα.
1045 583 1103 636 '0
1159 585 1341 652 μέντοι
1406 603 1466 653 γε
1526 586 1782 654 βασιλεὺς

237 673 610 746 ὐδριοπαθὴσας
661 669 772 728 οἷον
808 675 898 728 καὶ
952 675 1221 740 αἰδεσθεὶς
1276 681 1655 748 προσποιεῖται
1691 679 1782 732 οὖν

232 768 360 835 ὅμως
387 764 443 816 τὸ
473 763 866 835 μεγαλόψυχον.
902 767 1012 819 Καὶ
1040 767 1161 820 ἐπεὶ
1192 767 1343 831 τέλος
1375 767 1472 838 τὴν
1501 768 1650 839 ἱερὰν
1676 769 1784 822 λει-

231 857 466 928 τουργίαν
498 857 826 927 ἐλάμϐανεν,
860 858 1114 923 ἐξελθὼν,
1152 860 1366 922 σταθεὶς
1418 862 1474 912 ἐν
1512 862 1590 931 τῷ
1629 861 1778 914 Ἀλε-

229 948 384 1017 ξιακῷ
413 949 689 1018 τρικλίνῳ,
723 951 847 1011 τούς
877 968 935 1002 τε
983 950 1092 1003 τῶν
1130 952 1400 1022 ἱεραρχῶν
1445 954 1784 1023 παρατυχόν-

229 1058 314 1102 ea;
342 1040 430 1091 καὶ
468 1039 592 1101 τοὺς
620 1040 714 1092 τοῦ
748 1042 953 1112 κλήρου
989 1045 1502 1114 μεταστειλάμενος,
1542 1043 1625 1116 [Ρ.
1656 1045 1779 1118 178]

231 1131 524 1184 ἐπενεκάλει
558 1134 636 1203 τῷ
672 1135 984 1205 πατριάρχῃ
1008 1136 1372 1206 σκληρότητα,
1407 1141 1522 1202 καὶ,
1554 1137 1778 1205 «Ἴδετε,

228 1225 406 1290 λέγων,
440 1223 583 1286 ὅπως
639 1225 867 1292 ἀμαθῶς
916 1224 1058 1277 οὕτω
1106 1226 1211 1278 τῶν
1252 1228 1536 1296 ἡμετέρων
1582 1229 1781 1298 χειρῶν

229 1316 594 1383 ἀπεδίδρασκε.
629 1317 737 1368 Καὶ
797 1319 842 1369 εἰ
891 1317 1150 1387 λυπήσων
1197 1321 1392 1388 ἐφάνη,
1438 1322 1579 1374 κατὰ
1629 1321 1682 1374 τί
1717 1338 1780 1389 γε

229 1408 308 1459 καὶ
340 1406 460 1475 παρ’
493 1409 640 1474 ἡμᾶς
691 1409 954 1475 agriami;
988 1409 1104 1462 ἀλλ’
1133 1410 1206 1473 ὡς
1244 1411 1408 1476 ἔοικε,
1454 1414 1580 1475 τους
1627 1413 1784 1481 ἐλέγ-

228 1516 337 1566 χους
379 1499 765 1568 διαφυγγάνειν
820 1503 1369 1572 πραγματευόμενος,
1423 1503 1614 1557 ἔλαθεν
1657 1505 1782 1557 ἐαυ-

231 1591 307 1642 τὸν
343 1590 654 1659 συνωθήσας
694 1592 932 1661 μάλιστα
983 1593 1118 1662 πρὸς
1158 1595 1255 1662 τὴν
1298 1595 1473 1663 δίκην.
1510 1595 1601 1664 Μὴ
1651 1594 1781 1664 γοῦν

230 1683 310 1734 ἐπὶ
339 1681 492 1734 πλέον
521 1684 859 1751 φευγσδικῶν
885 1685 1235 1755 κερδαινέτω,
1281 1687 1396 1739 ἀλλ’
1421 1689 1541 1740 ἐπεὶ
1571 1687 1630 1739 τὸ
1661 1689 1780 1758 τρί-

228 1791 307 1826 τον
350 1774 793 1828 ἑναπολέλειπται
839 1779 1084 1848 μήνυμα,
1114 1778 1504 1849 συναχθέντων
1539 1780 1781 1847 γενέσθω

1958 563 2209 632 μήνυμα
2247 564 2343 616 καὶ
2375 563 2474 616 ἐπὶ
2501 564 2688 628 τούτῳ
2721 565 2758 632 1';
2788 565 3095 634 ἀπόφασις
3126 566 3394 635 γέγονεν.

1961 674 2070 742 Τῆς
2105 674 2158 726 δὲ
2203 675 2320 741 μετ’
2358 673 2528 746 αὐτὴν
2567 673 2780 744 ἡμέρας
2821 676 2938 745 ἅμα
2971 675 3342 745 συναχθέντων
3373 680 3467 731 καὶ

1886 765 2068 826 πάλιν,
2109 767 2246 834 μετά
2279 765 2450 817 πολλὰ
2479 767 2546 819 τὰ
2584 766 2883 833 λαληθέντα
2917 769 3009 821 καὶ
3044 767 3140 838 τὴν
3183 768 3275 820 τοῦ
3309 769 3463 836 βασι-

1885 857 2022 914 λέως
2056 854 2167 908 οἷον
2196 855 2546 927 παραίτησιν,
2575 857 2649 919 ὡς
2685 857 2817 927 μηδὲ
2860 859 3022 912 αὑτὸν
3055 859 3229 913 θέλειν
3271 864 3464 931 παρεῐ·

1886 966 1995 1010 ναι,
2033 950 2080 1000 εἰ
2115 951 2186 1017 μή
2217 965 2279 1016 γε
2320 948 2417 1016 τῆς
2457 949 2777 1018 Ἐκκλησέας
2806 951 2997 1019 δεσμοὶ
3031 951 3335 1021 ἐξεχώρουν
3364 955 3456 1006 καὶ

1887 1040 2472 1109 προσκατηνὰγκαζον,
2525 1043 2616 1092 καὶ
2673 1041 2733 1092 τὺ
2783 1042 2969 1094 λοιπὴν
3017 1045 3296 1112 πέμπεται
3356 1047 3466 1115 μή-

1885 1149 2052 1200 νυμα,
2109 1133 2414 1202 ἀρχιερέων
2461 1134 2561 1185 κάν
2601 1132 2776 1204 τούτῳ
2825 1135 3312 1203 μεσολαὸησάντων
3369 1139 3466 1190 καὶ

1885 1223 2182 1292 κληρικῶν.
2231 1223 2318 1286 Ὠς
2367 1224 2423 1276 δὲ
2467 1225 2562 1276 καὶ
2598 1221 2755 1283 αὖθις
2805 1228 2832 1278 ὁ
2869 1227 3210 1298 πατριάρχης
3265 1230 3466 1280 ἀπεῖπε

1884 1314 1981 1384 τὴν
2014 1313 2224 1382 ἄφιξιν,
2253 1315 2564 1384 προστιθεὶς
2591 1316 2665 1379 ὡς
2717 1336 2734 1367 ι
2771 1314 2843 1368 Τὸ
2866 1316 3053 1369 δοκοῦν
3087 1319 3211 1386 ὑμῖν
3237 1319 3466 1382 ἀπόντες

1887 1402 2126 1470 γενέσθω
2151 1419 2166 1433 ’
2200 1403 2318 1455 οὐδὲ
2353 1403 2460 1472 γὰρ
2493 1405 2708 1473 ἀπαντή
2724 1421 2872 1474 ταιμι
2902 1405 3004 1457 κᾶν
3031 1407 3058 1458 ὃ
3087 1423 3136 1458 τι
3171 1407 3403 1474 γένοιτο,
3439 1426 3457 1458 ι

1885 1495 2004 1549 τότε
2047 1497 2182 1565 μετὰ
2232 1496 2329 1566 τὴν
2380 1496 2578 1567 πολλὴν
2620 1497 2810 1566 σκέψιν
2856 1501 2900 1550 οξ
2947 1499 3196 1570 ἱεράρχαι
3245 1503 3464 1554 κανόσιν

1887 1583 1998 1639 οἷον
2045 1588 2424 1659 ἒπερείδεσθαι
2471 1588 2718 1653 θέλοντες
2772 1587 2915 1661 εἶχον
2953 1593 3052 1661 μὲν
3100 1591 3195 1644 καὶ
3238 1595 3329 1646 τὸν
3367 1594 3468 1662 τῆς

1887 1677 2205 1745 φυγοδικίσς
2251 1678 2450 1731 κανόνα
2484 1679 2595 1731 τῶν
2644 1679 2959 1733 ἀποστόλων
2991 1682 3060 1736 τὰ
3109 1682 3279 1736 πολλὰ
3314 1687 3466 1752 σφισι

1888 1769 2025 1839 πρὸς
2055 1769 2116 1821 τὸ
2148 1769 2217 1821 τὰ
2241 1769 2501 1824 δοκοῦντα
2541 1771 2940 1838 ἀποφαίνεσθαι
2993 1773 3464 1844 συμϐαλλόμενον,

230 1868 310 1919 καὶ
357 1865 526 1929 τοῦτο⁹
564 1869 660 1920 καὶ
693 1870 739 1920 εἱ
787 1869 881 1938 μὲν
929 1871 1252 1941 ἀπχντήσει,
1303 1871 1595 1941 κρινέσθω,
1654 1875 1701 1926 εξ
1814 1853 1857 1912 Β
1885 1862 2032 1928 ὅμως
2078 1862 2134 1914 δέ
2165 1879 2226 1929 γε
2270 1863 2328 1917 ἐν
2378 1864 2616 1930 ἀσφαλεῖ
2657 1865 2969 1933 βουλόμενοι
3018 1867 3300 1936 πράττειν,
3343 1867 3466 1920 ἐπεὶ

227 1955 324 2022 οὖν,
349 1958 441 2011 ἀλλ
463 1958 628 2029 ἀὺμῖν
648 1978 710 2027 γε
743 1962 964 2030 μελήσει
987 1960 1103 2024 πῶς
1134 1963 1197 2015 ἂν
1228 1955 1622 2030 φυγοδιέιοῦντα
1657 1981 1785 2032 μετ-

226 2047 507 2103 ελεύσεσθε.
545 2049 618 2102 Τὸ
644 2049 687 2102 δ’
728 2051 857 2120 ἐμὸν
901 2051 1188 2104 ἀναθετέον
1234 2052 1371 2120 Θεῷ,
1411 2054 1560 2116 ὅπως
1614 2053 1679 2107 ἂν
1708 2053 1784 2117 ὡς

225 2143 397 2214 ἐκείνῳ
431 2142 688 2214 βουλητὸν
737 2145 1144 2217 οἰκονομηθείη.
1193 2165 1209 2197 ι
1255 2146 1420 2198 Ταῦτ’
1464 2146 1636 2200 εἰπὼν
1688 2146 1782 2200 καὶ

227 2236 462 2305 προσθεὶς
495 2237 638 2294 κατά
683 2254 805 2291 τινα
850 2238 1121 2308 πρόληψιν
1172 2239 1402 2292 κάκεῖνα
1445 2238 1776 2310 εὖμεθόδως,

222 2329 295 2382 ὅτι
327 2331 414 2382 καὶ
438 2329 499 2382 τὸ
530 2328 757 2391 τούτους
793 2328 1051 2392 πολλάκις
1100 2329 1473 2400 ἀναφέροντας
1508 2331 1634 2400 περὶ
1671 2331 1778 2384 τῶν

221 2418 351 2472 κατὰ
401 2419 540 2488 σφᾶς
590 2419 898 2490 ἐκκλησιῶν
931 2420 1006 2491 μὴ
1037 2421 1417 2474 εἰσακούεσθαι
1442 2422 1618 2475 αἰτίαν
1651 2421 1778 2492 μίαν

219 2505 345 2562 εἶναι
397 2509 495 2579 τὴν
544 2510 638 2562 τοῦ
674 2511 1015 2581 πατράρχου
1051 2513 1188 2580 πρὸς
1245 2512 1407 2564 αὐτὸν
1462 2511 1774 2581 ἀπέχθειαν,

219 2602 306 2654 καὶ
330 2601 399 2663 ὡς
431 2601 480 2653 εἰ
507 2602 752 2656 ἐκποδὼν
775 2601 836 2653 τὸ
870 2601 1166 2658 σκάνδαλον
1197 2604 1442 2673 γένηται,
1477 2605 1675 2665 αὐτοὺς
1708 2604 1775 2657 τὰ

219 2692 416 2761 μεγάλα
455 2693 586 2764 παρ’
619 2693 768 2764 αὐτῷ
806 2693 1084 2759 δύνασθαι,
1118 2694 1424 2750 καταπαύει
1455 2697 1544 2747 τὸν
1592 2694 1771 2764 λόγον.

217 2885 421 2945 peracta
482 2890 762 2946 regressus
804 2886 1062 2948 stansque
1123 2876 1175 2930 in
1205 2877 1462 2932 Alexlaco
1515 2879 1770 2944 triclinio,

217 2969 346 3036 apud
376 2984 471 3024 eos
503 2983 638 3036 quos
668 2969 742 3022 ibi
795 2967 934 3022 forte
991 2969 1190 3038 reperit
1215 2969 1521 3038 episcopos,
1559 2980 1609 3024 et
1637 2971 1772 3025 alios

215 3072 277 3110 ex
304 3055 443 3112 clero
479 3071 617 3126 quos
649 3067 954 3121 vocaverat,
987 3067 1209 3126 questus
1239 3066 1319 3110 est
1355 3059 1418 3111 de
1449 3060 1770 3126 patriarchce

217 3147 400 3201 duritia
431 3165 446 3201 :
477 3165 496 3198 ‹
536 3145 741 3214 \‘idetc,
775 3148 1235 3217 inquiens,'quam
1270 3149 1537 3204 inurbane
1569 3150 1770 3206 nostris

216 3255 269 3294 se
327 3241 574 3296 manibus
633 3242 983 3310 proripuerit.
1039 3241 1094 3296 Si
1132 3241 1439 3295 offensurus
1471 3243 1771 3310 prodierat,

215 3331 331 3399 quid
364 3331 630 3387 attinebat
660 3337 823 3386 etiam
852 3333 917 3387 ad
948 3349 1047 3388 nos
1101 3335 1408 3389 accedere?
1461 3333 1682 3404 Verum,
1716 3344 1775 3390 ut

214 3434 444 3492 apparet,
473 3424 705 3494 effugere
727 3425 990 3494 ,udicium
1030 3427 1260 3480 moliens
1294 3426 1464 3480 induit
1488 3443 1546 3482 se
1578 3428 1773 3498 magis,

215 3518 585 3587 intricavitque
608 3517 869 3584 illisipsis
909 3532 1046 3588 quos
1077 3518 1351 3572 declinare
1385 3519 1532 3587 cupit
1563 3518 1772 3588 laqueis

214 3608 523 3674 quastionis
558 3608 621 3662 de
650 3608 768 3676 ipso
803 3619 999 3678 emptae
1027 3623 1044 3673 ;
1076 3624 1235 3678 quam
1267 3623 1460 3663 censeo
1483 3609 1596 3663 sine
1623 3624 1768 3663 mora

213 3700 526 3768 urgendam,
589 3715 690 3754 nec
744 3701 1192 3755 committendum
1242 3709 1299 3754 ut
1338 3702 1767 3769 cav‘illationum,

211 3792 399 3862 quibus
445 3789 663 3844 eludere
723 3789 868 3859 leges
925 3790 1140 3854 nititur,
1231 3791 1465 3844 fructum
1524 3801 1769 3860 optatum

212 3898 398 3939 secure
428 3883 660 3947 auferat,
725 3883 1008 3952 quiesitam
1072 3873 1462 3952 impunitatem.
1502 3884 1767 3949 Quoniam

211 3972 366 4042 igitur
396 3973 554 4028 tertia
617 3980 829 4026 tantum
868 3974 1057 4028 citatio
1124 3982 1392 4042 snperest,
1426 3987 1514 4039 ea,
1582 3975 1771 4041 velim,

210 4066 546 4137 congregatis
573 4065 758 4120 statim
809 4066 960 4121 vobis
1002 4070 1421 4121 decernaturet
1457 4067 1585 4134 ﬂat;
1615 4079 1669 4123 et
1723 4068 1768 4124 si

208 4159 566 4212 vadimonium
604 4153 804 4212 citatus
856 4157 1075 4222 stiterit,
1132 4157 1392 4212 continuo
1445 4158 1770 4232 judice_tur:

208 4237 282 4304 sin
311 4251 512 4314 minus,
545 4253 782 4304 vestrum
837 4241 939 4304 erit
991 4249 1174 4304 videre
1203 4250 1328 4319 quid
1364 4253 1427 4304 de
1462 4251 1771 4306 contumaci

209 4350 515 4397 recusatore
557 4339 982 4410 judiciiaaquum
1011 4341 1084 4396 sit
1128 4350 1394 4398 statuere.
1433 4342 1488 4400 id
1518 4343 1766 4409 equidem

208 4431 256 4486 in
315 4445 501 4488 vestro
553 4435 776 4489 arbitrio
839 4435 1170 4504 relinquens,
1227 4435 1335 4489 Deo
1389 4437 1646 4504 permitto
1707 4443 1770 4489 ut

208 4536 362 4592 prout
409 4525 482 4578 illi
512 4524 773 4594 placuerit
808 4526 1156 4593 gubernetur.
1196 4545 1214 4577 ι
1244 4525 1315 4578 Ea
1351 4540 1472 4579 cum
1533 4527 1772 4591 dixisset,

209 4613 326 4671 illud
365 4627 625 4686 praeterea
667 4632 762 4686 per
808 4616 1093 4686 quamdam
1150 4618 1337 4670 utilem
1382 4619 1586 4672 intento
1635 4633 1773 4686 pra:-

205 4709 612 4778 occupatiouem
644 4693 910 4776 adiunxit,
966 4709 1104 4776 quod
1143 4709 1460 4780 plerumque
1491 4711 1772 4777 continge-

205 4803 280 4847 ret
336 4795 488 4862 ipsos
538 4796 606 4847 de
661 4797 892 4864 negotiis
929 4793 1092 4869 264
1135 4813 1354 4852 suarum
1412 4800 1767 4855 ecclesiarum

205 4885 379 4940 audiri
452 4885 788 4954 postulantes
845 4903 950 4941 non
1026 4889 1262 4952 admitti,
1325 4904 1483 4942 unam
1549 4904 1768 4945 causam

207 4990 314 5031 esse
342 4978 533 5033 odium
561 4977 614 5032 in
649 4993 708 5032 se
741 4978 1093 5046 patriarchae;
1119 4981 1402 5035 tolleretur
1429 4982 1570 5036 istud
1604 4986 1763 5040 modo

208 5070 514 5125 scandalum
546 5085 561 5122 :
599 5070 809 5124 visuros
840 5085 932 5125 eos
967 5072 1160 5146 statim,
1182 5087 1342 5142 quam
1374 5061 1598 5127 multum
1625 5075 1767 5144 apud

211 5170 266 5212 se
321 5160 534 5230 possint
569 5174 758 5230 preces
793 5175 983 5215 omnes
1025 5171 1079 5216 et
1115 5161 1544 5232 signiﬁcationes
1570 5168 1762 5222 volun-

211 5249 330 5305 tatis
368 5251 634 5322 ipsorum.
663 5251 721 5306 In
747 5265 808 5307 ea
847 5252 1008 5306 verba
1042 5252 1188 5322 loqui
1221 5253 1402 5308 desiit.

211 5400 260 5456 6.
299 5403 365 5460 Ut
390 5409 722 5482 congregatis
737 5405 984 5482 Patrllrus
1015 5408 1202 5463 ultima
1233 5412 1412 5465 citatio
1435 5423 1485 5467 et
1515 5383 1764 5482 paucam

690 5479 956 5534 danmatt'o
983 5483 1273 5550 contigerit.

275 5608 539 5667 Postridie
557 5619 916 5682 congregatus
938 5628 1151 5667 rursum
1187 5625 1359 5670 cintus
1389 5627 1492 5673 est.
1527 5617 1604 5672 lbi
1642 5628 1765 5688 post

213 5699 369 5752 multa
401 5701 550 5756 varie
580 5703 744 5765 dicta,
784 5713 1014 5772 postque
1044 5705 1280 5774 aliquam
1319 5705 1664 5774 imperatoris
1693 5710 1762 5766 ad

218 5795 474 5858 specimen
509 5798 785 5851 modestia:
825 5798 1131 5853 adveniam
1168 5803 1560 5858 recusationem
1589 5803 1765 5861 inter-

1887 1953 1980 2006 καὶ
2007 1953 2098 2005 ἐπὶ
2131 1955 2313 2025 πάσης
2347 1954 2419 2017 ὡς
2465 1958 2642 2008 εἰπεῖν
2675 1958 2773 2025 τῆς
2824 1957 3028 2018 πόλεως
3068 1958 3222 2012 ταῦτ’
3260 1959 3466 2028 ἐπρατ-

1884 2062 1974 2097 τον
2008 2044 2094 2117 [Ρ.
2125 2045 2247 2116 179]
2294 2047 2388 2099 τοῦ
2445 2048 2710 2117 βασιλέως
2765 2049 3178 2117 οἰκονομοῦντος
3227 2050 3313 2105 διὰ
3361 2051 3464 2121 si}!

1883 2136 1981 2204 τῆς
2039 2135 2336 2206 ἀπεχθείας
2382 2137 2790 2208 ὑποτρέχουσαν
2820 2138 3076 2206 ὑποψίαν,
3107 2140 3202 2192 καὶ
3249 2139 3338 2193 ἵνα
3385 2139 3462 2212 μὴ

1883 2229 1975 2280 καὶ
2006 2227 2162 2291 αὖθις
2192 2230 2459 2300 σχίζοιντο
2491 2231 2754 2299 μαθόντες
2778 2232 2844 2286 τὰ
2870 2230 3151 2298 γεγονότα,
3181 2233 3462 2300 παριστων

1882 2321 1972 2374 καὶ
1994 2321 2149 2385 αὖθις
2166 2324 2258 2375 ἐπὶ
2279 2325 2445 2393 μέσου
2461 2323 2550 2376 τὸν
2565 2323 2985 2394 Ἐψητόπουλον.
3012 2323 3072 2376 Ὀ
3090 2321 3326 2385 usam;
3339 2321 3461 2376 καθ’

1881 2413 1939 2466 ἓν
1964 2414 2258 2483 κεφάλαιον
2287 2413 2780 2483 ὑπανεγινώσκετο,
2802 2417 2894 2466 καὶ
2913 2415 2959 2467 εἰ
2979 2413 3088 2484 ἔχοι
3107 2417 3231 2476 τοὺς
3257 2431 3462 2484 μαρτυς-

1881 2502 2145 2575 ρήσοντας
2171 2507 2442 2576 ὴρωτᾶτο.
2480 2504 2540 2558 ⁸0
2559 2506 2613 2557 δέ
2635 2523 2720 2574 γε,
2737 2533 2755 2556 ε
2780 2506 3124 2575 Πραγμάτων
3149 2506 3453 2577 φανερῶν,ι

1879 2591 2052 2661 εἶπεν,
2091 2615 2110 2648 ι
2147 2599 2207 2649 οὐ
2232 2597 2380 2650 τόνδε
2410 2597 2442 2667 ἢ
2478 2596 2626 2650 τόνδε
2657 2597 2870 2668 ἀνάγκη
2904 2592 3041 2652 εἶναι
3067 2597 3155 2650 τὸν
3183 2599 3456 2668 μάρτυρα.

1879 2686 1996 2742 ἀλλ’
2026 2688 2143 2759 ἅμα
2193 2688 2539 2758 σύμπαντας,
2574 2689 2654 2741 ὅτι
2691 2689 2786 2741 καὶ
2815 2691 3016 2752 πάντες
3065 2690 3336 2743 συνοίδασι
3367 2705 3458 2756 ys.-

1873 2861 2124 2921 Veuiendi
2165 2867 2391 2937 synodo,
2450 2867 2495 2921 si
2547 2881 2645 2937 per
2682 2866 2897 2920 vincula
2929 2866 3204 2933 Ecclesiae,
3249 2868 3452 2937 quibus

1874 2960 2354 3029 constringeretur,
2387 2959 2436 3012 id
2475 2959 2696 3012 minime
2725 2958 2934 3025 liceret,
2963 2959 3181 3013 tandem
3218 2961 3283 3024 is,
3312 2960 3456 3016 velut

1859 3064 2135 3127 consensu
2154 3060 2372 3105 coactus
2396 3050 2735 3104 invitantium
2758 3049 3002 3115 Patrum,
3026 3051 3300 3120 ingressus
3313 3067 3456 3106 asse-

1874 3139 1972 3194 dit.
1996 3140 2076 3194 Ad
2105 3141 2348 3196 ultimam
2373 3143 2648 3211 inde,quae
2676 3143 2791 3198 sola
2813 3151 3116 3213 supererat,
3135 3144 3456 3213 patriarcha:

1796 3203 1842 3268 Ο
1873 3233 2186 3290 citationein
2229 3238 2331 3292 rite
2360 3239 2728 3308 peragendam
2787 3241 3050 3308 episcopi,
3083 3251 3138 3292 ut
3173 3252 3355 3307 antea,
3398 3249 3454 3295 ct

1877 3342 1942 3382 ex
1969 3327 2112 3382 clero
2136 3329 2297 3400 aliqui
2320 3331 2467 3384 missi
2497 3339 2642 3384 sunt.
2668 3330 2800 3384 Cum
2826 3337 3003 3387 autem
3029 3345 3176 3385 more
3189 3330 3346 3384 solito
3367 3340 3456 3397 pa-

1903 3418 2120 3473 riarcha
2143 3435 2201 3475 se
2230 3430 2511 3476 venturum
2543 3431 2812 3490 negasset,
2843 3422 3045 3476 addidit
3073 3440 3086 3476 :
3111 3441 3128 3474 ι
3161 3421 3244 3476 Me
3269 3407 3455 3490 utique

1880 3511 2124 3577 absente,
2189 3514 2333 3582 quod
2387 3514 2540 3568 vobis
2609 3514 2914 3578 videbitur,
2979 3515 3114 3567 liat:
3174 3525 3451 3582 nunquam

1880 3603 2025 3657 enim
2059 3606 2303 3673 omnino,
2335 3606 2596 3677 quidquid
2631 3608 2696 3661 ad
2761 3607 2812 3662 id
2860 3618 3161 3675 moveatur,
3211 3609 3454 3662 adducar

1880 3707 1940 3750 ut
1967 3697 2073 3751 illic
2129 3713 2215 3753 me
2250 3699 2462 3753 sistam.
2499 3719 2525 3752 τι
2560 3699 2712 3757 Tunc
2767 3712 2889 3771 post
2921 3703 3146 3754 multam
3180 3701 3452 3755 delibera-

1876 3787 2080 3842 tioiiem
2137 3799 2191 3842 et
2232 3790 2724 3845 considerationem
2780 3799 3040 3844 attentam
3078 3791 3285 3856 Patres,
3338 3805 3453 3844 nia-

1877 3877 2020 3930 xime
2047 3879 2334 3934 studentes
2393 3881 2552 3934 inniti
2607 3882 2932 3946 cauonihus,
2985 3881 3331 3950 reperiebant
3393 3881 3447 3934 in

1875 3970 2065 4039 primis
2090 3973 2562 4027 accommodatum
2598 3973 2662 4026 ad
2688 3985 2800 4026 rem
2831 3984 3150 4042 praesentem
3183 3985 3447 4026 canonem

1871 4059 2247 4129 apostolorum
2307 4060 2374 4114 de
2446 4061 2797 4117 recusatione
2865 4062 3078 4130 iudicii.
3127 4062 3444 4130 Quanquam

1875 4158 2053 4202 autem
2121 4149 2167 4204 is
2217 4149 2473 4206 isulIicere
2507 4152 2640 4221 ipsis
2696 4139 3084 4207 videbaturad
3111 4155 3446 4208 sententiam

1869 4239 1994 4308 jure
2031 4239 2332 4306 ferendam,
2365 4251 2546 4298 tamen
2585 4245 2711 4314 quia
2737 4244 2792 4299 in
2825 4247 3002 4300 ocul-is
3063 4247 3351 4312 universae,
3385 4259 3448 4300 ut

1873 4332 2175 4397 sic'dicam,
2209 4333 2470 4400 civitatis,
2531 4349 2691 4405 prout
2743 4331 3045 4406 imperator
3075 4339 3445 4404 ordinaverat,

1873 4425 1987 4480 haec
2017 4426 2369 4494 gerebantur,
2401 4442 2498 4497 per
2522 4443 2686 4498 quam
2717 4441 2835 4484 erat
2863 4431 3237 4500 vulgatissima
3260 4433 3448 4501 Opinio

1809 4529 1852 4585 ι)
1881 4531 1944 4570 ac
1979 4519 2168 4571 notitia
2201 4519 2518 4584 simultatis,
2552 4535 2658 4589 qua
2696 4520 2741 4577 is
2795 4536 2825 4576 a
2859 4523 3170 4590 patriarcha
3226 4523 3328 4578 sibi
3362 4524 3446 4576 vi-

1880 4609 2062 4664 cissim
2107 4610 2318 4665 infenso
2349 4612 2668 4678 dissidebat,
2731 4626 2797 4666 ne
2831 4628 2928 4683 per
2957 4628 3076 4668 eam
3117 4630 3335 4669 causam
3361 4618 3447 4670 in-

1877 4700 2127 4756 ﬁrmandi
2181 4702 2374 4770 judicii
2436 4712 2691 4773 tanquam
2723 4720 2791 4758 ex
2820 4706 2947 4760 odio
3006 4707 3072 4758 ad
3103 4706 3446 4776 imperatoris

1872 4795 2098 4864 gratiam
2149 4795 2243 4848 lati
2280 4795 2496 4850 occasio
2549 4796 2818 4865 quaepiam
2873 4805 2926 4851 et
2961 4813 3026 4851 ex
3059 4811 3121 4851 ea
3148 4807 3446 4864 praeteritus

1873 4888 2186 4943 schismatis
2238 4896 2559 4943 nasceretur
2614 4891 2681 4945 iis
2713 4890 2807 4958 qui
2857 4889 3146 4944 forte'rem
3185 4890 3264 4944 uti
3301 4901 3448 4946 nunc

1875 4983 2169 5051 gerebatur
2244 4981 2467 5035 narra-ri
2547 4991 2733 5052 postea
2799 4983 3071 5046 audirent,
3133 4985 3448 5036 statuerunt

1879 5073 2074 5127 iterum
2113 5073 2164 5128 in
2230 5072 2408 5128 medio
2449 5073 2880 5142 Epsetopulum;
2925 5082 2978 5126 et
3022 5071 3260 5125 libellum
3296 5071 3447 5142 sigil-

1873 5165 2022 5220 latim
2083 5166 2335 5234 expensis
2365 5165 2616 5235 capitulis
2666 5164 2897 5218 reiectus
2931 5163 3091 5234 265
3124 5170 3228 5227 est,
3283 5174 3337 5217 et
3372 5178 3442 5218 au

1874 5263 2042 5310 testes
2113 5256 2335 5309 haberet
2372 5254 2569 5324 quibus
2625 5254 2973 5309 confirmaret
3036 5267 3155 5320 qua:
3216 5267 3442 5308 accusa-

1869 5344 1984 5414 bat,
2040 5346 2403 5415 interrogatus
2455 5355 2538 5400 est
2593 5345 2821 5400 delator.
2879 5344 2974 5400 Ille
3031 5360 3160 5398 vero
3213 5359 3440 5414 respon-

1870 5439 1950 5494 dit
2009 5443 2189 5493 rerum
2249 5439 2426 5510 palam
2487 5439 2896 5493 manifestarum
2956 5439 3101 5493 hunc
3153 5447 3245 5492 aut
3289 5437 3439 5494 illum

1873 5530 2064 5585 adduci
2097 5539 2288 5585 testem
2338 5544 2445 5584 non
2497 5531 2715 5595 debere,
2764 5531 2860 5585 sed
2917 5529 3082 5584 simul
3130 5530 3438 5595 universos,

1869 5622 2013 5690 quod
2042 5636 2194 5690 aeque
2223 5635 2412 5676 omnes
2441 5621 2642 5676 conscii
2681 5621 2947 5676 factorum
3003 5637 3032 5676 a
3063 5637 3140 5677 se-
3179 5622 3442 5693 allegato-

1869 5730 1988 5770 rum
2026 5717 2156 5771 sint.
2189 5715 2262 5771 L't
2301 5725 2480 5768 autem
2511 5713 2700 5768 selecti
2743 5713 2961 5783 quidam
2992 5727 3057 5768 ex
3091 5714 3236 5774 clero
3266 5715 3438 5773 inter.

1871 5811 2041 5874 rogati
2079 5810 2381 5866 orcesertitn
2415 5811 2480 5866 de
2522 5809 2758 5873 sultane,
2787 5821 2967 5865 utrum
3000 5809 3086 5868 ille
3116 5809 3274 5866 simul
3318 5808 3440 5866 litav
