3926 6516
239 427 332 488 'il'i'

1151 420 1250 480 DE
1285 415 1680 480 MICHAELE
1718 414 2184 477 PAL/EOLOGO
2224 416 2357 476 LlB
2394 418 2490 478 1V.

3381 416 3488 479 718

228 544 460 613 θαλάσσῃ
491 539 586 593 καί
620 537 690 602 ὡς
740 536 990 608 μετόχιον
1032 537 1098 607 τῇ
1139 535 1323 608 Ὀξ-είᾳ
1359 535 1634 606 ἡρμόζετο
1666 534 1807 605 (ἐκεῖ
1836 540 1877 595 Α
1911 533 2122 588 ἐκείνου
2176 532 2476 603 ἀπέχθειαν
2527 532 2600 598 ὡς
2642 532 2717 604 μὴ
2752 533 2878 602 παρ’
2910 533 3120 587 ἐκείνου
3169 536 3248 597 εἰς
3295 551 3492 588 κοινωο

226 638 324 706 γάρ
371 631 679 702 προχείρως
735 629 1122 691 κατεδικάζετο
1163 628 1440 689 ἀπελθεῖν,
1497 628 1591 681 καὶ
1637 626 1796 680 τοῦτο

225 730 337 786 κατ’
367 725 685 793 οἰκονομίαν
715 718 868 792 οἶμαι
902 722 1057 783 Θεοῦ,
1092 722 1172 774 ὅτι
1225 723 1319 775 καὶ
1353 721 1413 773 τὸ
1458 723 1620 792 ῥάκος
1652 721 1795 773 ὲκείς

224 840 306 884 νος
355 820 411 871 ἑν
439 820 505 888 τῇ
548 815 728 887 Ὀξείᾳ
759 814 993 886 πρώτως
1028 814 1198 867 ὑπέδυ
1253 814 1342 867 τον
1389 813 1622 882 μοναχὴν
1668 828 1798 880 μετ-

222 908 674 982 αμφιεννόμενος)
711 938 782 949 --
838 907 914 969 ὡς
966 909 1147 959 τοίνυν
1195 905 1335 976 πρὸς
1381 908 1447 976 τῇ
1481 905 1648 975 ἐξόδῳ
1700 905 1799 973 τῆς

222 1001 512 1073 ἐκκλησίας
549 996 759 1072 ἦν,·[Ρ.
800 997 923 1071 185]
974 998 1194 1070 αἰθρίας
1234 999 1288 1062 ἐς
1338 1000 1458 1050 τότε
1487 996 1652 1065 οὔσης
1678 997 1799 1049 κατ’

221 1093 438 1165 οὐρανὸν
494 1092 758 1160 ἐξαίφνης
806 1091 967 1159 νέφος
1008 1091 1232 1143 σκοτόεν
1265 1090 1529 1160 Ξὲπλήρου
1563 1089 1622 1141 τὸ
1666 1090 1797 1155 πᾶν,

222 1185 308 1239 καὶ
357 1184 617 1254 ῥαγδαῖος
672 1183 892 1252 σύναμα
956 1181 1168 1252 χαλάζῃ
1229 1176 1562 1248 κατεφέρετο
1621 1177 1798 1258 ὑετὸς,

219 1275 402 1347 χρῆμά
431 1291 490 1326 τε
527 1273 767 1337 ἐξαίσιον
808 1271 1102 1342 ἀστραπῶν
1136 1271 1226 1323 τόν
1256 1271 1394 1337 άέρα
1428 1267 1801 1338 πυρεκϐολοῦν

221 1369 450 1433 ὲξέκαιε,
485 1367 585 1418 καὶ
623 1365 823 1418 κτύποι
864 1363 1103 1434 βροντῶν
1134 1365 1374 1431 συνεχεῖς
1402 1362 1466 1413 τὰ
1499 1362 1606 1413 τῶν
1639 1361 1803 1411 ἁκουο

222 1464 380 1515 όντων
412 1460 818 1528 συνετάρασσον
851 1452 984 1510 ὦτα.
1016 1457 1280 1516 Κάκεῖνος
1315 1459 1370 1506 έν
1402 1457 1580 1515 τῧσοις
1608 1453 1802 1513 δεινοῖς

222 1557 325 1617 τοῖς
363 1555 677 1620 ἀπάγουσιν
711 1552 944 1616 εἵλκετο,
991 1551 1099 1613 ἓως
1141 1552 1236 1603 καὶ
1271 1551 1327 1611 ές
1359 1549 1456 1617 τὴν
1501 1547 1666 1617 μονὴν
1700 1565 1802 1599 καθ

222 1648 835 1719 τηντήκεσαν.,Ἑκεῖσε
874 1648 1002 1713 γοῦν
1032 1645 1390 1713 διαγαγόντος
1428 1643 1524 1712 τὴν
1564 1644 1800 1711 ἡμέραν,

221 1744 282 1811 τῇ
337 1741 702 1810 ἐπιγενομένη
742 1730 1026 1807 νυκτὶνηῒ
1059 1738 1237 1791 άλιάδι
1271 1737 1550 1805 ἐνθέμενοι
1597 1733 1797 1805 περιώ-

219 1833 364 1903 νριζον
395 1833 498 1884 ἀνά
533 1833 634 1902 τὴν
661 1833 1081 1903 Προικόννησον,
1116 1831 1192 1901 τῷ
1216 1832 1392 1882 ἐκεῖσε
1428 1829 1699 1898 μονυδρίῳ
1724 1827 1802 1896 τῷ

1903 630 2022 682 νίαν
2055 629 2370 698 δεχόμενος,
2410 627 2587 680 αἰτίαν
2634 628 2836 696 φέρων,
2864 628 2915 679 εί
2947 629 3122 698 ἀληθῆ
3170 628 3364 698 ἄδηλον
3402 628 3487 694 ὃν,

1903 721 2050 790 ὅμως
2073 721 2130 772 δὲ
2166 719 2352 789 φέρων
2381 719 2444 772 ὲκ
2476 720 2666 788 φήμης
2707 719 2782 782 ὼς
2818 721 3209 790 συγκοινωνοίη
3255 721 3399 774 κατά
3437 738 3488 773 τι

1902 819 2015 877 τοῖς
2058 813 2390 883 Ἀρμενίοις,
2423 814 2543 865 τότε
2585 813 2671 866 διὰ
2702 812 2876 866 ταῦτα
2909 815 3001 868 καὶ
3041 814 3491 885 προσαπεδέχετο

1901 904 1962 957 τὸ
1999 902 2246 956 ἐκποδὼν
2289 905 2496 956 ἐκεῖνον
2527 903 2778 971 γενέσθαι
2815 906 2907 957 καὶ
2958 905 3175 975 συνῄνει
3220 905 3466 973 γνωμοδο

1903 998 2039 1050 τῶν.
2079 997 2137 1050 Ὀ
2167 996 2213 1050 δ’
2256 996 2665 1065 Ἀλεξανδρείας
2699 997 2968 1060 Νικόλαος
3015 997 3272 1050 τοσούτου
3308 1015 3496 1050 συναι-

1906 1092 2018 1143 νεῖν
2048 1090 2272 1159 ἐδέησεν
2303 1089 2444 1143 ὥστε
2479 1092 2574 1142 καὶ
2609 1090 2866 1157 καθάπαξ
2897 1091 3004 1144 τῶν
3035 1091 3500 1162 καταψηφισαμέ-

1906 1199 2016 1235 νων
2043 1183 2310 1252 ἐσχίζετο,
2334 1185 2428 1236 καὶ
2452 1183 2666 1253 ἔμεινεν
2691 1183 2797 1246 ἕως
2816 1184 3002 1246 τέλους
3027 1186 3082 1236 ὲν
3101 1183 3299 1256 τούτῳ,
3327 1185 3498 1256 μηδὲν

1911 1277 2253 1346 μεταλλάξας
2303 1277 2411 1330 τῶν
2463 1277 2848 1348 ἐγνωσμένων.

1908 1391 1961 1448 ι’.
1995 1393 2196 1458 ’Ὅπως
2222 1393 2447 1460 ἤθελεν
2474 1399 2507 1448 ὀ
2535 1395 2910 1462 πατριάρχης
2941 1393 3038 1447 ἐπὶ
3073 1394 3184 1462 τῆς
3209 1397 3388 1465 τιμῆς
3414 1393 3501 1448 ὢν

2033 1465 2470 1520 ἀνακαλεῖσθαι
2498 1465 2578 1531 ὡς
2609 1467 2887 1534 ἁρχιελτέα
2918 1470 3026 1520 τὸν
3065 1467 3363 1536 Σάρδεων.

1977 1558 2102 1611 Τῶν
2159 1558 2201 1611 δ’
2252 1561 2573 1629 ἀρχιερέων,
2614 1560 2755 1631 πλὴν
2783 1560 2890 1612 τῶν
2939 1562 3221 1630 προτέρων
3252 1562 3497 1626 ἐκείνων,

1907 1652 2170 1724 Μανουήλ
2200 1669 2258 1704 τε
2293 1651 2386 1704 τοῦ
2423 1653 2822 1723 Θεσσαλονίκης
2853 1655 2947 1707 καὶ
2968 1655 3059 1706 τοῦ
3087 1655 3336 1724 Σάρδεων
3376 1655 3499 1708 ’Λν-

1905 1744 2178 1814 δρονίκου,
2214 1743 2295 1817 [Ρ.
2333 1744 2457 1818 184]
2484 1747 2657 1808 οὐδεὶς
2692 1746 2850 1810 ἄλλος
2879 1742 2946 1817 ἦν
2977 1749 3003 1800 ὁ
3030 1747 3372 1818 σχιζόμενος.
3393 1748 3498 1799 Τὸν

1921 1833 2285 1904 Ἀνδρόνικον,
2307 1836 2388 1900 ὡς
2414 1837 2506 1890 καὶ
2539 1837 2677 1890 κατὰ
2711 1839 2980 1908 μοναχοὺς
3005 1838 3336 1908 ἁποκπρείη,
3362 1837 3499 1908 φθά-

225 1924 328 1977 άνω
359 1923 456 1990 τῆς
491 1925 780 1995 ὲγχωρίως
801 1924 1105 1994 λεγομένης
1139 1921 1334 1988 Σοὺδας
1368 1920 1612 1991 κειμένῳ
1642 1923 1805 1988 ἐγκα-
1841 1909 1880 1965 Β
1912 1943 2101 1987 σαντες
2135 1928 2383 1997 εἴπομεν.
2417 1929 2516 1983 “Ov
2551 1932 2647 1982 καὶ
2681 1931 2775 1984 ἐπὶ
2804 1930 2903 2001 τῆς
2935 1931 3099 1984 αὑτοῦ
3127 1932 3499 2003 πατριαρχίας

222 2018 628 2085 τακλείσαντες,
680 2017 944 2083 τάξαντες
979 2018 1074 2071 καὶ
1107 2017 1355 2086 ὀπτῆρας
1407 2017 1471 2067 ὲκ
1506 2017 1612 2068 τῶν
1647 2015 1797 2085 βασιο

222 2112 402 2175 λικῶν,
433 2112 510 2177 ὡς
553 2111 631 2183 μὴ
658 2112 828 2181 θεῷτο
859 2113 969 2175 τοῖς
1005 2110 1374 2182 βουλομένοις.

223 2220 284 2274 θ’.
314 2223 513 2288 Ὅπως
561 2225 621 2277 οἱ
668 2221 780 2290 τῆς
832 2221 1141 2290 ἀνατολῆς
1191 2224 1569 2291 πατριάρχαι,
1613 2226 1645 2277 ὀ
1695 2223 1804 2290 τῆς

299 2293 762 2360 Ἀλεξανδρείας
797 2295 896 2346 καὶ
935 2295 1316 2361 Ἀντιοχείας.
1363 2297 1496 2360 περὶ
1538 2295 1803 2362 τὶιν”κα-

288 2366 562 2431 θαιρεσιν
592 2365 699 2418 τοῦ
723 2363 1088 2433 πατριάρχου
1117 2363 1494 2431 διετέθησαν.

289 2477 441 2531 Οὕτω
477 2477 580 2548 μὲν
615 2473 708 2530 οἷν
736 2479 802 2530 τΞι
837 2477 960 2530 κατ’
1000 2478 1210 2530 ἐκεῖνον
1249 2477 1658 2546 διαταξάμενοι,
1682 2476 1805 2528 ἐπεὶ

223 2569 313 2619 καί
359 2569 484 2628 τοὺς
525 2570 878 2638 πατριάρχας
920 2567 1007 2620 ἐπ’
1060 2567 1255 2638 ἐκείνῳ
1297 2567 1658 2636 γνωμοῖοτεῖν
1693 2568 1804 2620 τῶν

227 2659 530 2727 ἀναγκαίων
564 2659 840 2730 ἐνόμιζον,
878 2658 1212 2730 ἀξιουμένων
1241 2660 1465 2712 ἐκείνων
1487 2662 1514 2712 ὁ
1544 2661 1641 2729 μὲν
1684 2659 1804 2714 Ἀν-

227 2750 455 2820 τιοχείας
483 2751 766 2821 Εὑθύμιος
792 2752 1120 2823 ὡρμημένος
1145 2753 1239 2804 καὶ
1263 2752 1432 2805 πάλαι
1461 2754 1539 2814 είς
1559 2753 1658 2821 τὴν
1686 2752 1804 2804 κατ’

230 2947 330 3004 tus,
393 2937 697 3008 imperator
749 2936 1090 3001 decreverat,
1137 2937 1189 2991 id
1221 2937 1362 3008 quod
1412 2939 1660 3008 equidem
1698 2952 1803 2989 non

225 3032 338 3086 sine
386 3033 612 3085 numine
667 3029 872 3092 factum
919 3029 1176 3093 arbitror,
1231 3031 1355 3081 dum
1400 3031 1584 3082 animo
1614 3020 1805 3098 repu'o

233 3109 428 3178 sacram
479 3124 739 3178 monachi
784 3133 988 3176 vestem
1023 3137 1084 3176 ac
1131 3120 1524 3191 professionem
1571 3122 1802 3190 primum

225 3217 388 3286 271‘
434 3218 502 3272 ab
562 3215 792 3270 Arsenio
844 3224 1146 3284 susceptam
1190 3215 1330 3282 apud
1377 3210 1625 3282 Oxeam),
1661 3229 1802 3274 cum,

234 3311 460 3378 inquam,
495 3313 548 3365 in
598 3324 664 3364 eo
695 3319 838 3364 esset
887 3319 944 3362 ut
978 3309 1181 3377 templo
1221 3309 1578 3379 egrederetur
1629 3317 1683 3362 et
1708 3323 1803 3360 sn-

231 3403 343 3456 dum
374 3419 682 3473 purumque
727 3402 924 3457 caelum
954 3408 1118 3464 esset,
1157 3398 1299 3455 fteda
1362 3409 1583 3469 repente
1633 3399 1806 3453 nubes

236 3506 356 3549 tetra
388 3509 584 3551 cuncta
604 3497 836 3567 caligine
862 3496 1178 3565 complevit,
1213 3494 1611 3562 vehemensqne
1642 3493 1802 3547 simul

235 3589 394 3646 imber
421 3595 590 3646 rnista
628 3593 893 3660 grandine
928 3591 1148 3654 decidit,
1182 3589 1485 3660 fulguribus
1515 3589 1804 3642 horrendis

231 3680 328 3736 late
365 3700 544 3739 aerem
578 3685 1016 3739 incendentibus.
1048 3681 1150 3736 Per
1178 3683 1276 3736 has
1321 3682 1412 3736 ille
1443 3696 1712 3735 aerumnas
1738 3681 1805 3734 ab

227 3775 613 3832 abtlucentihus
661 3779 997 3835 trahebatur.
1046 3779 1224 3847 quoad
1291 3776 1342 3829 in
1379 3775 1545 3837 illam,
1591 3775 1657 3829 de
1698 3789 1801 3842 qua

234 3869 350 3933 dixi,
385 3872 766 3926 dmnunculam
821 3880 1223 3939 pervenerunt;
1259 3870 1348 3924 ubi
1383 3883 1506 3922 cum
1529 3869 1669 3921 diem
1705 3883 1802 3935 po-

229 3968 418 4015 sterum
453 3963 869 4033 transegisscnt,
906 3972 1063 4016 nocte
1088 3965 1330 4015 insecuta
1360 3962 1478 4013 navi
1513 3958 1801 4012 Arsenium

233 4053 911 4126 piscatoriaeimpatientes,
979 4056 1326 4124 deportatum
1385 4054 1520 4107 ultra
1557 4052 1802 4106 Procon—

235 4161 405 4200 uesmn
435 4151 772 4204 incluserunt
801 4149 1190 4203 mausiunculze
1214 4148 1325 4204 illic
1355 4150 1474 4201 sila:
1531 4162 1689 4216 supra
1718 4147 1802 4198 lo-

223 4253 364 4302 cum,
396 4259 558 4310 quem
591 4243 748 4312 vulgo
803 4238 993 4296 incolae
1030 4241 1232 4294 Sndam
1289 4249 1505 4304 vocant,
1545 4240 1802 4308 appositis

234 4335 536 4390 custodibus
568 4350 599 4388 e
629 4335 890 4389 satellitio
923 4335 1288 4404 imperatoris,
1329 4347 1392 4387 ne
1424 4334 1560 4386 adiri
1590 4333 1741 4388 exsul
1771 4351 1798 4386 a

233 4424 492 4490 quibusvis
521 4428 761 4483 invisere
794 4428 1099 4482 volentibus
1124 4435 1322 4495 posset.

231 4535 276 4590 9.
315 4537 380 4592 Ut
415 4541 711 4594 Orientales
742 4542 1062 4610 patriarcha:
1097 4542 1492 4596 Alexandrinus
1522 4555 1567 4595 et
1612 4543 1800 4596 Antio-

1921 2016 2219 2086 Ἀρσένιος,
2255 2015 2314 2071 εὖ
2350 2019 2504 2082 εἰδὼς
2527 2020 2610 2084 ιὼς
2640 2021 2707 2074 δι’
2743 2023 2954 2076 ἐκεῖνον
2980 2023 3038 2076 τὸ
3069 2023 3285 2094 πρῶτον
3319 2024 3498 2094 ἐξορι-

1910 2110 2104 2163 σθέντα
2125 2112 2291 2165 ὑπέδυ
2307 2114 2373 2165 τὰ
2399 2114 2648 2184 μοναχῶν
2672 2113 3008 2185 ἐξεπίτηδες,
3027 2115 3218 2187 ἤθελεν
3235 2118 3500 2187 ἀνορθοῦν

1910 2204 2248 2274 ἀποθέμενον
2273 2207 2474 2270 εὐθέως
2510 2208 2579 2259 τὰ
2605 2209 2771 2278 ῥάκη.
2828 2209 2968 2261 Ἀλλ’
3008 2211 3110 2263 οὐκ
3140 2212 3424 2279 ἐξεγένετό
3451 2213 3502 2264 et

1910 2300 1989 2362 εἰς
2011 2297 2168 2351 τοῦτο
2193 2301 2284 2352 καὶ
2312 2301 2439 2364 τοὺς
2469 2301 2733 2372 ἱεράρχας
2759 2302 3104 2372 συμπείθειν.
3145 2305 3366 2375 Ἐπειδὴ
3390 2304 3501 2374 γάρ

1909 2391 2117 2453 ἐκεῖνος
2133 2391 2254 2445 τότε
2277 2391 2355 2463 τῷ
2379 2395 2699 2466 πατριάρχῃ
2723 2394 2846 2448 κατ’
2874 2397 3011 2450 ἰδίαν
3035 2397 3506 2467 κοινολογησάμε-

1908 2501 1998 2546 νος
2015 2479 2075 2537 εὖ
2085 2501 2196 2554 ρεν,
2217 2485 2265 2537 εί
2285 2485 2444 2554 μόνον
2457 2487 2674 2556 θελήσοι
2690 2491 2834 2558 καὶὴ
2853 2489 3089 2553 σύνοδος,
3107 2491 3502 2552 κατανεύοντα,

1910 2567 2143 2640 ὲξελθῶν
2175 2577 2386 2631 ἐκεῖθεν
2411 2578 2551 2647 ἔγνω
2581 2581 2748 2650 πείρᾳ
2782 2581 2982 2636 διδόναι
3012 2584 3073 2635 τὸ
3109 2585 3363 2651 πρᾶγμα.
3396 2586 3506 2637 Καὶ

1907 2667 1971 2737 δὴ
2000 2669 2142 2722 κατὰ
2177 2670 2306 2740 μίαν
2338 2670 2444 2723 τῶν
2479 2673 2773 2724 συνοδικῶν
2807 2675 3060 2745 ἡμερῶν,
3091 2677 3504 2743 συνεγνωκότος

1910 2763 2003 2813 καὶ
2033 2761 2127 2815 τοῦ
2183 2765 2550 2836 πατριάρχου,
2589 2765 2832 2836 μανδύαν
2883 2785 2940 2820 τε
2988 2769 3369 2841 ἀρχιερσιτικὸν
3404 2787 3504 2823 πε-

1909 2956 2016 3008 eet,
2040 2954 2095 3000 et
2147 2962 2262 3000 suae
2326 2947 2471 3001 illam
2533 2949 2820 3003 sententiae
2875 2952 3200 3007 auctoritate
3249 2954 3502 3023 adjuncta

1911 3039 2279 3095 confirmavit.
2307 3043 2377 3094 At
2413 3042 2817 3098 Alexandrinus
2844 3044 3099 3099 Nicolaus
3147 3057 3355 3102 tantum
3409 3048 3506 3100 ah-

1910 3131 2066 3188 luita
2094 3137 2499 3204 coinprobando
2543 3139 2707 3200 laeto,
2765 3140 3012 3193 tttsctnel
3047 3155 3110 3194 ea
3157 3157 3318 3196 causa
3382 3142 3504 3194 illos

1917 3228 2010 3297 qui
2067 3229 2359 3282 Arsenium
2427 3231 2818 3287 damnaverant
2872 3250 2899 3285 a
2946 3249 3044 3288 sua
3120 3234 3506 3290 communione

1914 3319 2191 3375 abscissos
2219 3321 2382 3391 272
2416 3339 2687 3393 nunquam
2718 3325 2957 3393 amplius
2977 3327 3286 3392 admiserit,
3327 3342 3504 3395 neque

1913 3427 2101 3465 eorum
2145 3430 2263 3482 quae
2289 3415 2380 3468 tali
2424 3418 2714 3470 occasione
2743 3418 3060 3475 decreverat
3108 3427 3317 3475 mutare
3345 3421 3502 3490 quid-

1913 3522 2075 3574 quam
2112 3506 2179 3560 ad
2212 3510 2371 3564 linem
2411 3526 2586 3579 usque
2608 3511 2862 3566 voluerit.

1910 3621 1997 3676 10.
2033 3622 2100 3677 Ut
2135 3626 2390 3678 Arsenius
2421 3629 2473 3678 in
2519 3628 2840 3693 patriarcha:
2870 3624 3130 3697 dignitate
3156 3631 3329 3684 adhuc
3367 3647 3500 3685 con-

1981 3697 2203 3772 stitutus
2251 3698 2524 3750 restituere
2554 3697 2618 3749 in'
2637 3699 2896 3768 integrum
2941 3701 3162 3754 voluerit
3199 3703 3496 3772 episcopum

1983 3766 2322 3821 Sardensem.

1988 3878 2380 3950 Episcoporum
2412 3897 2561 3946 vero,
2596 3892 2794 3950 praeter
2819 3885 3026 3952 priores
3051 3885 3168 3940 illos
3193 3885 3496 3942 Manuelem

1911 3973 2454 4028 Thessalonicensem
2478 3987 2530 4028 et
2555 3977 2922 4030 Andronicum
2949 3978 3299 4045 Sardensem,
3320 3981 3497 4033 nullus

1909 4066 2052 4122 alius
2095 4067 2335 4121 schisma
2388 4069 2643 4123 faciebat.
2699 4071 3068 4124 Andronicum
3120 4074 3406 4127 detonsutn
3444 4075 3495 4124 in

1908 4161 2234 4212 monachum
2266 4153 2514 4230 superius
2550 4161 2810 4216 diximus.
2840 4162 2994 4218 lluuc
3032 4161 3316 4228 Arsenins,
3342 4176 3498 4235 post-

1906 4265 2066 4319 quam
2096 4253 2750 4324 restitutuspatriam-Itali
2785 4256 2982 4309 throno
3011 4257 3131 4322 luit,
3167 4260 3348 4313 sciens
3396 4275 3496 4314 sua

1907 4361 2067 4398 causa
2093 4347 2731 4414 expulstnumtexsilium
2760 4350 3492 4418 Incrifaceret,mouasriram

1907 4446 2113 4491 vestem
2147 4436 2410 4502 induisse,
2430 4455 2692 4508 reponit-re
2710 4442 2758 4492 in
2776 4449 2972 4495 statum
2995 4443 3277 4511 pristinum
3302 4446 3494 4508 voluit,

1907 4528 2002 4582 sed
2039 4545 2140 4582 non
2169 4531 2336 4584 valuit
2367 4532 2597 4585 aliorum
2634 4533 2685 4585 iu
2719 4534 2767 4586 id
2798 4535 3101 4587 antistitum
3138 4536 3335 4591 elicere
3363 4555 3497 4589 con-

294 4612 476 4690 cltenus
510 4613 656 4666 circa
680 4613 1006 4682 patriarcha:
1051 4615 1428 4681 depositionem
1460 4613 1638 4682 aﬂ'ecti
1681 4612 1798 4681 fue-
1830 4624 1874 4678 1)
1905 4635 2145 4674 sensum.
2185 4619 2294 4675 Res
2352 4623 2403 4676 in
2463 4625 2605 4677 hunc
2640 4635 2915 4679 transacta
2967 4627 3183 4680 modum
3215 4637 3321 4680 est.
3375 4627 3499 4696 Egit

293 4681 414 4736 rint.

297 4793 490 4852 llorum
521 4798 575 4852 in
605 4798 747 4852 hunc
783 4799 996 4853 inodum
1029 4808 1217 4853 contra
1244 4799 1611 4868 patriareham
1632 4799 1801 4852 Arse—

229 4888 368 4942 nium
397 4899 639 4944 actorum
673 4891 850 4957 magni
888 4889 1113 4956 referre,
1145 4893 1273 4959 quin
1307 4893 1413 4944 imo
1436 4894 1799 4946 necessarium

228 4995 366 5046 esse,
397 4985 489 5051 qui
546 4993 774 5054 egerant
829 4985 1110 5052 putabant,
1162 4995 1218 5037 ut
1247 4984 1428 5037 caueri
1480 4981 1803 5050 patriarchae

235 5084 470 5130 auctores
495 5077 691 5133 fierent
719 5077 1082 5132 concordibus
1109 5077 1158 5130 iu
1185 5092 1247 5130 ea
1283 5075 1558 5145 sull‘ragiis
1587 5076 1798 5130 dandis.

236 5165 359 5222 Cum
390 5171 550 5240 igitur
584 5171 740 5225 illiut
787 5173 837 5225 id
868 5181 1171 5225 annuerent
1229 5181 1572 5240 rogarentur,
1607 5171 1800 5224 Antio-

239 5259 426 5317 chenus
453 5266 668 5333 quidem
693 5264 1020 5336 Euthymius
1045 5263 1202 5318 facile
1235 5279 1491 5318 assensus
1513 5274 1598 5317 est
1634 5281 1646 5316 :
1681 5274 1800 5318 crat

236 5356 368 5408 enim
429 5361 565 5412 haud
621 5361 848 5415 obscure
899 5358 1009 5427 jam
1061 5358 1186 5413 ol'nn
1235 5358 1468 5413 Arscnio
1527 5357 1795 5422 infensus,

241 5449 370 5514 quod
422 5453 486 5507 ab
535 5453 650 5522 ipso
691 5455 744 5508 in
784 5454 1220 5509 communionem
1279 5471 1383 5506 non
1443 5457 1796 5522 reciperetur.

240 5537 396 5596 Causa
432 5545 699 5600 ferebatur
720 5545 884 5619 (haud
912 5549 1161 5616 equidem
1199 5547 1500 5601 deﬁuierim
1531 5565 1597 5600 an
1628 5563 1753 5601 vera
1783 5589 1797 5612 ,

243 5632 325 5683 sed
359 5635 491 5692 hanc
531 5649 708 5693 tamen
758 5639 950 5709 vulgus
991 5657 1244 5695 sermone
1300 5641 1631 5710 celebrabat)
1656 5643 1798 5708 quod

243 5721 590 5786 Antiochentts
620 5735 1082 5790 communicasset
1104 5737 1336 5805 quadam
1368 5737 1420 5790 in
1453 5751 1510 5790 re
1541 5751 1661 5789 cum
1691 5736 1796 5789 Ar-

245 5821 438 5903 meniis.
487 5830 660 5893 Quare
696 5829 838 5882 idem
879 5830 1165 5884 occasione
1214 5831 1436 5886 ultionis
1467 5832 1665 5902 cupide
1715 5846 1801 5885 ar-

248 5921 383 5978 repta
411 5922 901 5976 exauctorationem
930 5922 1231 5978 adversarii
1257 5923 1491 5979 libenter
1519 5925 1801 5993 amplexus

1904 4722 2120 4766 secreto
2147 4715 2491 4767 Andronicus
2523 4730 2644 4768 cum
2676 4717 2904 4770 ArSettio
2929 4717 3122 4770 iterum
3158 4718 3492 4787 patriarcha,

1907 4816 1959 4859 et
1999 4822 2063 4859 ex
2105 4821 2171 4860 eo
2201 4809 2465 4861 intellexit
2514 4824 2610 4877 per
2640 4811 2810 4876 ipsum
2863 4824 2968 4862 non
3005 4817 3153 4863 stare
3200 4811 3496 4879 quominus

1909 4902 2170 4954 continuo
2203 4903 2448 4971 deposito
2495 4905 2818 4957 monachico
2871 4915 3103 4956 centone
3149 4903 3494 4972 episeopalcs

1912 4992 2104 5045 iterum
2137 4992 2334 5046 infulas
2366 5002 2646 5046 sumeret:
2681 4994 2802 5045 addi
2839 4995 2996 5046 modo
3016 4992 3078 5045 ad
3104 5003 3496 5048 suamcuraret

1913 5083 2137 5139 Patrum
2166 5101 2379 5154 quoque
2414 5102 2479 5140 ac
2505 5089 2694 5156 synodi
2736 5085 3089 5138 voluntatem.
3151 5083 3246 5137 llis
3277 5085 3494 5139 Andro.

1907 5179 2061 5234 uicus
2083 5180 2318 5249 cognitis
2349 5180 2586 5245 experiri
2631 5180 2906 5247 negotium
2940 5178 3214 5244 decrevit;
3277 5191 3329 5233 et
3360 5196 3494 5245 qna—

1906 5274 2026 5326 tlatn
2059 5274 2164 5334 die,
2195 5288 2300 5342 qua
2326 5272 2634 5342 congregati
2665 5271 2933 5324 antistites
2971 5278 3126 5322 erant
3180 5286 3300 5324 cum
3329 5274 3494 5339 patri-

1905 5367 2070 5418 archa
2109 5365 2182 5418 rei
2229 5367 2471 5421 conscio.
2496 5363 2857 5432 episcOpaletn
2897 5363 3139 5415 humeris
3174 5365 3488 5432 Inandyam,

1905 5459 2068 5528 Capiti
2105 5459 2333 5512 cidarim
2368 5459 2614 5527 imponit,
2648 5441 2723 5509 et.
2759 5459 2837 5511 sic
2896 5458 2962 5510 ad
3007 5455 3147 5510 fores
3174 5457 3369 5511 sedens
3396 5472 3496 5527 po~

1908 5551 2078 5605 stulat
2113 5549 2348 5606 admitti.
2374 5548 2666 5603 Nuntiatur
2699 5548 2954 5603 Patribus
2974 5549 3117 5618 quis,
3142 5565 3492 5619 quo-ornatu,

1905 5645 2033 5712 quid
2071 5652 2300 5712 peteret.
2353 5643 2637 5711 Displicuit
2672 5643 2944 5713 plerisque
3007 5658 3199 5697 ausum
3233 5658 3354 5698 esse
3417 5645 3498 5697 in-

1902 5737 2053 5806 jussu
2091 5737 2412 5789 monachum
2456 5734 2822 5804 episcopalem
2880 5750 3163 5791 resumere
3211 5745 3486 5793 ornatum.

1907 5828 2048 5897 Ergo
2081 5828 2354 5882 hominem
2387 5841 2654 5882 consensu
2691 5828 3033 5896 rejeceruut;
3068 5839 3267 5881 etcum
3298 5827 3496 5896 aliquis

1882 5923 2196 5992 -qu-.undam
2233 5921 2351 5992 ejus
2382 5922 2666 5992 epistolam
2704 5920 3044 5993 protulisset,
3108 5923 3196 5978 cui
3255 5920 3495 5993 seipsttm
