3926 6536
435 407 558 474 "illi

1653 398 1973 462 GEORGII
2021 394 2506 456 PACHYMERAS

3591 383 3684 446 720

457 517 764 591 ριεέλλεται
823 517 912 570 καὶ
964 517 1056 570 ἐπὶ
1108 515 1478 586 κεφα>.ἧς,τὴν
1529 515 1679 584 ἱερὰν
1725 509 2103 569 ἐπιτίθεταιΑ
2130 507 2380 577 ὑπήκοοι,
2423 505 2626 575 μηδένα
2674 503 2780 555 τῶν
2825 501 3080 555 ἁπάντων
3125 496 3276 569 ὑμῶν
3315 496 3407 550 ἐπὶ
3453 495 3686 550 τοσοῦτον

453 611 685 682 κίδαριν,
727 614 818 662 καὶ
853 610 1138 673 καθεσέἳς
1188 609 1290 672 ἔξω
1323 608 1510 676 γαιρὸν
1544 606 1725 675 ἐζήτει
1754 602 2028 656 συνελθεῖν

451 704 514 770 τῇ
552 701 751 768 συνόδῳ
795 700 873 768 τῷ
919 702 1226 771 πατριάρχῃ
1266 697 1677 768 συνεδρευούσῃ.
1720 695 1807 758 Ὠς
1847 693 1892 747 δ’
1930 693 2028 761 ἡγ-

451 793 672 860 γέλλετο
710 795 772 862 τῇ
811 792 1011 860 συνόδῳ
1041 790 1104 848 τὰ
1133 790 1262 860 περὶ
1293 788 1482 842 τούτου
1514 787 1898 858 περιμένοντος
1933 788 2026 836 καὶ

448 887 848 956 ἀρχιερατικὼς
900 885 1204 936 ὲστολίσῢαι
1244 881 1568 951 ἐμάνθανον,
1616 879 1766 932 δεινὰ
1805 877 2027 932 ἐποίουν

380 977 394 988 ’
448 981 542 1030 καὶ
579 977 678 1028 οὐκ
730 975 920 1045 ἤθελον
955 973 1230 1044 δέχεσθαι.
1279 973 1364 1036 Ὠς
1415 972 1471 1025 δέ
1529 990 1611 1033 τις
1661 970 1885 1023 ἐκείνων
1933 973 2026 1022 καὶ

445 1068 546 1140 τὴν
587 1067 876 1135 ἐπιστολὴν
905 1064 1186 1133 ὲνεφὰνιζε
1225 1066 1323 1135 τὴν
1359 1065 1586 1127 ἐκείνου,
1622 1065 1678 1116 ὲν
1783 1061 2026 1130 ἐπέγρα-

448 1179 548 1228 φεν
579 1159 775 1213 ἑαυτὸν
822 1160 1053 1220 οἰκείαις
1104 1158 1291 1226 χερσὶν
1336 1155 1677 1218 Ἀθανάσρι,
1721 1153 1918 1208 αὐτίκα
1950 1151 2026 1221 τῷ

452 1256 549 1324 μὲν
601 1254 913 1323 πατριάρχῃ
964 1252 1060 1322 τὴν
1091 1252 1183 1303 τοῦ
1241 1251 1452 1320 βοηθεῖν
1504 1249 1680 1318 ὁρμὴν
1715 1245 2027 1317 ὴμϐλύσϐαι

448 1346 542 1397 καὶ
586 1345 645 1396 τὸ
682 1345 821 1413 ὑπὲρ
858 1345 1066 1394 ἐκείνου
1103 1338 1302 1410 Θερμδν
1345 1335 1578 1408 ὲψῦχθαι
1619 1333 1921 1400 συνέϐαινε,
1949 1331 2027 1403 τῷ

447 1441 488 1492 δ’
531 1439 858 1492 ἁνακοπέντι
891 1434 1213 1504 καθυφεῖναι
1245 1431 1338 1499 τῆς
1385 1429 1579 1499 πείρας
1611 1428 1704 1481 καὶ
1735 1425 2025 1495 ἀπραγμό-

448 1551 553 1598 νως
601 1531 850 1586 ἐντεῦθεν
901 1530 1127 1596 διάγειν.
1175 1525 1334 1580 Ἀλλὰ
1364 1523 1535 1577 ταῦτα
1580 1522 1676 1592 μὲν
1719 1520 2023 1590 πρότερον·

447 1630 568 1682 τότε
595 1625 652 1680 δὲ
683 1623 869 1677 πολλοὶ
901 1625 1006 1674 τῶν
1033 1638 1090 1674 τε
1124 1617 1372 1690 μοναχῶν
1399 1618 1490 1670 καὶ
1520 1615 1618 1684 τῆς
1647 1614 1880 1706 λαώδους
1912 1611 2029 1680 μοί-

449 1737 553 1790 ρας
585 1715 1011 1787 ἀποσχισυέντες
1046 1711 1166 1767 καθ’
1220 1711 1416 1772 αὐτοὺς
1453 1707 1822 1775 συνελέγοντο,
1868 1703 1894 1756 ἰ
1933 1703 2026 1772 Μὴ

447 1811 562 1884 δίψῃ
593 1809 726 1882 μηδὲ
759 1807 886 1878 θίγῃ
918 1805 975 1858 τὺ
997 1805 1277 1874 παράπαν,
1317 1819 1334 1853 t
1360 1800 1631 1868 λέγοντες,
1657 1816 1674 1848 ι
1709 1795 1767 1860 δς
1798 1795 1864 1849 ἂν
1899 1811 2022 1847 συν-

448 1902 622 1971 αινοίη
685 1903 749 1970 τῇ
797 1899 1112 1966 καθαιρέσει
1153 1894 1244 1947 τοῦ
1299 1888 1706 1962 πατριάρχουῆ
1758 1890 1864 1958 μὴν
1911 1903 2025 1940 κοι-

447 1995 646 2064 νωνοίη
695 1996 808 2056 τοῖς
862 1989 1224 2043 συναινοῦσιν.
1267 2009 1285 2040 ι
1333 1985 1471 2040 Ἀλλ’
1515 1989 1541 2038 ὁ
1596 1983 1868 2054 βασιλεὺς,
1901 1980 2024 2034 ἐπεὶ

445 2088 548 2140 οὐκ
581 2082 648 2158 ἦν
681 2086 780 2154 τὴν
834 2081 1160 2152 Ἐκκλησίαν
1203 2081 1537 2148 ἀποίμαντον
1583 2077 1880 2147 διαμένειν,
1913 2075 2024 2134 τοῖς

450 2181 548 2250 μὲν
593 2176 940 2249 ἀρχιερεῦσιν
989 2175 1155 2244 ἐφῆκε
1207 2170 1540 2242 ψηφίζεσθαι
1609 2169 1697 2222 τὸν
1743 2167 1894 2238 σφίσι
1935 2167 2026 2220 δι)⁴

446 2271 667 2336 κοῡντα,
697 2270 858 2332 αὐτὸς
895 2268 951 2320 δὲ
999 2265 1134 2336 βαθύ
1169 2283 1221 2320 τι
1253 2263 1518 2334 συνορῶν,
1553 2263 1648 2315 καὶ
1677 2259 2024 2340 ἀναστέλλειν

448 2364 618 2416 Θέλων
646 2363 713 2416 τὰ
742 2361 1039 2431 σχίσματα,
1067 2357 1286 2424 σύναξίν
1321 2374 1379 2409 τε
1411 2354 1597 2425 κοινὴν
1631 2353 2021 2437 παραγγέλλει,

447 2459 543 2510 καὶ
578 2459 794 2508 πάντων
821 2455 877 2506 ὲν
908 2451 1088 2522 ταυτῷ
1127 2449 1488 2517 συλλεγέντων
1529 2448 1593 2499 ἐκ
1629 2445 1721 2499 τοῦ
1776 2443 2024 2514 παραθύ-

449 2565 544 2619 ρου
577 2545 676 2614 τῆς
706 2541 870 2599 αὑτοῦ
905 2541 1120 2610 κέλλης,
1161 2540 1189 2592 ὃ
1227 2539 1290 2610 δὴ
1323 2537 1416 2591 καὶ
1457 2537 1695 2607 σιδηροῖς
1731 2535 1890 2588 coiere
1926 2534 2024 2604 μὲν

447 2641 671 2710 ὀρθίοις,
705 2638 862 2692 τοῦτο
901 2636 945 2689 δ’
978 2633 1292 2705 ὲγκαρσίοις
1332 2629 1868 2702 περιεδρυφαλιτοῦτο
1913 2631 2023 2691 τοῖς

449 2732 680 2802 κάμαξι,
711 2731 887 2798 λόγων
915 2730 1121 2798 ἥπτετο
1159 2727 1294 2797 πρὸς
1335 2726 1533 2788 αὐτοὺς
1567 2723 1807 2778 τοιῶνδε.

450 2852 538 2898 ια’.
598 2843 932 2913 Δημηγοριά
964 2838 1068 2894 τοῦ
1120 2835 1426 2913 ,βασιλέως
1477 2835 1608 2904 περὶ
1653 2833 1771 2886 τῶν
1826 2829 2026 2901 σχιζο-

1124 2909 1342 2979 μένων.

523 3006 609 3078 [Ρ.
648 3003 768 3077 185]
811 3023 827 3056 ι
874 3001 1015 3072 Ἐγὼ
1060 3000 1286 3072 νομίζω,
1333 2992 1376 3054 ὧ
1416 2999 1511 3068 τῆς
1558 2997 1697 3068 ἐμῆς
1751 2995 2026 3065 βασιλείας

449 3197 611 3237 manu
676 3180 897 3253 prepria
963 3179 1316 3234 Athanasium
1365 3178 1738 3247 insctipserat,
1794 3175 2025 3246 contigit

2134 600 2289 670 ἥκειν
2315 595 2739 668 φρενοϐλαϐείας
2783 594 2922 648 ὥστε
2956 595 3030 663 μὴ
3077 591 3254 660 ἐαυτῷ
3286 589 3544 644 δύνασθαι
3569 593 3691 661 χρῆ-

2134 690 2256 744 σοαι
2289 689 2604 760 συμϐούλῳ,
2634 688 2768 741 ἀλλὰ
2803 687 2878 757 τῷ
2913 687 3100 749 πέλας.
3135 685 3196 738 El
3221 686 3330 754 γὰρ
3370 683 3462 736 καὶ
3496 684 3691 753 ἡπαρά

2130 782 2237 836 τῶν
2265 782 2442 836 ἄλλων
2487 780 2652 852 βουλὴ
2689 779 3087 848 συλλαμϐάνειν
3126 775 3192 829 τὰ
3229 775 3454 828 πλεῖστα
3497 777 3689 841 πέφυκε

2131 879 2241 938 τοῖς
2277 874 2690 945 βουλευομὲ-.οις
2717 873 2911 944 (ταύτῃ
2940 870 3048 939 γὰρ
3079 871 3169 923 καὶ
3194 866 3472 936 συμϐουλὴ
3493 867 3691 934 λέγεται

2129 971 2208 1034 είς
2263 968 2428 1022 ταυτδ
2477 967 2859 1035 συναγομένων
2889 965 3090 1032 ἀμφοῖν
3139 962 3247 1014 τῶν
3301 961 3542 1031 βουλῶν),
3585 960 3690 1012 ἀλλ’

2129 1061 2424 1126 ἀναγκαῖον
2457 1058 2616 1110 τοῦτο
2670 1059 2752 1126 ἐφ’
2781 1057 2925 1116 ὅσοις
2972 1055 3059 1108 ἐπ’
3094 1054 3412 1125 ἀμφιϐόλῳ·
3441 1055 3610 1106 κεῖται
3638 1052 3693 1105 τὸ

2129 1149 2536 1220 βουλευόμενον,
2585 1151 2659 1213 ὡς
2709 1145 3099 1218 ἀμφοτέρωθεν
3144 1146 3440 1218 λογισμοὺς
3493 1145 3690 1217 ἱσορρὸ-

2130 1259 2264 1306 πους
2293 1242 2581 1304 κινεῖσθαι,
2617 1243 2722 1294 κᾶν
2769 1239 2962 1304 ὁποίας
3014 1256 3097 1303 τις
3129 1238 3355 1309 ἅψηται.
3398 1239 3512 1307 Ἐφ’
3559 1240 3690 1302 ὅσοις

2127 1337 2182 1390 δὲ
2220 1337 2560 1408 ἑτερορρεπῆ
2593 1336 2658 1390 τὰ
2689 1335 2788 1406 τῆς
2817 1334 2999 1407 δόξης,
3031 1336 3107 1401 ὡς
3141 1333 3398 1388 ἐντεῦθεν
3434 1333 3532 1404 μὲν
3562 1336 3689 1405 μετὰ

2127 1427 2221 1482 τοῦ
2248 1427 2416 1482 καλοῦ
2465 1427 2562 1482 καὶ
2605 1429 2665 1480 τὸ
2703 1429 2900 1496 πάγιον
2951 1425 3364 1496 ἀναφαίνεσθαι,
3416 1427 3614 1480 ἐκεῖθεν
3636 1428 3688 1481 δὲ

2125 1519 2284 1590 δῆλον
2315 1517 2456 1573 εἶναι.
2494 1521 2554 1573 τὸ
2586 1519 2843 1590 βλάπτον,
2871 1522 3076 1574 εἰκαῖον
3115 1521 3285 1583 δντως
3323 1520 3416 1574 καὶ
3455 1519 3690 1574 ἀλυσιτε-

2125 1609 2218 1674 λὲς
2275 1610 2554 1680 λογισμῶν
2614 1612 2934 1681 συντρόφων
2994 1609 3351 1682 ὑπερορῶντα
3405 1609 3692 1682 ἀλλοτρίοις

2130 1702 2388 1773 χρῆσθαι,
2418 1696 2498 1766 οἷς
2529 1701 2608 1757 ενι
2634 1703 2732 1773 μὲν
2760 1703 3012 1768 ἀϐουλία,
3043 1702 3121 1757 ἔνι
3149 1703 3193 1756 δ’
3219 1702 3396 1774 δρεξις
3425 1703 3558 1774 πρὸς
3581 1704 3696 1756 τοὺ-

2126 1813 2240 1859 τοις
2276 1801 2368 1848 καὶ
2399 1797 2460 1850 τὸ
2483 1794 2633 1860 ξένον
2659 1795 2744 1849 άεί
2774 1795 2894 1850 ποτ’
2923 1793 3250 1865 ἀνάλγητον,
3281 1795 3356 1860 ὡς
3386 1796 3578 1859 παντὸς
3603 1793 3688 1848 τοῦ

2055 1889 2102 1949 Β
2133 1889 2331 1942 οἰκείου
2375 1891 2679 1957 πεφυκότος
2719 1887 2950 1956 πιέζειν.
2989 1889 3296 1944 Δεῖ-τοίνυν
3331 1907 3395 1960 γε
3435 1891 3530 1944 καὶ
3561 1891 3699 1960 ὗμᾶς

2129 1985 2244 2046 τοῖς
2270 1983 2356 2050 ἐφ’
2404 1983 2616 2036 ἑαυτῶν
2652 1972 2933 2052 λογισμοῖς
2971 1983 3402 2056 προηγουμένως
3449 1985 3698 2057 χρῆσθαι,

2129 2074 2224 2127 καὶ
2254 2074 2395 2127 οὗτοι
2415 2076 2736 2144 δοκιμάζειν
2761 2078 2888 2141 τοὺς
2907 2077 3131 2143 ἔξωθεν.
3163 2079 3257 2140 '0,-
3281 2079 3336 2131 δὲ
3363 2080 3471 2133 τῶν
3491 2082 3698 2138 οἰκείων

2128 2165 2490 2236 ὑπερφρονῶν
2517 2166 2713 2219 ἑαυτὸν
2742 2169 2857 2230 τοῖς
2886 2167 3087 2232 ἔξωθεν
3117 2168 3493 2238 λογιζομένοις
3526 2175 3693 2242 παρέ-

2126 2273 2211 2326 χει
2245 2256 2320 2319 ὡς
2348 2256 2403 2308 εἷ
2430 2273 2483 2309 τι
2536 2258 2602 2310 διν
2633 2257 2851 2328 φέροιεν
2900 2261 3096 2314 ἐκεῖνοι
3142 2260 3443 2331 προσέξων,
3478 2267 3506 2316 ὁ
3531 2265 3700 2318 τσιοῦ-

2127 2365 2215 2409 τος
2247 2347 2526 2418 ὁμολογῶν
2580 2353 2714 2404 ἴστω
2748 2350 2822 2414 ὼς
2871 2353 3062 2420 ἄφρων
3093 2353 3210 2407 ἐστὶ
3251 2355 3312 2409 τὸ
3346 2357 3470 2411 καθ’
3515 2359 3692 2416 αὐτόν.

2131 2441 2397 2510 Ἀφρονος
2429 2442 2484 2494 δὲ
2533 2443 2746 2506 πάντως
2777 2445 2836 2496 τὸ
2875 2445 3002 2514 μήτ’
3048 2445 3142 2515 ἀφ’
3195 2448 3391 2502 ἑαυτοῦ
3445 2453 3696 2519 συνιέναι,

2126 2533 2222 2584 καὶ
2251 2532 2312 2585 τδ
2353 2533 2456 2587 κᾶν
2484 2551 2567 2597 τις
2602 2535 2828 2588 καὶτῶν
2865 2537 3064 2600 ἔξωθεν
3095 2540 3262 2603 λέγοι,
3299 2542 3374 2612 μὴ
3404 2543 3694 2614 διακρίνειν

2126 2625 2326 2678 εἰδέναι
2357 2625 2417 2678 τὸ
2441 2627 2688 2695 κρεῖττόν
2713 2645 2768 2680 τε
2801 2630 2893 2682 καὶ
2922 2630 2982 2681 τὸ
3007 2633 3188 2699 χεῖρον
3219 2653 3222 2658 ·
3262 2635 3356 2687 καὶ
3379 2635 3565 2689 λοιπὸν
3589 2637 3701 2691 οἱδὶ

2033 2737 2042 2745 ·
2125 2716 2224 2787 τῆς
2256 2716 2486 2789 Θυραίας
2519 2721 2712 2789 ἐκείνῳ
2745 2720 3297 2796 συμϐουλῆς-ὄφελος.
3323 2730 3404 2782 Τὰ
3437 2725 3535 2783 οὖν
3566 2716 3700 2796 ξυμ-

2126 2814 2365 2866 πεσίντα
2417 2815 2593 2867 οἴδατε
2639 2817 2879 2880 πάντως,
2938 2821 3032 2873 καὶ
3070 2820 3224 2874 οὐδὲν
3276 2822 3336 2888 ἐξ
3387 2825 3548 2895 ἡμῶν
3602 2825 3700 2882 τῶν

2125 2905 2438 2973 γενομένων
2474 2903 2824 2973 κέκρυπται·
2868 2909 2961 2960 ἐπὶ
3006 2909 3181 2978 τούτῳ
3213 2909 3321 2982 γὰρ
3369 2914 3464 2964 καὶ
3501 2911 3698 2982 ᾠκονο-

2130 2997 2282 3064 μεῖτο
2309 2997 2338 3065 ἡ
2373 2997 2460 3065 ἐφ’
2493 2997 2712 3069 ἑκάστῳ
2758 2999 2912 3069 ὑμῶν
2953 3000 3202 3054 ἐνταυθοῖ
3235 3001 3530 3074 συνδρομὴ,
3563 3003 3698 3057 οὕτω

2131 3176 2384 3232 consilio.
2440 3176 2554 3233 Etsi
2585 3180 2730 3234 enim
2780 3180 3015 3235 aliorum
3051 3184 3378 3238 sententiam
3412 3183 3699 3254 exquirere

449 3249 1006 3347 patriarehze'quoque
1045 3274 1146 3344 ipsi
1185 3273 1405 3346 iuvandi
1429 3273 1549 3342 ejus
1573 3273 1814 3328 hebetari
1847 3271 2024 3340 impe-
2052 3249 2094 3306 θ
2131 3283 2194 3322 ac
2265 3285 2386 3322 eum
2444 3285 2543 3326 sua
2595 3271 2847 3328 conferre
2899 3273 3260 3332 deliberantes
3317 3249 3517 3344 solent,
3565 3282 3701 3332 unde

449 3380 561 3424 tum
585 3377 636 3422 et
668 3368 832 3422 studii
864 3380 990 3434 erga
1019 3381 1138 3418 eum
1171 3365 1528 3432 refrigescere
1553 3368 1820 3427 ardorem,
1849 3363 2022 3434 ipsum

447 3477 577 3517 vero
627 3459 928 3529 perculsum
963 3455 1162 3512 infelici
1195 3472 1450 3512 successu
1493 3457 1560 3510 ad
1587 3457 1819 3528 quietem
1878 3456 2022 3520 vitae,

448 3569 608 3625 quam
630 3553 827 3606 frustra
860 3555 1113 3605 excutere
1137 3548 1300 3620 273
1332 3559 1651 3614 teutaverat,
1683 3548 2026 3604 constantius

451 3644 706 3712 deinceps
730 3640 1155 3710 amplectendam
1179 3639 1438 3694 domitum
1466 3639 1678 3708 repulsa
1701 3648 2024 3694 convertere

451 3735 714 3790 animum.
781 3731 888 3787 Sed
935 3732 1047 3785 lucc
1083 3729 1230 3802 prius
1275 3741 1594 3788 evenerant.
1650 3729 1800 3784 Tunc
1843 3740 2022 3784 autem

453 3826 604 3882 nmlti
649 3825 898 3880 monachi
953 3833 1008 3876 et
1041 3822 1160 3876 laici
1197 3837 1227 3876 e
1266 3821 1442 3892 plebe,
1492 3819 1875 3876 abseindentes
1904 3834 2026 3876 sese

450 3935 478 3972 a
525 3919 909 3974 comnnmionc
936 3929 1122 3968 eorum
1168 3914 1258 3984 qui
1289 3913 1679 3966 damnaverant
1707 3911 2022 3978 Arseniura,

449 4011 674 4068 seorsim
703 3993 1100 4070 convenerunt,
1161 4011 1216 4058 et
1261 4004 1481 4071 vulgare
1511 4018 1734 4059 carmen
1767 4017 2027 4059 aversan-

451 4104 584 4160 tiunt
637 4117 790 4158 usum
823 4100 1319 4167 commereiumque
1373 4095 1721 4166 profanorum
1762 4095 2026 4152 adhiben-

450 4201 578 4253 dum
626 4197 726 4250 sibi
765 4208 906 4248 nunc
939 4194 1005 4246 ad
1028 4187 1390 4244 excludendos
1417 4202 1444 4240 a
1487 4203 1546 4244 se
1577 4187 1811 4258 reliquos
1833 4203 2026 4244 sanxe-

453 4302 577 4346 runt
609 4307 621 4342 :
651 4287 999 4348 «Netraetes,
1034 4284 1358 4347 «dicentes,»
1387 4297 1453 4335 ue
1473 4289 1682 4350 tangas,
1716 4297 1780 4334 ne
1803 4282 2025 4336 Omnino

452 4385 518 4438 ad
549 4383 712 4436 ullam
757 4374 1166 4434 consuetudinis
1191 4384 1398 4443 ptrteut
1434 4373 1691 4425 admittas
1735 4371 1902 4424 ullum
1929 4386 2026 4426 e0-

457 4491 572 4530 rum
609 4474 695 4542 qui
723 4471 802 4524 vel
831 4468 1156 4540 patriarchae
1218 4463 1718 4520 exauctorationem
1763 4466 2025 4532 probave-

2128 3359 2376 3418 Graecum
2429 3361 2662 3419 consilio
2695 3380 2892 3422 nomen
2928 3377 3108 3422 ortum
3156 3381 3259 3436 est,
3309 3380 3366 3423 ut
3423 3372 3698 3442 συμϐουλή

2128 3453 2404 3509 diceretur
2439 3457 2594 3527 quasi
2626 3459 3021 3514 sententiarum
3057 3461 3110 3514 in
3139 3476 3307 3515 unum
3336 3462 3696 3532 Collatiogdua-

2130 3563 2270 3613 rum,
2300 3557 2479 3602 tamen
2511 3549 2562 3604 id
2601 3561 2807 3605 tantunt
2857 3553 3036 3606 locum
3069 3553 3232 3610 habet
3274 3555 3326 3609 in
3372 3559 3536 3612 rebus
3566 3573 3696 3626 qua-

2129 3655 2244 3692 rum
2267 3639 2317 3692 in
2355 3641 2607 3711 ambiguo
2629 3643 2828 3712 pendet
2856 3644 3149 3712 judicium,
3181 3649 3403 3717 paribus
3431 3650 3697 3720 utrimque

2128 3731 2468 3800 argumentis
2525 3733 2706 3789 aiendi
2747 3736 3098 3806 negandique
3157 3740 3422 3794 incertum
3467 3740 3696 3813 eligendi

2132 3823 2422 3880 arbitrium
2486 3823 2841 3888 lihrantibus.
2901 3827 3002 3884 Ubi
3029 3843 3208 3885 autem
3245 3833 3389 3888 haud
3443 3834 3624 3890 dubiis
3647 3835 3693 3890 in

2124 3919 2340 3974 lancem
2375 3920 2604 3975 alteram
2640 3924 2932 3978 momentis
2952 3923 3118 3997 274
3147 3923 3230 3980 fas
3255 3937 3309 3981 et
3333 3942 3546 3998 aequum
3584 3943 3696 3984 vero

2125 4009 2223 4080 git,
2279 4010 2416 4066 adeo
2449 4021 2509 4066 ut
2566 4011 2694 4068 hinc
2723 4015 2944 4084 quidem
2993 4017 3282 4074 manifeste
3316 4020 3606 4076 honestum
3644 4031 3694 4077 et

2128 4111 2301 4156 tutum
2357 4112 2619 4173 appareat
2655 4105 2800 4174 quod
2835 4109 3180 4178 proponitur,
3233 4110 3382 4167 illinc
3415 4111 3561 4184 quod
3606 4127 3691 4168 os-

2125 4195 2372 4249 tenditur
2405 4195 2687 4252 evidenter
2715 4203 2935 4278 noxiutu
2968 4211 3250 4266 cernatur,
3275 4211 3389 4258 tum
3421 4205 3696 4262 enimvero

2127 4302 2326 4342 vanum
2374 4289 2850 4362 inconsultumque
2901 4294 2973 4349 sit
3000 4296 3310 4366 quempiam
3347 4297 3537 4354 innato
3567 4299 3696 4354 inti-

2128 4393 2321 4448 moque
2373 4389 2583 4436 natura:
2638 4396 2704 4436 ac
2760 4387 2925 4438 menti
2968 4388 3204 4458 propria:
3240 4403 3406 4443 sensu
3447 4390 3695 4446 abdicato

2128 4473 2322 4526 alienis
2371 4472 2444 4526 uti
2480 4473 2743 4538 consiliis,
2805 4475 3007 4544 quibus
3044 4477 3186 4534 inest
3214 4479 3434 4549 quidem
3486 4482 3688 4551 impru-

455 4573 564 4624 rint
611 4565 694 4619 vel
737 4562 1088 4634 probantibus
1113 4556 1652 4612 comntunicaverint.
1697 4576 1714 4608 ι
1752 4555 2018 4609 Caeterum
2053 4582 2095 4636 υ
2127 4563 2332 4628 dentis,
2393 4567 2533 4620 inest
2583 4574 2635 4620 et
2700 4568 2991 4638 cupiditas,
3057 4579 3429 4642 pra-teneatque
3479 4575 3690 4644 prurigo

455 4663 750 4728 imperator
772 4653 1074 4723 intelligens
1103 4667 1206 4706 non
1241 4664 1402 4718 posse
1438 4648 1668 4716 relinqui
1718 4646 2020 4702 Ecclesiam

453 4755 571 4809 sine
605 4758 836 4820 pastore,
871 4745 1192 4800 elecuonem
1232 4741 1554 4810 patriarcha:
1590 4741 1772 4794 liberis
1803 4742 2023 4795 antisti-

458 4860 568 4901 tum
599 4840 870 4911 sullragiis
900 4835 1304 4906 perutisit.lpse
1336 4833 1498 4886 altius
1549 4844 1806 4902 reputans
1843 4836 2026 4902 perui-

453 4941 590 4992 eiem
653 4934 1026 4992 seltismatum,
1081 4929 1124 4981 si
1181 4941 1339 4981 ruere
1391 4925 1481 4994 qui
1516 4939 1699 4978 errare
1758 4925 2026 4994 coeperint

453 5033 727 5091 sinuntur,
769 5017 1236 5080 concioueomnis
1251 5015 1467 5084 generis
1499 5013 1780 5066 hominum
1814 5024 2020 5080 vocata,

450 5140 482 5175 ο
511 5121 746 5176 fenestra
777 5113 1014 5170 cubiculi
1053 5110 1318 5165 clathrata
1349 5105 1516 5172 ferro,
1539 5116 1712 5160 rectas
1744 5117 2024 5161 transver—

452 5219 528 5272 sis
587 5212 916 5270 deeussatim
973 5205 1322 5262 ncctctttibus
1364 5203 1531 5274 virgis
1576 5204 1916 5274 invicemque
1971 5207 2022 5258 in

451 5309 621 5363 cratis
649 5307 882 5361 fortnam
931 5300 1210 5370 implexis,
1266 5300 1408 5350 hunc
1456 5295 1627 5350 ferme
1697 5296 1750 5350 iu
1805 5300 2022 5351 modum

451 5403 725 5456 disserere
754 5409 913 5451 orsus
937 5403 1040 5448 est.

583 5533 672 5587 11.
707 5529 895 5585 Oratio
928 5526 1271 5596 imperatoris
1300 5526 1361 5579 de
1387 5523 1664 5578 schismate
1697 5521 1914 5578 avulsis.

527 5688 546 5722 s
589 5665 848 5737 Equidem
881 5661 1157 5727 existimo,
1213 5675 1422 5715 o.meo
1481 5659 1711 5729 imperio
1767 5658 2020 5727 subjecti,

453 5762 727 5819 nemiuem
747 5756 988 5811 omnium
1013 5763 1256 5810 vestrum
1296 5767 1360 5808 eo
1391 5752 1636 5806 stultitia:
1666 5754 2018 5820 processisse,

455 5868 515 5916 ut
559 5870 666 5912 non
721 5865 826 5908 suo
862 5850 1058 5921 ipsius,
1089 5849 1181 5904 sed
1215 5846 1440 5902 alterius
1495 5843 1668 5900 solum
1722 5845 1797 5900 uti
1849 5848 2021 5918 possit

2129 4659 2384 4712 novitatis
2441 4667 2495 4712 et
2525 4662 2770 4726 quaedam
2833 4660 3140 4717 malesuada
3174 4664 3407 4729 dulcedo
3435 4665 3685 4736 inexper-

2127 4759 2332 4810 torum,
2394 4748 2638 4819 inquieto
2715 4750 3002 4819 conjuncta
3063 4754 3222 4808 taedio
3305 4757 3590 4812 solitarum
3639 4764 3692 4812 et

2125 4842 2560 4908 quotidianarum
2612 4858 2814 4898 rerum.
2864 4843 3198 4900 Faciendum
3237 4848 3404 4917 igitur
3437 4852 3586 4906 vobis
3613 4857 3689 4905 est

2126 4947 2186 4986 ut
2214 4947 2339 4986 ante
2363 4935 2544 4986 omnia
2578 4935 2776 4989 vestris
2805 4935 3044 5004 ipsorum
3067 4942 3342 4996 mentibus
3372 4957 3436 4998 ac
3476 4941 3686 5014 judiciis

2127 5023 2442 5077 auctoribus
2493 5026 2748 5092 utamini,
2783 5037 2836 5080 et
2877 5029 2944 5082 ad
2997 5029 3188 5085 horum
3223 5048 3452 5089 examen
3499 5035 3684 5091 vocetis

2125 5133 2247 5188 qua:
2278 5119 2428 5173 vobis
2458 5119 2677 5174 aliunde
2699 5131 3088 5192 suggeruntur.
3123 5125 3256 5180 Nam
3276 5129 3502 5196 quisuis
3531 5129 3682 5199 ipsius

2128 5209 2635 5266 ratiocinationibus
2693 5211 2930 5282 rejectis,
2993 5214 3212 5272 aliunde
3240 5219 3434 5274 oblatis
3465 5217 3681 5274 advertit

2126 5301 2364 5353 animum
2391 5313 2448 5356 et
2471 5301 2701 5358 indueret
2731 5307 2986 5374 obnoxie,
3046 5307 3093 5362 is
3123 5323 3253 5365 sane
3285 5311 3562 5366 habendus
3593 5323 3679 5380 pro

2128 5387 2332 5446 fatente
2345 5408 2402 5447 se
2425 5394 2648 5450 stultum
2669 5406 2724 5450 et
2747 5397 2938 5467 judieii
2967 5409 3271 5468 expertem.
3307 5402 3476 5458 Slulti
3494 5404 3678 5474 quippe

2125 5499 2189 5537 ac
2239 5485 2444 5554 judicio
2489 5487 2732 5542 destituti
2760 5491 2983 5546 omnino
3033 5502 3118 5547 est
3153 5495 3284 5549 nihil
3317 5513 3381 5551 ex
3411 5514 3470 5554 se
3491 5495 3672 5553 intelli-

2125 5593 2273 5646 gere,
2307 5581 2400 5634 sed
2434 5581 2698 5650 quidquid
2733 5583 2948 5638 aliunde
3000 5585 3228 5641 oltertur
3261 5605 3405 5645 eatea
3461 5587 3677 5646 creduli-

2127 5678 2236 5722 tate
2267 5669 2530 5740 reeipere,
2582 5673 2771 5730 melius
2821 5676 2874 5729 id
2905 5678 2976 5731 sit
3003 5695 3069 5732 an
3107 5679 3261 5750 pejus
3293 5683 3426 5736 nihil
3483 5683 3672 5738 discer-

2127 5761 2322 5816 nendo.
2351 5761 2468 5818 Tali
2499 5776 2678 5820 autem
2709 5783 2813 5822 non
2839 5771 2992 5824 video
3019 5772 3152 5842 quid
3183 5777 3354 5842 prosit
3385 5783 3668 5845 suggestum
3733 5813 3739 5818 .

2127 5849 2196 5904 ab
2235 5851 2342 5906 alio
2403 5855 2714 5910 consilium.
2764 5855 2894 5923 Quae
2958 5875 3131 5930 nuper
3159 5863 3502 5932 contigerunt
3531 5855 3668 5917 scitis
