3926 6532
427 389 534 451 723

1646 392 1971 454 GEORGII
2015 391 2501 457 PACHYMERE

3578 399 3670 461 Tit

420 507 603 582 ἔρωτα
636 511 984 579 γεννηθέντα,
1022 513 1094 583 μὴ
1123 511 1574 582 ἐπιγεννηθὲντος
1608 513 1707 565 καὶ
1725 511 1821 566 τοῦ
1854 511 2010 567 ἀντέ-
2042 517 2087 572 Α
2118 516 2318 568 ἐκεῖνοι
2350 516 2478 578 ἴσως
2509 513 2574 569 ἃν
2606 513 2699 566 καὶ
2741 510 2952 579 λέξειαν
2983 511 3381 580 διαϐάλλοντες)
3411 510 3678 584 ἀποκαρα-

428 621 618 680 ρωτος.
646 604 797 674 Τάχα
848 603 914 657 ἂν
944 603 1239 674 μυθολόγον
1286 621 1352 672 με
1400 603 1694 673 οἰηθείητε.
1747 603 2008 657 Ἀλλάιτδ

423 694 520 748 τοῦ
552 696 721 763 μύθω
755 695 830 758 ὼς
859 696 1088 767 ἀληθείᾳ
1113 698 1416 766 προσπαῖον
1460 696 1764 748 ἐπαινετόν.
1799 695 1941 764 Ἔφη
1956 710 2009 745 τε

422 789 533 859 γὰρ
565 788 660 841 καί
684 806 769 851 τις
799 789 905 841 τῶν
926 790 1033 852 ἔξω
1057 788 1292 859 ἐρημίας
1319 789 1534 856 γείτονα
1555 790 1651 857 τὴν
1678 787 1968 841 αὐθάδειαν
1992 802 2005 816 ⁶

424 883 504 952 τῷ
541 883 647 953 γὰρ
678 882 896 936 αὐθάδει
926 884 1100 946 οὐδεὶς
1150 882 1407 955 προσέξοι
1449 881 1831 949 προσϐάλλων,
1875 883 2007 934 κάν-

422 974 615 1027 τεῦθεν
645 974 987 1045 ὲρημωθέντι
1028 976 1137 1027 τῶν
1161 975 1334 1029 ἄλλων
1364 973 1486 1028 καθ’
1515 974 1676 1026 αὑτὸν
1708 973 1871 1025 αὐτὸν
1897 972 2011 1025 62d-

423 1084 543 1136 τευν
569 1068 877 1138 ξυμϐαίνει.
909 1068 976 1121 Τί
1006 1068 1136 1136 γοῦν
1166 1069 1227 1121 τὸ
1249 1069 1526 1121 είσέπειτα
1550 1085 1564 1132 ;
1592 1067 1850 1137 Εἰδήσετε
1886 1070 1991 1119 πᾶν

422 1179 536 1225 τως
568 1164 661 1216 καὶ
690 1162 976 1232 εὐμενείῖς
1008 1163 1135 1229 ὑμῖν
1164 1161 1611 1232 προσϐαλλούσας
1642 1163 1890 1225 ἀκτῖνας,
1916 1159 2008 1213 τοῦ

427 1258 689 1326 ποιμένος
720 1257 996 1319 κινοῦντος
1043 1258 1140 1328 τὴν
1193 1256 1468 1327 ἡμετέραν
1513 1254 1738 1325 γνώμην
1773 1255 2011 1323 ὑπερτάο

424 1365 542 1411 τοις
574 1351 851 1419 μεσιτείας
888 1350 1130 1420 τρόποις.
1166 1350 1340 1403 Μόνον
1383 1349 1456 1419 μή
1493 1365 1574 1411 τις
1622 1346 1755 1418 ἐνδῷ
1790 1346 1923 1418 πρὸς
1952 1346 2011 1396 τό

425 1445 631 1514 χεῖρον,
666 1443 797 1512 μηδέ
829 1460 913 1505 τις
940 1443 1000 1495 τὸ
1032 1441 1153 1494 καθ’
1186 1441 1350 1495 αὑτὸν
1381 1441 1600 1493 σκοπῶν
1633 1440 1720 1511 [Ρ.
1752 1438 1878 1512 187]
1915 1439 2011 1492 καὶ

432 1537 594 1604 μόνον
651 1539 707 1587 ὲν
737 1536 797 1587 οὐ
847 1536 1096 1597 παικτοῖς
1143 1533 1402 1598 παιζέτω,
1441 1534 1562 1602 μηδ’
1599 1534 1701 1587 οὐκ
1749 1535 1843 1587 ἐπὶ
1884 1535 2013 1586 ἀνυ-

427 1629 575 1689 σῖοίς
614 1625 983 1690 σπουδαζέτω.
1015 1625 1096 1678 Τά
1129 1625 1237 1695 γὰρ
1259 1624 1383 1677 καθ’
1411 1624 1641 1677 ἕκαστον
1667 1623 2010 1694 ὀλισθήματα

426 1717 736 1786 ἐμπιπλᾶσι
777 1716 1121 1786 πραγμάτων
1152 1714 1249 1778 τὰς
1296 1714 1504 1779 πόλεις,
1544 1717 1637 1769 καί¹
1674 1716 1794 1779 ἑνὸς
1829 1715 2013 1787 ἀμαρ-

425 1812 681 1872 τάνὺντος
717 1810 901 1862 πολλοὶ
932 1809 1038 1861 τῶν
1084 1808 1272 1862 κακῶν
1300 1808 1586 1878 ἀπηύρων.
1616 1810 1854 1878 Φεόγετε
1899 1807 2013 1860 τοί-

2112 608 2424 673 δοκοῦντας.
2467 609 2533 661 Τί
2563 609 2692 678 γοῦν
2726 609 2976 676 ποιητέον
3016 607 3146 673 ὑμῖν
3177 604 3290 659 ὲστί
3317 622 3331 671 ;
3361 604 3435 657 Τὸ
3471 605 3564 674 μὲν
3594 623 3680 675 με·

2111 696 2379 749 ταδιδόναι
2441 698 2535 751 καὶ
2589 699 2702 760 τοῖς
2740 696 2920 760 ἄλλοις
2965 697 3079 750 τῶν
3132 697 3300 749 ὄντων
3355 695 3416 748 οῦ
3465 694 3677 764 φθόνοςο

2115 791 2401 858 πραττέτω
2430 809 2514 854 τις
2548 791 2623 856 ὼς
2655 790 2906 862 βούλεται
2951 791 3129 845 τοῦτο.
3166 790 3239 843 Τὸ
3271 788 3329 842 δὲ
3361 790 3474 853 τοῖς
3514 789 3680 857 λόγοις

2113 882 2293 936 αὐτῶν
2354 882 2773 951 καθυπάγεσθαι
2824 885 2921 937 καὶ
2973 884 3072 937 σὺν
3115 882 3344 945 ἐκείνοις
3394 880 3686 937 πλανᾶσθαι

2092 974 2174 1029 οὗ
2209 994 2300 1046 μοι
2325 975 2473 1029 δοκεῖ
2520 975 2631 1030 οὔτ’
2663 976 2787 1043 ἐμοὶ
2833 975 3061 1030 ἀνεκτὸν
3102 974 3218 1029 οὗθ’
3264 974 3397 1044 ὑμῖν
3432 974 3683 1043 ἀσφαλές.

2112 1066 2206 1120 Διὸ
2238 1066 2539 1136 προφθάνει
2582 1069 2681 1137 τῆς
2710 1065 2982 1137 τιμωρίας
3020 1067 3051 1135 ἡ
3086 1063 3308 1136 ἀπειλὴ,
3340 1065 3416 1136 μή
3459 1081 3571 1128 πως
3601 1066 3685 1117 ἐπὶ

2113 1158 2221 1210 τῶν
2277 1158 2456 1226 ἔργων
2509 1147 2759 1226 γεγονώς
2799 1175 2881 1219 τις
2932 1156 3122 1211 παθὼν
3168 1156 3404 1212 εἵσεται.
3461 1155 3710 1225 ’Δνάγκηε

2114 1254 2224 1323 γὰρ
2275 1255 2389 1315 τοῖς
2423 1252 2625 1321 ὀλίγοις
2679 1250 3204 1320 συνδιαστρέφεσθαι
3250 1250 3379 1314 τοὺς
3434 1247 3685 1310 πολλούς’

2117 1347 2210 1397 καὶ
2243 1344 2560 1398 τούντεῦθεν
2615 1345 2697 1407 τίς
2735 1342 2878 1397 οὕτω
2928 1341 3209 1404 νυστάζων
3261 1341 3340 1405 ὼς
3393 1341 3467 1411 μὴ
3523 1339 3690 1408 ζητεῖν

2117 1439 2314 1509 στῆσαι
2347 1437 2447 1505 τὴν
2498 1438 2717 1509 ρῦμην;
2751 1434 2862 1504 ἐγὼ
2918 1435 3019 1506 μὲν
3057 1433 3149 1488 οῦν
3186 1432 3570 1500 διακελεύομαι
3607 1432 3692 1483 καὶ

2116 1532 2273 1600 ἀνδρὶ
2306 1531 2402 1585 καὶ
2453 1531 2695 1599 γυναικὶ,
2727 1529 2824 1583 καὶ
2875 1527 3160 1599 πρεσϐύτῃ
3193 1526 3288 1579 καὶ
3334 1524 3462 1592 νέῳ,
3495 1521 3695 1592 ἀστικῷ

2115 1644 2175 1680 τε
2222 1624 2292 1679 αὖ
2325 1625 2421 1678 καὶ
2454 1623 2721 1694 ἀγροίκῳ,
2768 1620 3086 1691 δοκιμάζειν
3138 1618 3359 1688 πρῶτον
3396 1618 3518 1699 τοὺς
3569 1615 3693 1686 πλη-

2119 1719 2425 1785 σιάζοντας,
2483 1717 2578 1771 καὶ
2621 1715 2764 1769 οὓτω
2814 1714 3075 1787 χρῆσθαι.
3118 1711 3194 1767 Τὸ
3243 1713 3355 1782 γὰρ
3400 1708 3587 1764 νοσοῦν
3634 1710 3692 1762 ἐκ

2116 1813 2227 1867 τῶν
2261 1812 2614 1881 ὑγιαινόντων
2642 1811 2754 1881 ἔχει
2784 1809 2881 1873 τὰς
2932 1807 3221 1879 βοηθείαςο
3259 1807 3310 1859 εί
3335 1804 3379 1857 δ’
3429 1803 3579 1857 αὐτοὶ
3603 1801 3689 1865 τὰς

426 1913 522 1949 νυν
548 1899 645 1959 τὰς
687 1899 1115 1967 παρασυνὰξεις.
1156 1898 1252 1952 καὶ
1293 1902 1403 1960 τοῖς
1450 1900 1744 1968 σχίσμασιν
1773 1898 2016 1969 ἀπεχοά-
2046 1866 2088 1921 Β
2117 1866 2343 1977 γνώμας
2374 1908 2605 1967 νοσοῖεν,
2636 1866 2702 1956 si
2723 1903 2788 1956 διν
2818 1866 2943 1964 τοῖς
2975 1866 3528 1971 ἀλλοιςνπαράσχοιεν
3566 1896 3690 1961 ἀγα·

426 1990 603 2043 νσθε.
641 1990 833 2043 Παλλοὶ
865 1992 1197 2062 σακκοφόροι
1222 1994 1341 2055 ταῖς
1365 1992 1563 2054 οἰκίαις
1593 1992 1749 2061 ὑμῶν
1786 2009 2015 2062 παρεισ-

426 2082 698 2148 δὰσονται,
726 2084 825 2153 οὐχ
854 2084 1000 2146 ὅπως
1037 2084 1165 2153 ὑμῖν
1198 2080 1257 2137 εὖ
1290 2087 1515 2156 γένηται
1551 2084 2012 2156 προθυμούμενοι,

428 2176 543 2227 ἀλλ’
570 2177 719 2240 ὅπως
751 2176 816 2229 ἂν
850 2178 1038 2241 αὐτοῖς
1088 2177 1219 2249 παρ’
1251 2179 1405 2248 ὑμῶν
1449 2178 1730 2248 πορισθείη
1773 2177 1843 2231 τά
1874 2180 2016 2230 κατὰ

427 2272 617 2342 χρείας
649 2273 1002 2337 σκοποῦντες.
1055 2268 1188 2327 Εἶτα
1236 2273 1681 2343 κατηγορήσουσι
1715 2271 1815 2341 μὲν
1859 2271 2017 2341 βασι-

428 2364 589 2427 λέων,
641 2364 801 2417 καινά
854 2365 911 2417 δὲ
943 2367 1054 2428 τοῖς
1091 2366 1343 2428 παλαιοῖς
1396 2365 1650 2435 μίξαντες
1708 2364 1783 2434 μὴ
1837 2362 2017 2426 καλῶς

431 2458 575 2527 ἔχειν
627 2459 697 2510 τὰ
732 2459 826 2527 τῆς
872 2458 1199 2527 Ἐκκλησίας
1259 2458 1557 2521 ἐποίσουσι,
1589 2456 1682 2510 καὶ
1727 2456 1815 2509 διὰ
1862 2454 2020 2509 τοῦτο

434 2552 530 2602 καὶ
560 2552 757 2614 αὐτοὺς
783 2551 923 2619 τάχα
953 2550 1261 2605 πλανᾶσθαι
1290 2551 1390 2619 τὴν
1414 2549 1699 2621 διόρθωσιν
1724 2548 1887 2623 (οὕτω
1910 2549 2018 2618 γὰρ

433 2748 534 2786 nec
588 2741 763 2801 potest
791 2746 943 2786 amor
1000 2741 1164 2786 natus
1221 2731 1556 2795 adolescere,
1615 2734 1745 2799 quin
1792 2729 2018 2801 paribus

435 2836 692 2895 assurgat
727 2826 1089 2881 incrementis
1149 2825 1289 2882 alius
1316 2836 1435 2894 post
1475 2826 1708 2892 priorem
1777 2824 2017 2893 genitus,

435 2932 657 2975 muttms
692 2935 867 2987 amor,
896 2920 1147 2983 Anteros,
1180 2926 1429 2974 vocatus.
1464 2918 1586 2973 llaec
1605 2932 1688 2971 me
1707 2917 2014 2986 loquentem

434 3015 968 3083 puruniaberitquin
1002 3013 1360 3069 fabulatorem
1397 3011 1717 3080 opinemini.
1747 3009 2017 3065 Cmterum

436 3110 640 3173 t'atmla,
670 3118 728 3162 ιιι
765 3110 817 3163 in
846 3122 1069 3177 scopum
1103 3107 1353 3161 veritatis
1384 3116 1529 3161 recta
1562 3105 1881 3175 collineans,
1910 3118 2015 3157 non

2120 2000 2249 2064 06v;
2307 1998 2442 2052 ἀ).λά
2487 2000 2554 2051 τὰ
2602 1996 2701 2066 μὲν
2739 1995 2968 2048 ἐκείνων
3016 1994 3044 2045 ὀ
3094 1989 3291 2060 καιρὸς
3345 1992 3478 2053 ῐσως
3510 1986 3690 2053 δείξει·

2121 2092 2249 2161 ὑμῖν
2295 2091 2351 2144 δὲ
2395 2089 2494 2160 τὴν
2545 2087 2770 2142 ἐκείνων
2822 2084 3018 2140 κακίαν
3057 2082 3571 2154 ἀπομοργνυμένοις
3611 2082 3693 2133 καὶ

2121 2185 2212 2240 τοῦ
2244 2183 2406 2256 ὀρθοῦ
2451 2183 2789 2237 ἐκκλίνουσιν
2818 2181 2878 2232 οὑ
2914 2174 3325 2233 συνοίσει.’Κάν
3372 2177 3567 2230 ἐκεῖνοι
3592 2173 3694 2227 δια-

2119 2282 2482 2349 δτδράακοιεν,
2532 2278 2659 2347 ὑμῖν
2701 2276 2762 2329 τὸ
2806 2273 3061 2343 ἔγκλημα
3104 2272 3518 2341 περιστήσεται.
3551 2269 3696 2335 Μέγα

2126 2374 2223 2442 μὲν
2251 2370 2396 2441 ἐρῶν
2427 2364 2565 2430 οἶδα,
2601 2369 2752 2436 ὅμως
2778 2366 2835 2419 δὲ
2877 2365 2970 2419 καὶ
3003 2365 3130 2435 ὑμῖν
3162 2361 3380 2426 δοκοῦν,
3411 2361 3495 2414 δτι
3529 2361 3587 2413 τὸ
3609 2358 3694 2411 τοῦ

2125 2463 2423 2533 σχίσματος
2462 2457 2716 2528 ἔγκλημα
2758 2458 2817 2511 ὲν
2844 2456 2945 2526 ἴσῳ
2974 2454 3069 2508 καὶ
3097 2450 3361 2513 ἀπιστίας
3399 2449 3691 2520 τεθήσεται,

2123 2554 2214 2606 καὶ
2240 2554 2267 2604 ό
2300 2549 2592 2621 ἐγκληθεὶς
2619 2548 2713 2602 ἐπὶ
2736 2545 2911 2618 τούτῳ
2943 2545 3193 2610 κολάσεις
3221 2542 3418 2614 ὑφέξει
3445 2537 3695 2593 καθοσιώ-

2122 2741 2192 2794 l.s
2238 2736 2435 2806 quibus
2464 2732 2772 2803 respublica
2803 2744 3018 2799 pessum
3056 2729 3180 2784 iret.
3215 2726 3309 2782 Sic
3335 2727 3481 2781 enim
3506 2723 3577 2779 illi
3599 2719 3694 2776 fur-

2122 2838 2263 2888 sitan
2292 2830 2555 2904 garrient,
2590 2827 2946 2882 criminantes
2977 2838 3075 2879 eos
3105 2822 3198 2892 qui
3244 2819 3522 2891 sapienter
3570 2831 3692 2871 cun-

2125 2935 2347 2983 ctantnr
2394 2919 2902 2990 circumspicientes
2930 2919 3139 2982 omnia,
3190 2916 3330 2971 etin
3381 2911 3685 2970 occasiones

2124 3021 2408 3076 imminent
2446 3023 2751 3086 opportune
2796 3014 3150 3081 procurandae
3210 3009 3442 3078 publica:
3492 3003 3686 3063 s’alutis.

2124 3116 2263 3184 Quid
2295 3114 2459 3185 igitur
2480 3111 2748 3180 agendum
2783 3106 2936 3161 vobis
2963 3105 3098 3162 est?
3128 3104 3272 3171 Quin
3322 3118 3355 3159 e
3408 3109 3582 3156 vestra
3612 3112 3694 3152 co-

436 3218 559 3253 raro
584 3201 729 3254 utilis
758 3210 813 3254 et
836 3198 1125 3253 laudabilis
1154 3198 1403 3253 habetur.
1469 3197 1584 3251 Non
1620 3195 1759 3249 male
1794 3194 2013 3264 quidam
2045 3218 2088 3276 ε
2125 3213 2209 3279 βία
2245 3205 2555 3278 largiamini
2587 3201 2786 3272 quibus
2829 3199 3121 3264 videbitur,
3154 3197 3297 3251 nulla
3357 3194 3553 3251 invidia
3600 3201 3693 3246 est.

435 3305 790 3349 externorum
847 3293 985 3347 dixit
1036 3290 1323 3347 solitudini
1368 3289 1653 3343 ﬁnitimam
1705 3288 2016 3358 superbiam

436 3405 581 3450 osse,
642 3387 848 3441 idcirco
912 3385 1056 3455 quod
1092 3386 1386 3453 superbum
1445 3397 1603 3436 nemo
1638 3391 1813 3445 curat,
1863 3395 2020 3435 nemo

432 3482 570 3545 ad.t,
606 3480 748 3534 unde
779 3493 1002 3533 necesse
1022 3480 1080 3531 tit
1101 3493 1226 3532 eum
1255 3484 1519 3531 semotam
1551 3491 1580 3527 a
1622 3474 2019 3529 consuetudine

438 3574 715 3627 hominum
756 3583 808 3626 et
826 3570 1126 3626 solitariam
1173 3569 1339 3624 vitam
1379 3569 1594 3637 degere.
1644 3566 1782 3634 Quid
1838 3575 2018 3620 autem

438 3666 496 3718 in
531 3663 852 3730 posterum?
906 3663 1007 3716 Aio
1032 3673 1086 3717 et
1115 3662 1382 3716 conﬁrmo
1417 3660 1575 3715 vobis
1606 3677 1619 3714 :
1662 3658 2019 3713 mutationem

438 3765 490 3817 in
526 3761 722 3816 melius
758 3777 1008 3832 magnam
1045 3758 1425 3830 esperiemini.
1461 3758 1792 3814 Pervenient
1821 3758 1888 3810 ad
1922 3770 2018 3810 vos

438 3856 659 3924 benigni
698 3856 835 3909 radii
872 3856 1028 3909 nobis
1067 3854 1266 3908 innata:
1310 3850 1700 3916 bettelieentiw,
1741 3849 1885 3904 nulla
1907 3847 2020 3915 jam

441 3948 735 4018 intercepti
784 3950 926 4002 nube
989 3946 1373 4015 patriarcbalis
1428 3943 1747 4000 offensionis
1799 3959 1814 3996 :
1861 3941 2023 4011 277

435 4039 566 4108 quin
590 4038 698 4094 imo
728 4052 881 4109 grato
917 4038 1070 4093 nobis
1106 4039 1160 4092 in
1194 4038 1373 4091 locum
1392 4034 1589 4089 retrusi
1622 4041 1677 4088 et
1702 4031 2025 4100 implacabi-

440 4135 510 4188 lis
551 4135 710 4189 istius
771 4146 1095 4187 successore
1124 4139 1364 4201 pastore,
1402 4127 1820 4183 commoditates
1877 4123 2019 4198 apud

442 4242 545 4282 nos
569 4238 779 4281 vestras
833 4224 1150 4280 deccntibus
1180 4223 1324 4277 illam
1385 4235 1669 4291 personam
1719 4217 2028 4273 eilicacibus

440 4319 929 4377 ἱιιιοτοιιεςίοιιίῑιιιο
983 4325 1332 4388 procurante,
1387 4315 1535 4382 large
1586 4314 1638 4368 in
1687 4327 1785 4368 vos
1824 4310 2027 4367 effundi

446 4414 695 4471 sentietis
737 4416 873 4467 bona
916 4429 1034 4481 qmc
1056 4411 1384 4469 desideratis
1412 4410 1589 4465 omnis
1613 4411 1849 4481 generis.
1878 4405 2030 4460 Tau-

443 4523 555 4564 tum
590 4527 656 4564 ne
694 4508 819 4578 quis
859 4519 1096 4560 vestrum
1152 4509 1234 4576 agi
1265 4521 1324 4560 se
1366 4505 1418 4559 in
1451 4513 1819 4561 transversum
1851 4503 2026 4563 sinat;

2124 3302 2311 3358 Faciat
2345 3301 2400 3356 in
2431 3315 2498 3353 eo
2533 3312 2733 3369 genere
2752 3295 2984 3365 quisque
3004 3304 3062 3346 nt
3091 3292 3257 3347 volet.
3285 3290 3494 3345 Abduci
3530 3296 3691 3340 autent

2127 3394 2580 3468 persuasionibus
2608 3394 2856 3451 istorum,
2912 3398 2968 3443 et
2994 3404 3114 3441 cum
3142 3387 3463 3439 errantibus
3492 3397 3582 3437 vos
3607 3394 3693 3449 pa-

2128 3492 2260 3546 riter
2291 3504 2501 3551 errare,
2571 3501 2672 3541 nec
2718 3483 2993 3553 probarim
3043 3480 3295 3551 equidem
3355 3493 3455 3532 nec
3506 3476 3692 3546 patiar;

2130 3597 2234 3633 ιιοιι
2266 3579 2409 3632 enim
2450 3586 2535 3630 est
2567 3575 2871 3639 tolerabile,
2903 3588 2964 3628 ac
2995 3587 3062 3627 ne
3105 3571 3259 3626 vobis
3287 3568 3513 3639 quidem
3540 3577 3688 3635 espo-

2127 3672 2229 3727 dit.
2273 3670 2563 3739 Propterea
2594 3668 2851 3738 praecedit
2879 3680 3008 3720 ecce
3042 3665 3306 3719 ultionem
3339 3657 3690 3719 comminatio,

2129 3781 2198 3821 ne
2228 3767 2350 3835 quis
2392 3777 2516 3819 sero
2562 3762 2764 3828 sapiat,
2805 3758 2896 3813 ubi
2937 3758 3312 3828 deprehensus
3359 3770 3479 3823 quae
3517 3748 3693 3805 meruit

2128 3856 2385 3926 patietur.
2420 3854 2554 3909 Cum
2589 3852 2733 3907 enim
2776 3852 3090 3906 necessario
3145 3864 3211 3904 ex
3263 3847 3490 3902 tolerata
3525 3844 3689 3914 pravi-

2132 3960 2242 4004 tate
2267 3962 2565 4020 paucorum
2593 3945 2749 4000 multi
2782 3953 3191 4015 pervertantur,
3220 3943 3348 4012 quis
3379 3952 3482 3995 tam
3509 3934 3692 3992 dormi-

2129 4052 2252 4096 sans
2275 4038 2644 4095 custodienda
2671 4036 2980 4105 reipublica
2996 4033 3323 4105 praepositus
3347 4050 3454 4089 non
3478 4034 3695 4088 rationes

2136 4136 2289 4189 ineat
2348 4135 2693 4188 et’conatum
2726 4129 3005 4195 adhibeat,
3038 4144 3167 4198 quo,
3209 4127 3257 4183 si
3311 4128 3507 4196 possit,
3554 4125 3694 4179 sistat

2131 4227 2393 4311 impetum
2440 4224 2652 4279 ruentis
2709 4224 2762 4277 in
2822 4235 3062 4291 praeceps
3124 4220 3295 4291 278
3348 4218 3690 4275 multitudinis

2134 4309 2413 4378 incautae?
2451 4318 2566 4389 Ego
2602 4317 2767 4389 igitur
2826 4316 3030 4370 diserte
3082 4314 3414 4368 denuntians
3464 4309 3696 4382 prmcipio

2135 4413 2254 4467 viro
2280 4413 2456 4467 cuivis
2486 4420 2542 4466 et
2576 4408 2813 4472 mulieri,
2836 4407 2953 4462 seni
2983 4405 3135 4475 juxta
3158 4406 3475 4477 iuvenique,
3508 4404 3695 4457 urbano

2141 4506 2350 4577 pariter
2373 4514 2426 4560 et
2465 4503 2694 4568 rustico,
2719 4511 2780 4555 ut
2806 4499 3052 4570 exploret
3092 4501 3243 4569 prius
3276 4500 3465 4569 quales
3488 4498 3592 4551 sint
3616 4491 3693 4563 qui

444 4619 546 4659 nec
591 4618 688 4655 sua
742 4602 901 4655 unius
942 4611 1196 4668 spectans
1251 4599 1530 4652 commoda
1564 4596 1715 4651 ludat
1766 4595 1818 4649 in
1869 4594 2029 4649 rebus
2064 4601 2107 4656 ι)
2136 4599 2202 4653 ad
2234 4613 2294 4653 se
2320 4596 2608 4663 accedunt,
2669 4604 2782 4649 tum
2835 4594 2879 4649 si
2946 4593 3123 4648 bonos
3172 4593 3461 4662 repererit,
3510 4600 3694 4645 utatur.

442 4714 563 4767 qua!
592 4697 777 4751 ludum
808 4711 911 4748 non
962 4694 1271 4755 admittunt,
1315 4703 1402 4745 aut
1431 4706 1495 4744 ea
1548 4706 1667 4760 qua:
1702 4690 1885 4761 perfici
1920 4703 2026 4742 non

444 4800 675 4862 possunt
721 4789 865 4844 serio
896 4795 1143 4842 conetur.
1203 4784 1336 4839 Nam
1375 4785 1708 4855 singulorum
1743 4795 2029 4852 perperam

442 4882 834 4936 oilendentium
868 4881 1066 4935 civium
1095 4879 1280 4947 lapsus
1311 4878 1595 4932 universas
1628 4875 1781 4929 tricis
1804 4873 2028 4942 implent

444 4976 730 5046 turbisqne
764 4974 1035 5031 civitates.
1064 4984 1257 5027 natura
1301 4985 1481 5026 rermn
1515 4970 1586 5023 ita
1627 4968 1836 5022 ferente
1876 4976 1931 5019 ut
1960 4980 2024 5020 ex

447 5072 563 5122 nno‘
585 5075 849 5137 peccante
898 5080 1057 5135 pinna
1111 5064 1161 5116 in
1196 5063 1394 5115 multos
1428 5073 1774 5130 propagetur.
1841 5057 2030 5129 Fugite

445 5161 613 5232 igitur
664 5158 1067 5221 conventicula,
1129 5155 1453 5211 aversantini
1504 5156 1823 5209 schismata.
1879 5151 2026 5205 Multi

443 5254 622 5310 siccis
650 5252 821 5308 induti
867 5252 1057 5304 domos
1117 5249 1169 5302 in
1217 5259 1429 5303 vestras
1482 5249 1871 5311 ενιιὶιιδίιιιιειπιιιἸ
1924 5264 2027 5300 non

447 5354 511 5402 ut
535 5346 689 5401 vobis
713 5344 944 5413 prosint,
973 5344 1065 5395 sed
1099 5352 1158 5394 ιιι
1190 5343 1292 5393 sibi
1328 5341 1717 5394 eblandiantur
1764 5350 1859 5394 aut
1891 5354 2030 5407 quo-

447 5438 722 5510 quomodo
751 5436 1131 5492 conﬁciantes
1162 5434 1317 5489 vobis
1369 5449 1488 5504 qua:
1527 5435 1775 5503 cupiunt,
1832 5433 2031 5501 quibus

448 5532 714 5599 indigent.
783 5529 912 5583 inde
952 5529 1337 5597 imperatorem
1389 5527 1610 5597 quidem
1647 5527 2028 5592 accusabunt;

449 5637 563 5680 tum
597 5640 739 5681 nom
769 5622 1053 5678 veteribus
1091 5622 1404 5686 miscentes,
1463 5619 1605 5675 haud
1637 5622 1777 5675 bene
1828 5618 2032 5675 habere

451 5732 540 5773 res
596 5716 858 5772 Ecclesiae
888 5711 1273 5780 subinl’erent,
1337 5720 1394 5768 et
1430 5722 1719 5783 propterea
1777 5711 2028 5765 videlicet

446 5811 930 5883 hrgitel‘erratum
973 5808 1027 5864 in
1060 5806 1159 5862 viis
1188 5806 1544 5863 correctionis
1577 5805 1845 5870 ineundis,
1886 5804 2032 5859 nullo

448 5908 591 5965 hstes
622 5906 1028 5967 ecclesiasticos
1056 5903 1255 5959 idoneo
1276 5912 1489 5973 reperto
1520 5900 1876 5957 emendandis
1912 5917 2031 5956 tua~

2137 4692 2272 4746 Nam
2303 4706 2447 4763 ager
2470 4705 2499 4744 a
2528 4689 2678 4745 sanis
2710 4689 2935 4759 juvetur
2965 4702 2980 4740 :
3023 4687 3070 4741 si
3101 4695 3282 4740 autem
3334 4688 3515 4740 animo
3558 4683 3691 4736 labo-

2141 4798 2350 4842 rantem
2408 4791 2591 4841 mente
2648 4780 2889 4852 corrupti
2940 4780 3194 4843 adierint,
3259 4779 3501 4848 quid-es
3531 4778 3593 4832 iis
3614 4790 3692 4829 es-

2139 4888 2388 4951 spectare
2416 4878 2540 4934 boni
2568 4877 2774 4948 queatﬂ
2804 4874 2897 4930 sed
2919 4874 3151 4929 istorum
3178 4874 3398 4944 quidem
3424 4870 3691 4942 nequitiam

2140 4974 2259 5029 dies
2286 4972 2517 5027 forsitan
2549 4970 2786 5042 deleget.
2822 4968 2991 5024 Vobis
3018 4977 3200 5023 autem
3238 4983 3425 5024 eorum
3455 4965 3690 5022 malitiam

2140 5065 2487 5121 imitantibus
2521 5074 2574 5119 et
2605 5078 2633 5117 a
2669 5073 2818 5118 recto
2857 5061 3282 5128 declinantibus,
3334 5075 3461 5116 vere
3490 5074 3549 5114 ac
3567 5058 3691 5111 clare

2142 5158 2399 5228 praedico,
2429 5171 2532 5211 non
2565 5154 2922 5210 abibitstulta
2948 5153 3184 5209 facilitas
3238 5155 3474 5224 impune.
3529 5154 3597 5204 Ac
3626 5147 3689 5203 illi

2142 5250 2283 5306 forte
2309 5264 2523 5319 pmnam
2583 5247 2706 5319 fuga
2758 5246 3103 5303 lncrifacient
3141 5263 3158 5303 :
3200 5262 3297 5301 vos
3348 5244 3689 5317 deprehende-

2144 5346 2323 5412 mini;
2378 5345 2607 5399 ba-rebit
2642 5346 2692 5398 in
2725 5345 2880 5399 vobis
2906 5344 3162 5399 luendum
3195 5345 3420 5399 crimen.
3470 5342 3688 5411 Magnum

2140 5442 2258 5496 scio
2288 5454 2409 5493 esse
2439 5437 2581 5507 quod
2623 5437 2778 5492 edico
2807 5437 3171 5505 comminans,
3215 5437 3311 5494 sed
3373 5447 3546 5492 tamen
3600 5433 3689 5486 tale

2138 5531 2283 5602 quod
2326 5529 2479 5585 vobis
2503 5537 2713 5583 attente
2742 5527 3211 5582 considerantibus
3240 5543 3451 5598 aequum
3503 5526 3689 5582 confido

2142 5627 2321 5679 visum
2379 5624 2469 5689 iri,
2523 5622 2836 5677 schismatis
2874 5621 3085 5676 crimen
3143 5624 3255 5692 pari
3294 5637 3413 5677 cum
3449 5620 3686 5690 apostasia

2143 5733 2304 5785 poena
2361 5715 2722 5769 multandum.
2783 5714 2851 5769 Et
2896 5715 2990 5785 qui
3035 5717 3321 5772 convictus
3347 5716 3460 5785 eius
3522 5712 3682 5777 fuerit,

2142 5811 2324 5865 debita
2362 5808 2642 5876 sacrilegze
2668 5806 2961 5863 defectioni
3002 5810 3264 5880 supplicia
3302 5809 3542 5881 perferet.
3594 5803 3685 5856 Vos

2142 5919 2271 5974 0"30
2338 5902 2741 5971 Cil'cuntspccto
2799 5915 2978 5957 rerum
3014 5904 3357 5971 przczcntium
3388 5910 3543 5985 statu,
3573 5894 3681 5971 quid
