3926 6588
374 331 509 403 727.

1504 383 1519 397 -
1592 348 1917 409 GEORGII
1959 344 2444 415 PACIIYMERE

3517 360 3632 424 728

368 453 473 545 κᾶν
496 452 571 522 τῷ
620 455 739 508 κατ’
777 456 1042 528 ἀνατολὴν
1069 460 1187 531 δρει
1234 461 1313 534 τῷ
1347 462 1542 532 μέλανι
1572 468 1668 520 καὶ
1719 468 1784 538 τῇ
1832 471 1953 520 κατ’
1980 464 2030 524 Δ
2061 472 2160 540 μὲν
2201 470 2504 542 ἁπλότητος
2553 472 2931 543 πλεονέκτημα
2980 474 3062 539 είς
3107 475 3443 545 κατηγορίαν
3478 477 3644 531 ἀδια-

366 544 548 600 ἐκεῖνο
591 550 722 618 μονῇ
758 551 1079 619 ἐγχρονίσας
1122 554 1366 625 ἀσκῆσαι
1405 557 1466 610 τὸ
1494 557 1662 611 πάλαι
1689 560 1758 612 τὰ
1792 560 1948 628 μέγι-

368 637 490 701 στα)
530 638 680 708 παρὰ
701 639 812 692 τῶν
852 640 1057 694 λοιπῶν
1084 643 1301 714 ἠξιοῦτο
1330 646 1429 717 τὴν
1455 648 1556 719 τῆς
1595 650 1946 704 Κωνσταντι-

371 730 676 792 νουπόλεως
709 735 1045 803 προστασίαν
1089 738 1467 806 ἀναδέξασθαι.
1511 741 1616 794 Σὺν
1664 736 1746 803 οἷς
1798 745 1891 797 καὶ
1919 743 1948 796 ὀ

371 820 625 891 βασιλεὺς
659 825 758 891 τὴν
789 825 972 895 ψῆφον
1002 830 1403 900 ἀποδεξάμενος
1447 834 1822 904 κατηντιὸόλει
1854 834 1945 887 τὸν

373 912 564 980 ἄνδρα.
598 914 686 993 xui
716 915 801 984 ἐφ’
832 918 1067 989 ἡμέραις
1100 922 1340 992 προσιὼν
1367 924 1511 987 ὅλαις
1536 927 1731 993 ὁρμαῖς
1758 923 1948 994 παρὼ-

368 1020 529 1071 τρυνε
573 1007 665 1059 καὶ
694 1007 844 1078 ὴξίου
877 1010 952 1080 μὴ
992 1012 1423 1083 ἀποπέμψασθαι
1458 1016 1523 1069 τὰ
1544 1016 1643 1083 τῆς
1676 1016 1940 1086 κλήσεως.

369 1117 459 1185 ιγ’.
495 1122 693 1188 Ὅπως
721 1125 1003 1207 ἀνᾴγεται
1024 1131 1374 1207 ,Γερμανὸς-⁸
1406 1134 1493 1194 εἰς
1543 1133 1610 1186 τὸ
1667 1148 1948 1207 πατριαρ-

402 1243 435 1265 ³
720 1199 906 1262 χεῖον,
939 1199 1038 1252 καί
1069 1202 1125 1253 τί
1158 1201 1589 1269 διαπράττεται.
1784 1199 1815 1219 ’⁸

441 1282 550 1373 Καὶ
588 1283 652 1354 δὴ
683 1288 1056 1359 παρακληθεὶς
1087 1285 1220 1357 εἶξε.
1253 1295 1362 1348 Καὶ
1402 1296 1570 1366 μηνὸς
1612 1298 1947 1373 Μαιμακτη-

372 1372 565 1443 ριῶνος
606 1377 665 1428 ἑν
700 1380 764 1447 τῇ
804 1378 900 1431 τοῦ
936 1381 1096 1449 ἁγίου
1131 1383 1444 1454 Πνεύματος
1470 1388 1632 1459 ἐορτῇ
1661 1388 1766 1444 ὑπὸ
1794 1392 1947 1463 τόμῳ

368 1466 535 1536 κοινῷ
591 1471 837 1535 γεγονότι
909 1474 1254 1546 πατριάρχης
1313 1479 1786 1550 ἐπικηρύσσεται,
1849 1486 1947 1539 καὶ

369 1560 554 1626 σφίσιν
587 1560 703 1629 ἅμα
738 1563 1223 1636 συλλειτουργὴσας
1246 1570 1323 1638 τῷ
1354 1572 1482 1642 ίερῷ
1511 1575 1752 1641 ἐφιζάνει
1772 1575 1947 1649 θρόνῳ

365 1651 465 1703 καὶ
498 1652 608 1704 τῶν
630 1653 803 1707 ἄλλων
838 1659 1186 1727 προΐσταται.
1223 1661 1376 1731 Ἅμα
1414 1664 1473 1717 δὲ
1518 1665 1598 1737 τῷ
1643 1668 1947 1739 προσϐῆναι

364 1743 445 1815 τῷ
479 1744 653 1817 θρόνῳ
686 1748 846 1817 ἔργον
893 1750 1088 1822 ἐκείνῳ
1136 1756 1391 1826 ἀσχολίας
1421 1758 1603 1829 πάσης
1647 1760 1949 1832 ὑπέρτερον

364 1836 534 1905 τιμᾷν
587 1851 647 1888 τε
683 1842 794 1901 τοῖς
844 1844 1180 1911 προσήκουσι
1209 1845 1337 1910 τοὺς
1376 1848 1544 1919 ἀρετῇ
1575 1849 1866 1915 δοκοῦντας
1913 1853 1945 1924 ἢ

364 1927 460 1979 καὶ
495 1928 638 1999 λόγῳ
672 1936 927 2003 προέχειν
974 1935 1082 1990 τῶν
1124 1938 1322 2005 ἄλλων,
1359 1942 1484 2005 τοὺς
1515 1943 1613 2013 μὲν
1638 1945 1944 2013 ἀξιώμασι,

363 2021 492 2082 τοὺς
524 2020 579 2073 δὲ
608 2023 944 2093 palearibus;
974 2029 1218 2093 ἁπάσαις
1270 2031 1365 2084 καὶ
1410 2033 1601 2103 δώροις
1652 2040 1946 2101 παντοίοις.

363 2107 471 2164 Ἦν
497 2115 606 2185 γὰρ
635 2116 729 2169 καὶ
762 2122 1168 2191 περιφρονητὴς
1204 2124 1427 2193 χρυσίου
1470 2127 1537 2179 τὰ
1572 2127 1832 2199 μάλιστα,
1873 2131 1948 2193 ὡς

365 2204 501 2274 μηδέ
547 2207 843 2275 κεκτῆσθαι
900 2211 1208 2281 βαλάντιον,
1250 2215 1389 2268 ἀλλὰ
1432 2216 1495 2269 τὸ
1535 2220 1949 2291 προσαγόμενον

363 2295 596 2349 ἔκποθεν
626 2300 721 2352 ἐπὶ
750 2300 851 2370 τῆς
883 2305 1131 2369 στιόἀδος
1162 2308 1368 2363 ἐκείνου
1406 2310 1650 2365 κελεύειν
1680 2312 1948 2379 τίθεσθαι,

362 2389 440 2452 ὡς
468 2390 695 2460 ἕτοιμον
723 2390 862 2449 εἶναι
892 2397 1014 2459 ταῖς
1055 2401 1269 2468 χρείαις
1310 2402 1411 2471 τῆς
1444 2404 1692 2470 εὐποιίας
1720 2407 1853 2460 ὅπου
1882 2407 1950 2461 ἂν

363 2484 573 2548 ἐκεῖνος
625 2484 925 2544 κελεύσειε.
979 2492 1221 2566 Τοιούτῳ
1262 2494 1309 2548 δ’
1353 2496 1470 2551 δντι
1510 2498 1706 2571 ἐκείνῳ
1741 2500 1803 2553 τὸ
1847 2500 1950 2569 τῆς

364 2682 528 2737 supra
546 2678 879 2727 memoratus
893 2673 1192 2732 Urestiadis
1207 2677 1520 2749 episcopus,
1543 2679 1799 2750 praelatus
1820 2681 1951 2739 aliis

364 2764 1019 2855 etiampommendatione
1034 2772 1153 2824 vita:
1169 2772 1442 2841 quondam
1466 2777 1713 2831 ascetic:e
1739 2790 1949 2832 summa

365 2854 647 2911 laude'diu
678 2862 992 2914 exercitatae
1023 2859 1077 2914 in
1110 2864 1447 2920 monasterio
1475 2865 1622 2937 Nigri
1659 2867 1854 2925 Montis
1882 2868 1950 2923 ad

365 2948 643 3005 Oiientem
685 2951 795 3015 siti,
836 2968 866 3006 a
913 2953 1137 3025 reliquis
1165 2956 1425 3011 orabatur
1468 2969 1525 3013 ut
1570 2961 1949 3029 prmi‘ectttram

364 3042 788 3098 ecclesiasticam
836 3046 1457 3117 Constantinopolitanae
1498 3052 1649 3107 urbis
1698 3069 1953 3120 capesse~

367 3142 488 3200 ret;
523 3151 647 3190 cum
675 3136 874 3205 quibus
902 3147 956 3192 et
994 3137 1291 3209 imperator
1328 3141 1651 3199 electionem
1694 3159 1950 3215 compro-

366 3224 528 3288 baus,
573 3240 902 3296 magnopere
938 3228 1291 3285 incumbebat
1336 3230 1402 3285 ad
1445 3232 1585 3288 idem
1629 3234 1697 3289 ab
1738 3250 1805 3289 eo
1852 3236 1953 3290 im-

370 3316 717 3383 petrandum.
751 3318 997 3386 qumidie
1030 3320 1219 3375 adiens
1257 3331 1311 3375 et
1341 3323 1492 3377 omni
1534 3330 1949 3393 pe'suasionum

369 3418 427 3463 et
473 3410 912 3467 obsecrationum
957 3416 1163 3485 impctu
1209 3418 1508 3489 adurgens,
1550 3436 1618 3474 ne
1671 3432 1953 3478 resunerct

366 3507 731 3561 vocationem.

371 3670 440 3725 15
504 3668 571 3725 Ut
606 3684 810 3725 everlus
855 3672 1151 3729 Germanus
1198 3695 1250 3733 tu
1307 3679 1719 3736 patriarchalem
1777 3684 1951 3736 sedem

744 3745 946 3811 fuerit;
993 3758 1042 3800 et
1071 3749 1240 3816 prima
1274 3748 1388 3818 ejus
1414 3762 1559 3805 arta.

444 3882 538 3940 llis
569 3884 659 3940 ille
680 3886 934 3957 precibus
958 3890 1161 3944 moveri
1194 3904 1255 3945 se
1276 3890 1493 3945 tandem
1514 3906 1733 3962 passus,
1763 3908 1954 3950 mense

367 3975 533 4032 Junio
561 3978 613 4032 in
647 3979 788 4035 festo
820 3981 993 4034 sancti
1029 3979 1268 4051 Spiritus
1294 3986 1663 4040 concordibus
1681 3986 1953 4058 suffragiis

369 4070 590 4125 decreto
620 4074 897 4127 communi
932 4072 1141 4141 perlato
1169 4075 1481 4143 patriarcha
1511 4077 1819 4134 declaratus
1846 4088 1951 4141 est.

368 4172 425 4218 ct
463 4179 620 4219 sacro
651 4180 774 4219 cum
822 4164 926 4218 illis
964 4166 1258 4230 celebrato,
1300 4183 1470 4224 sacrae
1508 4171 1798 4239 impositus
1835 4172 1952 4228 sedi

371 4257 663 4323 pnesidere
700 4259 910 4315 cunctis
939 4262 1121 4329 cmpit.
1162 4260 1334 4316 Simul
1364 4272 1545 4333 autem
1579 4264 1841 4319 thronum
1866 4273 1953 4319 at-

370 4351 510 4419 ﬁgit,
571 4366 710 4432 opus
764 4353 910 4406 o'nmi
966 4354 1180 4409 actione
1228 4356 1483 4424 superius
1534 4365 1683 4411 ratus
1739 4356 1954 4415 allicere

372 4443 585 4497 merits
614 4444 883 4498 honorum
918 4444 1151 4513 praemiis
1182 4444 1383 4501 virtute
1412 4456 1505 4501 aut
1531 4447 1779 4502 doctrina
1812 4464 1952 4516 prro—

370 4535 630 4590 ccllcutes
660 4536 801 4598 alis,
837 4537 929 4607 qui
964 4537 1122 4607 281
1161 4538 1294 4593 tales
1322 4550 1504 4595 essent
1543 4540 1739 4609 partim
1769 4540 1949 4610 digni-

374 4628 577 4684 tatibus
630 4630 829 4699 partim
891 4629 1164 4686 donativis
1220 4642 1274 4687 et
1332 4632 1712 4702 largitionibus
1773 4633 1952 4687 omnis

370 4721 588 4791 generis
618 4721 995 4779 liberalissime
1026 4739 1224 4778 ornare
1255 4740 1318 4778 ac
1345 4723 1626 4779 cumulare
1656 4739 1816 4779 orsus
1845 4734 1950 4778 est.

370 4815 503 4870 Erat
530 4816 679 4870 enim
709 4810 827 4870 auri
856 4826 1205 4888 contemptor
1234 4827 1292 4871 ut
1319 4819 1411 4887 qui
1445 4816 1697 4875 maxime.
1732 4832 1801 4870 nc
1830 4833 1956 4871 cru-

370 4924 588 4963 menam
627 4908 843 4979 quidem
872 4909 1075 4964 habere
1105 4910 1357 4981 dignatus
1392 4927 1407 4963 :
1438 4909 1531 4964 sed
1559 4898 1819 4979 quidquid
1853 4926 1953 4965 una

368 5003 656 5072 tlecunque
697 5002 1015 5066 oﬁerretttr,
1062 5019 1227 5074 supra
1281 5004 1481 5060 lectum
1531 5018 1561 5057 a
1609 5006 1955 5075 portantibus

370 5097 573 5168 deponi
597 5097 819 5165 jnbens,
851 5113 959 5167 quo
997 5098 1068 5153 ibi
1093 5098 1401 5167 expositum
1431 5099 1483 5152 in
1522 5108 1778 5169 promptu
1807 5108 1955 5153 esset

368 5193 436 5247 ad
463 5208 592 5246 usus
617 5191 1009 5256 bi-neﬁcarntize,
1051 5191 1383 5260 erogandum
1409 5192 1528 5261 ejus
1546 5194 1802 5247 mandato
1821 5209 1958 5263 quo-

366 5300 587 5353 cunque
637 5285 878 5338 rationes
926 5285 1206 5351 egentium
1250 5294 1558 5352 poscerent.
1607 5284 1722 5339 Tali
1771 5295 1955 5340 autem

372 5379 500 5432 huic
526 5377 645 5431 viro
680 5377 1017 5432 abundantia
1049 5375 1413 5447 simplicitatis
1440 5376 1717 5432 solutioris
1750 5378 1806 5432 in
1848 5377 1953 5432 vita

368 5469 604 5526 licentiae
639 5470 1042 5524 accusationem
1076 5469 1410 5538 comparavit
1436 5485 1452 5525 :
1480 5470 1654 5539 pudor
1680 5486 1811 5524 vero
1830 5486 1955 5542 erga

370 5564 781 5634 imperatorem,
812 5572 869 5618 et
900 5565 952 5619 in
984 5564 1193 5635 agendo
1222 5578 1346 5619 cum
1373 5579 1437 5618 eo
1464 5579 1594 5620 cura
1616 5564 1850 5618 vitandae
1875 5564 1959 5618 of-

369 5654 640 5710 fensionis
666 5656 930 5721 adhibita,
951 5657 1125 5711 labem
1157 5657 1258 5725 ipsi
1292 5656 1434 5724 apud
1459 5657 1657 5710 multos
1688 5656 1958 5708 adulatio-

369 5748 459 5804 nis
496 5756 552 5803 et
595 5748 862 5803 mendacii
903 5750 1155 5821 aspersit.
1196 5748 1334 5805 Cum
1363 5748 1512 5803 enim
1544 5736 1591 5802 is
1617 5749 1844 5803 sincerae
1886 5749 1954 5804 ab

370 5840 519 5900 omni
547 5842 673 5899 l'uoo
704 5840 869 5897 indoli
901 5842 1227 5920 obsequens,
1256 5841 1491 5897 candida
1537 5854 1601 5897 ac
1640 5854 1829 5895 secura
1857 5855 1953 5895 su-

2050 566 2345 636 φορὸτητος
2381 566 2719 635 περιίστατο,
2762 567 2824 620 τὸ
2851 566 2910 621 δὲ
2940 569 3036 637 τῆς
3069 571 3148 632 είς
3194 568 3419 638 βασιλέα
3448 568 3646 633 αἰδοῦς

2048 673 2108 709 τε
2158 656 2255 711 καὶ
2308 658 2693 726 κυϐερνήσεως
2739 660 2821 722 εἱς
2872 658 3128 729 ἔγκλημα
3188 661 3485 724 κολακείας
3544 661 3649 713 καὶ

2048 747 2277 818 ψεύδους
2311 748 2447 819 πρὸς
2475 749 2598 812 τοὺς
2631 750 2859 813 πολλοὺς
2890 752 3165 821 ἄντικρυς.
3201 752 3293 822 Τῷ
3327 753 3438 822 γὰρ
3472 751 3648 820 ἁττλῷ

2047 836 2140 890 τοῦ
2178 837 2383 909 τρόπου
2436 839 2529 892 καὶ
2561 839 2852 911 ἀνυπούλῳ
2888 841 2984 896 καὶ
3038 841 3335 913 ἐλευθερίῳ
3382 842 3531 912 πρὸς
3583 841 3649 893 τὸ

2046 930 2161 993 τοῖς
2193 930 2429 1001 παροῦσι
2478 931 2792 1002 χρήσασθαι
2841 933 2936 1001 μέν
2971 934 3064 987 καὶ
3095 933 3273 996 αὐτὸν,
3323 935 3551 1002 ἐφεῖναι
3587 933 3649 986 δὲ

2048 1023 2143 1074 καὶ
2181 1025 2293 1084 τοῖς
2330 1023 2480 1085 ἰδίοις
2520 1024 2906 1093 χρῆσθαι,⁶τὴν
2928 1024 3024 1078 τοῦ
3051 1025 3428 1094 καταχρῆσθαι
3458 1040 3651 1094 προσ-

2048 1115 2260 1185 ειλήφει
2293 1115 2475 1182 δόξαν.
2507 1116 2593 1189 [Ρ.
2639 1115 2765 1189 190]
2814 1116 2904 1186 Τῷ
2941 1116 2998 1170 δὲ
3049 1117 3319 1188 κυϐερνᾷν
3355 1118 3448 1170 τὸν
3505 1105 3684 1185 κραέ

2046 1209 2263 1275 τοῦντα,
2300 1212 2395 1265 καὶ
2444 1211 2648 1281 μᾶλλον
2682 1212 2768 1278 ἐφ’
2819 1208 3234 1274 ίκετείαις,.ὄτε
3281 1211 3498 1271 ἐκεῖνος
3544 1208 3654 1277 μὲν

2047 1302 2487 1372 προσαναφέρων
2508 1301 2683 1372 ἠξίου,
2715 1305 2744 1356 δ
2780 1302 2837 1356 δὲ
2872 1300 3088 1373 κρατῶν
3117 1302 3179 1356 ού
3226 1302 3425 1375 ῥᾳδίως
3472 1302 3652 1354 κατέ-

2047 1411 2194 1458 veos,
2226 1394 2522 1448 κάντεῦθεν
2571 1395 2714 1448 κατὰ
2760 1395 2822 1449 τὸ
2851 1394 3041 1449 δοκοῦν
3086 1394 3361 1466 ᾠκονέμει
3399 1392 3493 1463 τῷ
3523 1392 3654 1445 δεο-

2053 1489 2198 1557 μένῳ
2226 1486 2315 1539 τὸν
2345 1486 2634 1555 ἐλπισμδν,
2671 1487 2746 1550 ὡς
2799 1486 2872 1559 μὴ
2901 1489 3167 1556 ἀπογνοίη
3216 1483 3648 1557 ἀποπεμφθεὶς.

2050 1581 2284 1645 ἐλπίζων
2322 1581 2449 1642 ίσως
2477 1580 2659 1633 ἀνύειν
2687 1580 2996 1650 ἐσύστερον,
3034 1580 3136 1632 κᾶν
3163 1578 3337 1647 λέγων
3374 1576 3655 1638 πολλάκις

2049 1674 2147 1727 οὐκ
2180 1674 2334 1744 ἤνυε,
2381 1674 2477 1743 τὴν
2518 1672 2612 1727 τοῦ
2647 1672 2875 1743 ψεύδους
2924 1671 3161 1741 ὑποψίαν
3206 1668 3654 1742 προσκτώμενος

2051 1767 2422 1838 κατεκρίνετο.
2455 1763 2535 1819 Τὰ
2566 1765 2622 1819 δὲ
2655 1766 2980 1834 ἐγκλήματα
3011 1765 3185 1817 ταῦτα
3225 1760 3496 1826 καθάπαξ
3522 1761 3656 1824 ταῖς

2051 1860 2157 1912 τῶν
2194 1858 2403 1913 πολλῶν
2431 1858 2635 1929 ψυχαῖς
2678 1857 3003 1929 ὲνιζήσαντα
3045 1857 3249 1927 ἐξῆπτε
3274 1856 3338 1908 τὸ
3384 1853 3504 1907 ἀπὸ
3537 1852 3657 1905 τῶν

2054 1952 2263 2006 πολλῶν
2313 1955 2490 2017 μίσος,
2543 1952 2624 2005 ὅτι
2667 1968 2725 2005 τε
2757 1948 3039 2020 ἁντίζηλος
3068 1948 3155 2017 εἴη
3186 1945 3267 2018 τῷ
3314 1945 3655 2016 πατριάρχῃ

2052 2046 2149 2116 τὴν
2174 2027 2387 2101 ἐκείνου
2414 2042 2708 2114 κατασχὼν
2754 2042 3107 2110 Ἐκκλησίαν,
3137 2042 3231 2094 καὶ
3260 2041 3339 2093 ὄτι
3368 2039 3485 2092 ἀπὸ
3516 2037 3656 2107 θρό-

2051 2156 2142 2192 νου
2168 2126 2272 2207 τῆς
2303 2136 2574 2206 θυγατρὸς
2609 2136 2687 2206 τῷ
2735 2135 2908 2206 θρόνῳ
2956 2136 3053 2204 τῆς
3088 2133 3296 2205 μητρὸς
3330 2131 3507 2202 (οὓτω
3541 2131 3656 2198 γὰρ

2050 2232 2149 2292 τὰς
2175 2230 2474 2300 ἐκκλησίας
2509 2229 2759 2296 ἐκάλουν)
2817 2228 3011 2297 ἀνέδην
3061 2226 3208 2280 οὕτω
3257 2225 3351 2278 καὶ
3391 2221 3656 2282 αὐθαδῶς

2055 2324 2461 2394 εἰσπηδήσειεν.
2493 2324 2615 2377 ὅθεν
2651 2324 2744 2375 καὶ
2772 2321 2925 2374 δυσὶν
2961 2319 3308 2391 ἐνισχομένου
3343 2316 3655 2385 ἐγκλήμα-

2054 2432 2140 2468 σιν
2190 2415 2291 2469 ούκ
2338 2411 2406 2485 ἦν
2457 2415 2606 2477 ὅστις
2641 2414 2845 2481 ἀγαθὸν
2875 2412 3054 2466 ἐλάλει
3097 2411 3227 2483 περὶ⁵
3257 2411 3501 2471 ἐκείνῡυ,
3540 2407 3655 2459 τῶν

2054 2508 2156 2581 μὲν
2181 2513 2598 2579 προσκειμένων
2627 2504 2704 2576 τῷ
2734 2503 3071 2576 πατριάρχῃ.
3094 2502 3203 2557 τῶν
3233 2500 3288 2554 δὲ
3314 2503 3409 2554 καὶ
3436 2497 3655 2568 ἑπομέ-

2054 2687 2363 2759 spicionum
2389 2685 2639 2742 libertate
2663 2682 2929 2757 quoslibet
2946 2695 3255 2753 promiscue
3271 2682 3468 2735 obvios
3486 2674 3655 2730 affari

2053 2781 2413 2851 excipereque
2443 2786 2785 2840 consuesset,
2822 2790 3055 2845 cumque
3087 2775 3202 2828 suis
3230 2769 3559 2825 domesticis
3591 2766 3658 2821 li-

2054 2875 2327 2930 bcriorem
2361 2873 2666 2928 istiusmodi
2699 2871 2901 2942 pariter
2931 2884 3055 2924 cum
3084 2868 3367 2938 quibusvis
3402 2878 3654 2920 conver-

2053 2969 2318 3024 sationem
2343 2968 2704 3037 permitteret.
2734 2980 2861 3020 usus
2890 2964 2980 3019 ille
3002 2972 3360 3031 utrorumque
3382 2957 3656 3014 securior

2052 3059 2195 3130 apud
2237 3058 2602 3130 suspiciosum
2643 3058 2836 3128 vulgus
2886 3057 2941 3112 in
2980 3055 3248 3110 abusuutn
3290 3051 3652 3107 occultorum

1977 3151 2020 3209 C
2056 3154 2371 3225 opinionem
2412 3150 2659 3206 incurrit.
2694 3150 2966 3205 Tractatio
2998 3161 3180 3202 autem
3221 3143 3563 3212 obsequiosa
3596 3148 3655 3194 et

2054 3245 2360 3302 verecunda
2387 3259 2510 3297 cum
2540 3241 2803 3311 principe,
2830 3255 2893 3296 ex
2926 3256 3031 3308 qua
3061 3238 3147 3296 ilic
3178 3237 3430 3292 ﬁduciam
3457 3249 3655 3289 sume-

2055 3346 2147 3396 bat
2198 3335 2569 3409 suspcndcndi
2605 3334 2857 3389 eﬂ‘ccmm
2895 3332 3352 3403 supplicationum
3404 3327 3654 3397 patriar-

2054 3438 2193 3500 cbze,
2240 3435 2291 3489 id
2342 3447 2508 3503 agens
2558 3431 2660 3485 isto
2708 3429 2996 3483 ambitioso
3042 3426 3269 3481 artiﬁcio
3318 3421 3654 3478 differenda:

2054 3528 2259 3598 gratiae,
2304 3525 2461 3594 cujus
2500 3539 2651 3592 spem
2694 3537 2803 3576 non
2839 3519 3144 3580 auferebat,
3197 3526 3258 3572 ut
3297 3532 3424 3571 eum
3475 3530 3649 3585 quam

2053 3620 2360 3677 diutissime
2394 3618 2497 3674 sibi
2534 3617 2834 3687 supplicem
2868 3625 2922 3669 et
2952 3615 3032 3668 sic
3065 3601 3362 3668 obnoxium
3399 3618 3647 3672 teneret,

2053 3713 2108 3767 in
2140 3727 2302 3767 causa
2328 3719 2540 3766 erat‘ut
2569 3724 2692 3765 cum
2721 3722 2842 3779 quae
2870 3706 3175 3784 patriarcha
3214 3707 3649 3773 impetraturum

2056 3823 2114 3862 se
2146 3815 2450 3875 receperat,
2481 3803 2549 3858 ad
2581 3802 2723 3857 diem
2755 3816 2863 3856 non
2900 3800 3275 3869 pravenireut,
3308 3797 3397 3865 qui
3437 3794 3650 3849 frustra

2054 3905 2456 3970 exspectaram.
2487 3897 2648 3951 verba
2680 3894 2787 3950 sibi
2815 3895 2884 3949 ab
2911 3909 2977 3949 eo
3012 3893 3137 3948 data
3159 3898 3574 3961 quererentur;
3602 3887 3648 3942 si

2055 4007 2186 4046 vero
2226 3998 2448 4045 nossent
2481 3988 2686 4042 aditum
2724 3986 2793 4042 ab
2829 4000 2895 4041 eo
2936 3999 3122 4038 revera
3166 3983 3471 4053 principem
3494 4020 3510 4044 ,
3545 3979 3651 4034 fri-

2055 4083 2177 4155 gide
2200 4083 2249 4138 id
2278 4098 2341 4137 ac
2363 4081 2553 4136 timide
2578 4079 2809 4134 nimium
2833 4079 2900 4131 ab
2920 4092 3010 4140 eo,
3032 4076 3284 4130 videlicet
3300 4083 3648 4134 assentante,
3670 4145 3683 4153 ‘

2056 4187 2239 4234 actum
2272 4175 2394 4239 rati,
2429 4172 2809 4228 auctoritatem
2840 4182 2891 4225 et
2926 4171 3092 4225 robur
3126 4169 3371 4234 dignitati
3406 4166 3651 4237 patriar-

2056 4273 2173 4327 cbte
2197 4277 2632 4324 consentaneum
2665 4267 2718 4319 in
2744 4279 2809 4319 eo
2833 4264 3230 4325 desiderarent,
3258 4277 3323 4316 ac
3348 4271 3650 4330 propterea

2058 4364 2150 4419 tali
2181 4363 2301 4418 loco
2337 4361 2518 4415 minus
2551 4359 2806 4413 idoneum
2838 4357 3123 4412 ducerent.
3166 4353 3292 4408 llaec
3320 4351 3544 4407 sinistra
3578 4352 3650 4405 de

2057 4458 2332 4513 Germano
2384 4453 2588 4525 judicia
2638 4453 2933 4506 muttorum
2991 4447 3162 4503 semel
3218 4446 3419 4501 animis
3473 4444 3648 4498 inﬁxa

2058 4549 2323 4617 subjectis
2352 4547 2570 4601 invidia:
2600 4544 2812 4599 facibus
2842 4541 3272 4597 exardescebant
3302 4539 3354 4592 in
3385 4537 3650 4592 oli'ensio—

2057 4655 2182 4694 nem
2220 4638 2384 4708 282
2421 4636 2716 4706 publicam,
2757 4632 2942 4687 multis
2977 4632 3083 4698 iam
3121 4631 3268 4684 illum
3301 4629 3648 4683 intuentibus

2058 4743 2118 4785 ut
2158 4730 2430 4784 intrusum
2463 4743 2561 4797 pro
2595 4740 2727 4780 vero
2768 4723 3075 4794 patriarcha
3098 4763 3113 4784 ,
3158 4729 3400 4790 ereptam
3438 4719 3649 4787 injuste

2058 4822 2281 4875 innoxio
2327 4819 2622 4875 Ecclesiatn
2670 4827 2971 4877 tenentem.
3009 4823 3063 4869 et
3107 4830 3137 4869 e
3182 4813 3381 4869 throno
3411 4811 3532 4866 tiliae
3588 4810 3645 4864 in

2061 4916 2319 4969 thronum
2342 4915 2559 4967 ‘matris
2590 4911 2699 4973 (sic
2732 4911 2876 4964 enim
2908 4908 3169 4963 ecclesias
3200 4905 3468 4960 vocabant
3487 4920 3502 4971 )
3534 4904 3645 4957 im-

2059 5007 2332 5078 pudenter
2352 5021 2416 5060 ac
2455 5014 2657 5059 temere
2695 5003 2905 5057 insilire
2942 5016 3157 5054 ausum.
3187 4995 3641 5065 Qnibnssensim

2057 5100 2411 5171 gliscentibus
2436 5098 2711 5160 sensibus,
2733 5094 2916 5149 evenit
2942 5093 3160 5147 tandem
3182 5092 3319 5146 adeo
3347 5090 3499 5144 illum
3522 5104 3643 5142 ma-

2059 5192 2309 5247 culosum
2345 5204 2610 5257 apparere
2650 5186 2883 5255 duplicis
2920 5184 3076 5238 istius
3113 5183 3233 5236 labe
3263 5180 3545 5243 criminis,
3581 5187 3641 5231 ut

2061 5300 2170 5339 non
2198 5290 2344 5337 esset
2372 5282 2462 5350 qui
2491 5282 2559 5335 de
2589 5298 2654 5334 eo
2683 5280 2809 5332 boni
2840 5278 3135 5346 quidquam
3164 5276 3271 5344 jam
3304 5275 3452 5344 loqui
3478 5271 3643 5327 susti-

2058 5384 2237 5435 neret,
2273 5370 2716 5440 conspirantibus
2751 5369 2803 5421 in
2840 5383 3007 5421 unum
3039 5367 3177 5420 odiis
3212 5369 3494 5419 ambarum
3531 5364 3641 5416 fac-

2062 5469 2293 5528 tionum,
2343 5476 2449 5517 tam
2496 5465 2614 5534 ejus
2666 5462 2916 5516 videlicet
2956 5477 3077 5530 qua:
3121 5457 3352 5513 Arscnio
3405 5457 3636 5515 favebat,

2059 5574 2221 5629 quam
2253 5557 2478 5611 alterius
2511 5570 2632 5624 quae
2676 5568 2803 5608 suas
2833 5555 3069 5622 privatas
3116 5558 3301 5605 secuta
3334 5549 3573 5603 rationes
3605 5561 3637 5599 a

2059 5654 2332 5709 Germano
2370 5649 2723 5703 abhorrebat.
2759 5646 2870 5701 Nec
2899 5646 3127 5699 deerant
3166 5642 3486 5697 maleferiati
3528 5641 3638 5695 bla-

2061 5755 2279 5801 terones
2322 5743 2376 5797 in
2407 5739 2844 5795 maledicentiam
2878 5737 3099 5802 faciles,
3136 5737 3227 5806 qui
3266 5750 3363 5804 per
3398 5745 3633 5787 scomma

2059 5854 2185 5896 eum
2222 5837 2574 5893 Marmutzam
2600 5834 2971 5903 nominarem;
3004 5831 3327 5890 vocabulum
3365 5830 3468 5901 ipsi
3501 5825 3633 5882 Per-

2368 5986 2393 6001 κ
