3926 6554
441 365 545 429 711

1658 358 1981 418 csonen
2026 355 2504 418 ιιΑειιΥιιΕιιιιι
3569 359 3661 422 πρ,

438 478 708 546 νομένοις.
732 475 856 538 »Ὦς
882 473 1010 542 γοῦν
1033 474 1349 542 ὲκλεγέντες
1365 471 1507 536 τινὲς
1535 472 1899 543 ἠρωτήθησαν
1922 472 2027 524 τῶν
2056 479 2098 534 Α
2130 472 2224 525 καὶ
2273 472 2449 544 κρεῶν
2482 470 2641 525 ὑείων
2693 469 2984 541 ὀρέγεσθαι
3029 470 3126 541 τὴν
3158 469 3296 522 κατά
3338 470 3660 540 Χριστιανοὺς

438 564 533 618 τοῦ
586 568 810 636 κλήρου,
857 566 948 618 καὶ
984 564 1194 634 μᾶλλον
1239 566 1367 636 περὶ
1414 561 1508 616 τοῦ
1559 563 1807 625 σουλτὰν,
1844 563 1934 616 καὶ
1966 563 2015 615 si

443 656 858 719 συλλιτανεύσας
896 658 972 727 τῷ
1025 655 1341 727 πατριάρχῃ
1394 654 1771 720 συγκαθίσειεν
1821 656 2014 722 ἀναγι-

443 749 785 818 νωσκομένου
821 747 910 801 τοῦ
958 748 1266 814 θεολογικοῦ
1301 749 1459 816 λόγου
1493 749 1634 800 κατὰ
1672 748 1734 800 τὸ
1766 746 2015 816 σύνηθες,

444 841 606 903 εὐθὺς
647 840 957 909 ὡμολόγουν
989 839 1131 893 οὕτω
1182 840 1455 909 γενέσθαι,
1487 840 1577 894 τὸν
1616 839 1671 893 δὲ
1712 840 1939 893 σουλτάν
1966 839 2016 892 εί

443 933 762 1001 Χριστιανός
812 935 959 985 ἐστιν
991 932 1100 985 εἴτε
1147 934 1240 985 καὶ
1290 934 1363 1003 μὴ
1398 932 1473 1003 μὴ
1505 932 1699 985 εἰδέναι
1756 933 2013 1000 ἔφασκον,

444 1026 579 1086 τέως
605 1025 650 1077 δ’
694 1027 899 1076 ἐκεῖνον
935 1025 1054 1079 τότε
1098 1025 1423 1095 Χριστιανὸν
1468 1024 1708 1093 νομίζειν
1736 1023 2012 1093 ἄντικρυς.

445 1116 506 1165 Οἱ
543 1113 671 1180 γοῦν
706 1116 982 1182 κρίνοντες
1015 1115 1170 1167 τοῦτο
1202 1116 1362 1184 μόνον
1393 1115 1691 1184 λαμϐάνειν
1737 1114 1927 1184 ἤθελον
1956 1114 2017 1166 τὸ

445 1205 939 1259 συλλιτανεύσαντα
986 1206 1336 1275 καθεσθῆναι,
1368 1206 1428 1258 τὸ
1471 1206 1515 1258 δ’
1548 1208 1655 1259 εἴτε
1691 1206 2016 1275 Χριστιανὸς

443 1294 551 1348 εἴτε
581 1297 673 1348 καὶ
720 1300 816 1365 μὴ,
846 1298 1025 1359 αὐτοῖς
1058 1298 1294 1365 ἔφασκον
1327 1295 1588 1367 ζητητέον
1618 1294 1774 1360 εἶναι,
1805 1297 1896 1349 καὶ
1922 1298 2017 1350 ἐπὶ

440 1384 652 1448 τούτοις
684 1385 865 1438 πολλοὶ
918 1389 1228 1457 παρήγοντο
1279 1387 1716 1457 μαρτυρήσοντες
1759 1385 1818 1438 τὸ
1855 1386 2017 1448 σέϐας

442 1477 637 1547 ἐκείνῳ
668 1477 742 1547 μὴ
786 1476 928 1530 κατά
955 1478 1315 1548 Χριστιανοὺς
1363 1474 1521 1541 εἶναι,
1566 1478 1665 1531 οὐκ
1694 1474 1812 1532 οἶδα
1840 1478 1889 1531 δ’
1919 1477 2016 1531 εἴτ’

443 1566 663 1638 ἀληθὲς,
690 1567 939 1638 εῖτεκμὴν
967 1567 1363 1638 θεραπεύοντες
1387 1567 1479 1622 τὸν
1504 1568 1837 1639 κρατοῦντα.
1867 1568 2016 1631 Τέως

441 1657 499 1711 δέ
533 1674 617 1725 γε.
650 1656 725 1722 ὡς
769 1657 997 1729 ὕστερον
1027 1661 1171 1728 ἡμᾶς
1205 1659 1578 1714 πυνθάνεσθαι
1606 1659 1715 1714 τῶν
1763 1659 2019 1713 τοιούτων

442 1751 596 1813 τέλος
621 1749 916 1814 λαϐόν;ων,
945 1753 973 1804 6
1006 1751 1231 1805 σουλτάν
1263 1751 1587 1815 ἀποστείλας
1614 1753 1750 1826 πρὸς
1772 1753 1864 1807 τὸν
1886 1769 2019 1824 κρα·

2124 562 2399 616 πολιτείαν
2442 562 2818 631 ἐμφαίνοντος.
2850 562 2982 615 Τότε
3021 561 3077 615 δὲ
3122 561 3195 623 ὡς
3244 562 3521 615 ἀτελέστου
3553 565 3663 635 περὶ

2123 653 2216 707 τοῦ
2248 654 2473 709 σουλτάν
2518 654 2924 725 βουλευομένων
2958 653 3184 707 ἐκείνων
3235 654 3403 707 ἐδόκει
3449 654 3663 720 κίνδυνος

2123 746 2355 817 esseom
2403 747 2480 813 τῷ
2522 747 2857 821 πατριάρχῃ.
2889 741 3071 800 Ἦσαν
3103 745 3147 799 6‘
3183 745 3329 800 ἄλλοι
3366 744 3415 798 οἳ
3444 747 3530 799 καὶ
3550 746 3667 814 γλα-

2125 837 2439 911 φυρώτερον
2473 840 2794 910 ἐπεχείρουν
2831 838 2991 909 δῆθεν
3033 837 3529 909 προσεπιτιθέμενοι
3563 839 3665 902 ταῖς

2124 932 2499 1002 κατηγορίαις.
2524 933 2599 996 ὡς
2622 934 2779 1003 εἴπερ
2803 933 3052 995 κάκεῖνος
3074 933 3153 995 είς
3180 932 3526 1001 Χριστιανοὺς
3553 929 3667 1001 ἀλη-

2124 1025 2231 1088 θῶς
2268 1024 2458 1088 ἐτέλει,
2501 1024 2560 1076 τὸ
2610 1021 2740 1089 γοῦν
2782 1024 2910 1095 περὶ
2956 1025 3162 1077 ἐκεῖνον
3216 1023 3479 1095 Περσικὸν
3522 1024 3665 1075 καλὸν

2122 1113 2190 1187 ἦν
2217 1115 2462 1178 ἐκτόπως
2495 1114 2583 1168 τὸν
2616 1115 2960 1186 πατριάρχην
2991 1113 3350 1183 φυλάττεσθαι
3378 1128 3392 1142 ⁸
3422 1113 3547 1183 μηδὲ
3570 1113 3665 1184 γὰρ

2124 1207 2409 1268 κάκείνους
2457 1206 2662 1267 πάντας
2693 1206 3053 1275 Χριστιανοὺς
3098 1202 3298 1272 εἶναιῆ
3342 1203 3435 1256 καὶ
3477 1203 3667 1271 λογίζε-

2126 1296 2271 1353 σθαι.
2314 1299 2401 1360 Ὠς
2445 1296 2575 1365 γοῦν
2610 1296 2746 1367 πρὸς
2774 1296 2833 1349 τὸ
2882 1296 2948 1348 τὰ
2995 1295 3252 1348 δοκοῦντα
3296 1295 3668 1363 ἀποφαίνεσθαι

2123 1387 2285 1462 ἦσαν,
2326 1392 2374 1444 οἱ
2407 1391 2504 1461 μὲν
2552 1391 2789 1455 πλείους,
2824 1389 2856 1460 ἢ
2910 1389 3004 1442 καὶ
3040 1390 3239 1452 πάντες
3285 1389 3435 1458 παρὰ
3471 1386 3608 1449 τινὰς
3628 1390 3669 1458 (6

2126 1482 2592 1554 Ποντοηρακλείας
2660 1482 2933 1553 Θεόδωρος
2978 1475 3134 1545 οὗτος
3179 1476 3268 1553 ἦν,
3320 1483 3349 1532 ὁ
3412 1479 3668 1550 Εὑχαῖτῶν

2137 1574 2393 1643 Ἀλέξιος,
2419 1577 2446 1628 6
2474 1573 2725 1644 Βρύσεως
2756 1573 3028 1643 Ἰωάννης,
3061 1575 3155 1626 καὶ
3181 1572 3295 1643 μετ’
3320 1573 3495 1625 αὐτῶν
3515 1570 3667 1624 ἄλλον

2123 1669 2152 1721 6
2180 1668 2289 1740 γὰρ
2318 1665 2405 1740 [Ρ.
2436 1664 2564 1737 180]
2617 1664 2930 1736 Μιτυλήνης
2961 1665 3259 1736 Γρηγόριος
3303 1665 3374 1718 τὰ
3420 1663 3580 1717 πολλά
3603 1662 3670 1731 τῷ

2124 1757 2442 1829 πατριὰρχη
2473 1744 2777 1827 προσέχων,
2814 1754 2938 1808 ἐπεὶ
2985 1756 3083 1826 τὴν
3112 1755 3267 1824 δίκην
3295 1755 3671 1825 ἀπηρτημένην

443 1840 663 1903 τοῦντα,
695 1841 818 1895 ἐπεὶ
868 1843 1021 1913 παρὰ
1049 1840 1148 1913 τὴν
1176 1840 1344 1895 αὑτοῦ
1377 1842 1560 1895 αἰτίαν
1591 1842 1901 1913 μεμαθήκει
1930 1844 2020 1896 τὸν
2052 1847 2093 1900 Β
2123 1846 2268 1919 ἐώρα
2308 1848 2380 1912 οἱ,
2427 1846 2582 1900 νόσον
2633 1846 2981 1916 σκηψάμενος
3027 1845 3194 1914 ἀπῆν,
3238 1837 3282 1912 ᾧ
3327 1843 3393 1914 δὴ
3445 1844 3535 1898 καί
3569 1843 3670 1913 μετ’

445 1935 791 2006 πατριάρχην
845 1934 1192 2000 ἐξελαθέντα,
1222 1936 1317 1987 σὺν
1345 1935 1529 1997 ἄλλοις
1562 1930 1642 1998 οἷς
1676 1935 1900 2006 ἐμήνυε.
1928 1936 2021 1988 καὶ

443 2026 600 2077 τοῦτο
640 2026 939 2097 χαριέντως
993 2024 1026 2096 ἢ
1077 2025 1275 2095 μᾶλλον
1308 2026 1401 2078 καὶ
1452 2024 1660 2094 βαθέως
1720 2025 2020 2096 ἁπτόμενος

443 2123 845 2191 προσεμήνυεν,
873 2120 1040 2184 ἀξιῶν
1069 2119 1276 2173 στεῖλαί
1302 2120 1352 2172 οἱ
1375 2120 1482 2172 τῶν
1505 2118 1712 2173 ἐκείνου
1738 2119 2021 2191 διαφερόν-

442 2230 559 2275 τως
578 2213 645 2264 τὰ
676 2213 797 2281 ίερά
838 2210 1223 2281 περιάμματα,
1260 2210 1296 2264 ἀ
1335 2209 1400 2282 δὴ
1430 2211 1524 2264 καὶ
1563 2211 1826 2279 ὲγκόλπια
1856 2212 1883 2263 ὀ
1911 2227 2022 2263 κοι-

443 2303 532 2365 νὸς
563 2302 817 2373 ὀνομάζει
843 2303 1020 2371 λόγος,
1052 2302 1149 2356 καὶ
1178 2303 1227 2355 εί
1265 2302 1530 2372 βούλοιτο,
1578 2304 1671 2356 καὶ
1706 2304 1889 2372 χοίρου
1919 2320 2018 2356 τα-

446 2394 766 2464 ριχευθέντα
804 2394 978 2464 μηρὸν
1021 2393 1096 2457 ὡς
1142 2395 1470 2464 ὀρεγόμενος
1513 2394 1699 2463 φάγοι.
1731 2395 1842 2449 Καὶ
1875 2394 2020 2448 τοῦτ’

440 2484 509 2558 ἦν
555 2488 674 2541 τότε
727 2486 805 2556 τῷ
857 2486 1067 2555 βασιλεῖ
1101 2486 1228 2556 περὶ
1274 2483 1369 2539 τοῦ
1426 2488 1763 2557 πατριάρχου
1800 2484 2020 2556 ἐλεγχος

443 2582 722 2649 ἄντικρυς,
764 2576 841 2642 τῷ
901 2577 1003 2649 μὲν
1043 2573 1183 2631 εἶναι
1232 2577 1342 2630 τῶν
1393 2577 1555 2656 θρίων
1607 2579 2020 2647 ὲκτυπωμάτων

442 2668 825 2741 προσκυνητὴν
873 2670 932 2722 τδ
980 2669 1141 2732 σέϐας
1183 2668 1349 2724 αὑτοῦ
1408 2671 1806 2741 παριστῶντος,
1851 2668 1929 2741 τῷ
1962 2669 2019 2723 δὲ

445 2854 567 2907 nias
600 2852 883 2907 recitasset
937 2865 1058 2909 cum
1089 2849 1423 2920 patriarcha,
1483 2858 1534 2903 ct
1586 2847 1713 2903 dum
1751 2848 2021 2918 legeretur

441 2941 852 2996 divinassermo
880 2942 945 2994 de
976 2955 1147 3003 more,
1206 2940 1492 2994 assedisset
1544 2954 1674 3004 una,
1719 2939 1903 2994 statim
1935 2952 2022 2993 re-

438 3036 769 3103 sponderunt
802 3034 873 3086 ita
904 3033 1103 3087 factum
1133 3032 1323 3098 fuisse,
1374 3031 1550 3087 sultan
1586 3047 1713 3088 vero
1750 3031 2023 3087 Christia-

441 3143 553 3181 nus
577 3140 744 3181 necne
773 3126 843 3179 sit
870 3140 931 3180 se
966 3126 1209 3188 nescire;
1240 3139 1305 3179 ac
1337 3133 1447 3178 tum
1478 3124 1693 3193 quidem
1718 3138 1777 3179 se
1798 3132 2020 3193 putasse

2120 1939 2439 2010 ἐμϐριθείας
2487 1940 2515 1992 6
2548 1939 2766 2010 κρατῶν
2812 1937 2911 2009 ἐμὲ
2943 1938 3019 2002 ὡς
3055 1937 3303 2008 νοτάριον
3350 1936 3672 1991 ἀποστέλλων

2119 2034 2153 2102 ἢ
2191 2018 2437 2104 ἀπαντᾷν
2465 2032 2497 2100 ἢ
2533 2031 2735 2084 διδόναι
2767 2029 2864 2099 τὴν
2892 2027 3119 2099 γνώμην
3150 2027 3391 2092 ἐκέλευε,
3421 2028 3512 2080 καὶ
3534 2026 3671 2096 μόλις

2120 2124 2218 2192 τὴν
2244 2122 2451 2177 οἰκείαν
2479 2120 2703 2192 γνώμην
2732 2119 2811 2191 τῷ
2837 2137 2894 2172 τε
2921 2119 3204 2189 Λαρίσσης
3227 2118 3421 2188 Θωμᾷ,
3448 2116 3524 2188 τῷ
3546 2117 3675 2170 Nam

2122 2215 2333 2269 πάκτου
2383 2213 2601 2285 Ἰωάννῃ
2639 2214 2732 2266 καὶ
2764 2210 2842 2283 τῷ
2885 2209 3374 2282 ’Δδριανουπόλεως
3423 2208 3668 2279 Γερμανῷ

2125 2305 2593 2376 προσανετίθετο),
2619 2305 2669 2357 οὶ
2685 2303 2815 2374 γοῦν
2841 2303 2993 2375 παρά
3017 2309 3140 2367 τοὺς
3160 2302 3484 2374 εἰρημένους
3507 2303 3567 2355 ὲκ
3587 2302 3672 2355 τοῦ

2123 2398 2464 2469 παραχρῆμα
2518 2397 2837 2469 καθαίρεσιν
2868 2392 2963 2450 τοῦ
2997 2395 3337 2468 πατριάρχου
3388 2395 3674 2465 κατεψηφί-

2125 2486 2299 2551 ζοντο,
2351 2488 2487 2559 πλὴν
2539 2488 2615 2552 ὡς
2658 2487 3073 2558 φυγοδικοῦντος
3109 2488 3169 2540 τδ
3214 2487 3379 2541 πλέον
3409 2500 3424 2516 ⁸
3474 2487 3533 2540 τὸ
3579 2487 3672 2557 γὰρ

2125 2578 2351 2632 σουλτάν
2380 2580 2489 2631 είτε
2541 2578 2868 2649 Χριστιανὸς
2892 2579 2974 2649 εἴη
3003 2579 3111 2632 εἴτε
3153 2578 3248 2631 καὶ
3274 2577 3377 2650 μὴ,
3406 2578 3491 2632 ἐπ’
3522 2580 3672 2648 ἀμφι-

2124 2668 2301 2736 ϐόλοις
2329 2671 2560 2738 ἐτίθουν,
2609 2670 2865 2741 ἀποχρῶν
2894 2668 2950 2723 δὲ
2990 2670 3126 2741 πρὸς
3152 2669 3454 2741 καταδίκην
3481 2669 3553 2742 τῷ
3582 2687 3673 2724 κα-

2124 2858 2517 2913 meutareutur,
2551 2846 2851 2917 allegantes
2876 2863 3069 2918 parum
3105 2848 3172 2903 ad
3201 2863 3472 2903 summam
3505 2845 3672 2903 crimi-

2122 2942 2207 2996 nis
2226 2940 2432 2995 referre
2463 2937 2694 2994 sultauis
2723 2939 2892 3008 ipsius
2918 2950 3114 2995 statum
3140 2941 3312 3010 quoad
3351 2934 3669 3011 religionem.

2125 3025 2195 3081 Ut
2232 3026 2375 3081 enim
2434 3026 2523 3082 ille
2563 3041 2750 3082 revera
2798 3027 3139 3083 Christianus
3202 3030 3393 3094 fuerit,
3455 3041 3596 3086 certe
3647 3046 3671 3083 a

2122 3117 2304 3173 Persis
2339 3119 2457 3188 ejus
2500 3120 2791 3175 comitibus
2837 3120 3048 3190 pariter
3084 3131 3137 3176 et
3182 3123 3493 3193 promiscue
3529 3123 3675 3179 simul

443 3222 593 3275 illum
629 3220 1026 3275 Christianum.
1061 3216 1211 3273 Velle
1242 3228 1422 3274 autem
1448 3232 1508 3273 se
1538 3218 1779 3282 aiebant,
1805 3217 2015 3287 iudices
2042 3217 2086 3275 (Ξ
2118 3213 2330 3269 cunctis
2355 3214 2704 3269 admittendis
2751 3227 2943 3269 cavere
2987 3214 3247 3271 debuisse
3291 3217 3669 3285 patriarcham,

441 3316 541 3368 hoc
568 3313 741 3368 solum
773 3327 874 3381 pro
911 3311 1221 3367 testimonio
1252 3311 1530 3381 accipere,
1558 3309 1722 3366 simul
1747 3326 1936 3367 orasse
1961 3323 2017 3366 et

449 3406 723 3466 assedisse
754 3404 1018 3459 sullanem
1059 3420 1073 3457 :
1122 3403 1297 3472 qualis
1321 3413 1500 3458 autem
1524 3402 1708 3468 fuerit,
1751 3403 2019 3459 Christia-

440 3512 541 3553 nns
564 3513 629 3550 an
677 3510 936 3566 paganus,
972 3494 1325 3565 quaerendum
1356 3509 1422 3550 ex
1455 3508 1514 3548 se
1540 3508 1648 3548 non
1672 3508 1817 3550 esse.
1870 3493 2015 3549 Prte-

442 3600 522 3643 tcr
553 3589 655 3643 hos
685 3603 815 3658 ergo
845 3587 1095 3659 producti
1117 3586 1211 3640 alii
1253 3585 1413 3640 multi
1440 3595 1568 3641 sunt
1602 3586 1694 3655 qui
1752 3584 2016 3642 testiﬁca-

442 3691 627 3736 rentur
646 3697 751 3735 non
778 3694 899 3735 esse
918 3679 1067 3734 illum
1093 3679 1369 3748 religionis
1398 3679 1716 3735 Christianae
1731 3680 2012 3736 cultorem.

438 3773 590 3840 Quod
620 3781 799 3827 utrum
836 3772 911 3825 illi
943 3787 1008 3827 es
1044 3786 1170 3828 vero
1184 3771 1523 3827 allirmareut
1560 3787 1628 3827 an
1653 3771 2016 3838 obsequentes

440 3866 762 3933 imperatori
839 3865 1128 3944 ﬁngerent,
1214 3865 1358 3919 haud
1421 3865 1594 3919 habeo
1653 3872 2013 3933 compertum.

437 3957 802 4029 Cognovimus
839 3965 1018 4012 tanien
1051 3968 1255 4028 postea,
1291 3956 1502 4027 perlato
1535 3955 1646 4024 jam
1702 3965 1757 4011 et
1790 3969 2018 4011 exsecu-

441 4049 573 4104 tioni
599 4048 852 4107 mandato
892 4048 1116 4117 judicio,
1147 4046 1421 4103 sultanem
1470 4047 1560 4101 ubi
1613 4047 1861 4103 audisset
1915 4060 2013 4100 sua

439 4153 605 4194 caiisa
626 4139 933 4209 depositum
961 4138 1356 4207 patriarcham,
1385 4136 1601 4195 misisse
1619 4137 1685 4190 ad
1718 4136 2018 4205 imperato-

440 4246 556 4286 rem
593 4231 732 4300 (sive
762 4229 813 4284 id
850 4229 975 4296 joco
1006 4230 1123 4285 sive
1151 4230 1294 4284 serio
1325 4239 1417 4283 aut
1443 4243 1769 4298 quocunque
1797 4230 2014 4283 demum

439 4322 673 4379 consilio
701 4320 917 4393 fecerit)
947 4315 1039 4392 qui
1073 4337 1197 4377 eum
1230 4330 1484 4392 rogarent
1507 4322 1572 4375 ad
1605 4335 1665 4376 se
1698 4323 1914 4374 mittere
1931 4334 2016 4374 -ne

438 4425 759 4487 gravaretur
783 4415 1033 4484 quaedam
1091 4428 1158 4468 ex
1209 4413 1320 4468 suis
1366 4413 1538 4467 sacris
1580 4411 1852 4476 anmletis,
1894 4424 2015 4480 qua:

2122 3320 2244 3361 cum
2276 3307 2410 3362 satis
2452 3315 2730 3362 constaret
2766 3322 3109 3377 nequaquam
3142 3308 3263 3364 illos
3288 3311 3571 3366 universos
3594 3319 3677 3364 aut

2121 3397 2291 3453 fuisse
2312 3407 2405 3452 aut
2435 3399 2648 3454 habitos
2705 3415 2827 3456 esse
2874 3400 3239 3456 Christianos.
3299 3401 3372 3458 Ut
3398 3414 3578 3461 autem
3616 3402 3674 3456 ad

2119 3489 2379 3546 dicendas
2418 3492 2719 3547 sententias
2742 3503 2964 3547 ventum
2996 3501 3099 3560 est,
3138 3492 3382 3565 plerique
3404 3507 3495 3550 aut
3516 3494 3677 3566 potius

2118 3597 2307 3638 omnes
2369 3594 2567 3653 przeter
2620 3587 2885 3655 quosdam
2943 3584 3023 3656 (hi
3087 3585 3309 3642 fuerunt
3372 3586 3679 3643 Theodorus

2119 3672 2404 3729 Heraclea:
2463 3674 2647 3740 Ponti.
2704 3677 2928 3733 Alexius
2991 3676 3399 3743 Euchaitarum,
3459 3678 3679 3735 Joannes

2118 3766 2326 3837 Brysis,
2355 3775 2548 3824 etcum
2599 3769 2684 3823 his
2708 3767 2838 3824 alii:
2870 3784 2993 3823 nam
3032 3767 3329 3841 Gregorius
3382 3770 3674 3842 Mitylenes,

2118 3861 2440 3931 patriarcha:
2463 3860 2691 3915 multum
2711 3861 2946 3925 deditus.
2987 3861 3076 3915 ubi
3127 3865 3414 3932 prospexit
3465 3867 3514 3921 ei
3541 3864 3678 3919 dam-

2119 3954 2388 4008 nationem
2450 3953 2756 4022 imminere,
2840 3953 3094 4008 simulato
3136 3955 3326 4009 morbo
3381 3954 3569 4020 abfuit,
3614 3953 3675 4008 ad

2116 4062 2275 4117 quem
2324 4048 2533 4117 impetu
2588 4046 2805 4102 ardenti
2854 4047 3151 4117 imperator
3180 4060 3286 4114 me,
3351 4064 3449 4117 pro
3474 4064 3536 4104 eo
3581 4062 3676 4118 quo

2118 4145 2248 4193 tunc
2282 4123 2763 4210 fungebar‘notarii
2792 4151 3042 4204 munere,
3096 4138 3177 4194 ire
3211 4138 3499 4195 confestim
3529 4139 3677 4209 jussit

2118 4231 2568 4288 denuntiaturum
2617 4239 2677 4285 ut
2707 4233 2928 4286 omnino
2960 4240 3054 4285 aut
3081 4232 3298 4286 veniret
3348 4240 3676 4287 autsenten-

2120 4324 2250 4377 tiam
2281 4337 2436 4377 suam
2479 4321 2612 4378 mibi
2637 4322 2706 4377 ad
2759 4323 3025 4393 synodum
3058 4321 3297 4378 relaturo
3352 4325 3566 4392 ederet;
3614 4321 3674 4378 ad

2116 4429 2233 4485 qua:
2261 4415 2309 4470 is
2346 4430 2489 4483 aegre
2523 4415 2739 4470 tandem
2809 4429 3129 4484 responsum
3172 4417 3488 4486 expediens,
3539 4413 3676 4471 dixit

438 4507 680 4579 vulgaris
705 4521 884 4560 sermo
906 4513 1079 4560 vocati
1117 4504 1385 4573 enrolpia,
1437 4502 1716 4557 icuncnlas
1768 4500 2013 4555 videlicet
2045 4518 2088 4573 ι)
2117 4523 2195 4575 se,
2231 4511 2371 4577 quod
2396 4508 2630 4564 Thomas
2661 4509 2910 4574 Larissae,
2948 4508 3188 4569 Joannes
3229 4509 3515 4578 Naupacti,
3547 4509 3674 4565 Ger-

438 4602 638 4672 gestari
667 4598 734 4652 de
753 4597 890 4652 collo
918 4598 1216 4667 pendentes
1241 4598 1307 4650 ad
1328 4597 1505 4650 sinum
1542 4594 1818 4663 relig'onis
1851 4609 2014 4648 causa

439 4691 629 4748 solitas
650 4732 664 4755 ,
687 4690 1007 4760 etjussisser
1042 4699 1101 4744 ut
1125 4688 1385 4759 adderent
1410 4702 1492 4753 se,
1523 4689 1567 4740 si
1594 4686 1751 4741 vellet
1782 4686 2016 4756 impera-

441 4785 822 4854 torneligiouis
846 4798 953 4838 suae
972 4783 1247 4853 specimen
1268 4794 1479 4850 capere,
1511 4784 1593 4833 vel
1627 4778 1772 4848 porci
1799 4779 2015 4834 salitum

442 4880 618 4932 femur
648 4878 804 4931 avide
861 4887 1253 4943 comesturum.
1318 4872 1437 4940 Quo
1496 4870 1808 4927 testimonio
1858 4874 2016 4941 plane

439 4970 603 5043 266
627 4971 1049 5025 conﬁrmabatur
1077 4966 1393 5038 imperatori
1424 4965 1583 5034 culpa
1611 4965 1668 5020 in
1700 4968 1798 5023 hoc
1822 4980 2015 5022 vacare

441 5064 828 5133 patriarcham,
892 5076 1016 5116 cum
1070 5075 1258 5116 revera
1313 5060 1682 5117 Christianum
1738 5061 1910 5116 sultau
1956 5076 2015 5117 se

441 5157 696 5224 probaret
752 5160 862 5208 tum
905 5154 1223 5209 exhibendo
1272 5166 1330 5207 se
1385 5168 1663 5207 sacrarum
1717 5153 2011 5223 imaginum

440 5256 840 5313 veneratorem,
892 5259 946 5301 tu
959 5264 1010 5300 ιιι
1034 5261 1117 5301 ιεε
1151 5254 1375 5316 gustare
1398 5246 1633 5301 libenter
1658 5262 1852 5302 carnes
1875 5247 2012 5302 suil-

439 5343 521 5398 las
559 5342 905 5397 declaraudo.
929 5340 1198 5396 (laterum
1248 5349 1377 5393 tunc
1411 5353 1536 5394 cum
1572 5340 1626 5394 in
1661 5340 1767 5394 illis
1795 5341 1861 5395 de
1911 5356 2012 5407 pa-

444 5434 679 5487 triarcha
710 5430 1186 5500 disquisitionibns
1224 5429 1385 5499 quasi
1412 5446 1507 5497 pro
1535 5429 1892 5485 fundamento
1920 5444 2012 5499 po-

442 5537 669 5579 neretur
698 5522 1102 5578 minimeillum
1142 5520 1314 5575 fuisse
1363 5520 1691 5576 Christianis
1740 5522 2011 5592 mysteriis

440 5619 736 5684 initiatum,
798 5618 984 5686 utique
1034 5616 1320 5670 videbatur
1370 5615 1495 5668 inde
1531 5616 1838 5684 impendere
1869 5617 2011 5684 peri-

438 5711 622 5766 culum
656 5713 1008 5781 patriarchas.
1055 5711 1223 5767 Erant
1258 5708 1345 5775 qui
1373 5690 1619 5763 callidius
1670 5718 1724 5763 et
1749 5711 1815 5763 ad
1847 5709 2005 5763 tinent

437 5805 658 5867 intente
685 5804 1054 5861 damnationis
1078 5801 1478 5871 assequendum
1532 5800 1802 5856 eﬂicacius
1845 5816 2008 5871 ιιιειιφ

2123 4616 2317 4655 manus
2370 4600 2795 4672 Adrianopoleos
2853 4601 3091 4672 episcopi
3147 4609 3457 4667 censerent,
3521 4603 3671 4656 etiam

2124 4693 2296 4761 ipsum
2330 4694 2554 4758 sentire,
2614 4708 2676 4747 ac
2719 4693 2851 4747 velle
2903 4694 3080 4747 tribus
3120 4694 3358 4764 ipsorum
3420 4691 3675 4760 sull‘ragiis

2122 4797 2279 4838 suum
2300 4793 2548 4851 quartum
2580 4782 2734 4852 plane
2764 4784 3115 4838 consentiens
3145 4782 3675 4860 adjurrgi),exccptis,

2122 4874 2366 4941 inquam,
2403 4874 2485 4928 his
2513 4888 2649 4942 quos
2702 4876 2861 4928 modo
2915 4874 3218 4939 nominavi,
3271 4876 3473 4944 reliqui
3502 4886 3677 4927 omnes

2088 5036 2095 5041 ‘
2120 4972 2439 5033 prmsentem
2474 4964 2973 5020 exauctorationem
2991 4976 3113 5033 patr
3136 4967 3312 5021 archa:
3329 4966 3674 5021 concordibus

2122 5054 2355 5133 calculis
2387 5056 2773 5122 decreverunt,
2813 5056 2907 5111 sed
2945 5056 3141 5127 majori
3164 5072 3230 5112 cx
3260 5068 3415 5126 parte
3448 5058 3518 5114 ob
3549 5072 3670 5111 cou-

2124 5147 2415 5205 tumaciam
2465 5147 2627 5219 267
2685 5164 2790 5203 nou
2849 5148 3076 5203 sistendi
3137 5162 3197 5203 se
3249 5149 3455 5218 judicio
3502 5167 3515 5203 :
3564 5161 3673 5201 naut

2121 5240 2329 5294 crimen
2357 5239 2425 5293 de
2448 5241 2658 5294 sultane
2694 5239 2904 5313 longam
2934 5254 3044 5295 nec
3078 5240 3440 5297 necessariam
3470 5243 3674 5301 aiebant

2123 5348 2348 5402 poscere
2385 5334 2820 5402 disquistiouem
2854 5335 2919 5387 de
2964 5318 3223 5402 religione
3253 5336 3393 5405 ejus,
3438 5352 3539 5405 qua
3591 5320 3674 5388 de-

2121 5426 2270 5494 fungi
2301 5424 2511 5491 liceret,
2561 5424 2615 5477 in
2655 5425 2908 5492 auibiguo
2946 5425 3302 5492 relinquendo
3340 5425 3672 5479 Christianus

2120 5532 2289 5571 necne
2324 5515 2510 5579 fuerit,
2573 5515 2795 5570 nitendo
2831 5528 3010 5569 autem
3053 5516 3118 5569 ad
3170 5520 3672 5573 damnationcmac-

2118 5609 2294 5663 cusati
2335 5609 2587 5678 eo'quud
2649 5618 2704 5662 et
2740 5620 2890 5662 certo
2944 5618 3217 5663 constaret
3271 5618 3324 5664 et
3388 5612 3666 5666 secundum

2122 5705 2269 5772 leges
2308 5702 2598 5767 suniat-ret,
2651 5701 2997 5756 recusatione
3048 5703 3295 5756 vitle|.cet
3331 5700 3667 5772 comparemli

2117 5810 2246 5855 ante
2300 5796 2597 5866 legitimum
2649 5794 2907 5861 tribunal,
2933 5809 3039 5865 quo
3098 5794 3201 5850 rite
3250 5797 3446 5853 citatus
3492 5799 3663 5853 luerit.
