3926 6516
261 428 352 489 il'l

1166 421 1264 482 DE
1300 417 1694 480 MICHAELE
1733 416 2198 479 PAL/EOLOGO
2237 419 2371 478 LIB
2408 419 2504 480 1V.

3395 419 3503 482 718

251 545 476 614 θαλάσσῃ
506 539 597 594 καὶ
634 539 704 603 ὡς
754 537 1004 609 μετόχιον
1046 538 1112 607 τῇ
1154 536 1337 609 Ὀξ-είᾳ
1373 536 1648 607 ἡρμόζετο
1680 535 1821 606 (ἐκεῖ
1850 541 1891 597 Α
1925 535 2136 589 ἐκείνου
2190 534 2490 605 ἀπέχθειαν
2542 534 2613 600 ὡς
2656 534 2731 606 μὴ
2766 535 2893 604 παρ’
2925 535 3134 589 ἐκείνου
3185 538 3263 599 εἰς
3308 554 3506 591 κοινω-

249 640 345 708 γὰρ
390 632 694 703 προχείρως
749 629 1137 692 κατεδικάζετο
1177 629 1454 690 ἀπελθεῖν,
1511 629 1605 682 καὶ
1651 627 1810 681 τοῦτο

247 730 357 786 κατ’
386 725 700 793 οἰκονομίαν
730 719 881 792 οἶμαι
916 722 1071 784 Θεοῦ,
1106 723 1186 775 ὅτι
1239 723 1333 776 καὶ
1368 723 1427 774 τὸ
1472 724 1634 792 ῥάκος
1667 723 1809 774 ἐκεῖ-

246 841 327 886 νος
374 821 429 873 ἐν
455 821 520 889 τῇ
561 816 742 888 Ὀξείᾳ
773 815 1008 886 πρώτως
1042 815 1212 868 ὑπέδυ
1267 815 1356 868 τον
1403 813 1637 883 μοναχὸν
1682 829 1813 881 μετ-

245 909 689 984 αμφιεννύμενος)
725 939 796 949 -
852 907 928 969 ὡς
980 910 1162 960 τοίνυν
1209 907 1349 977 πρὸς
1395 909 1461 977 τῇ
1495 907 1662 976 ἐξόδῳ
1714 906 1814 974 τῆς

243 1002 526 1073 ἐκκλησίας
561 996 773 1073 ἦν,·[Ρ.
814 997 936 1072 185]
988 999 1208 1071 αἰθρίας
1249 1000 1302 1063 ἐς
1353 1001 1472 1052 τότε
1501 997 1666 1066 οῠσης
1693 998 1814 1050 κατ’

243 1094 454 1166 οὐρανδν
509 1093 772 1162 ἐξαίφνης
819 1092 982 1160 νέφος
1022 1091 1247 1144 σκοτόεν
1279 1091 1543 1162 Ξὲπλήρου
1577 1090 1636 1142 τὸ
1680 1091 1811 1156 πᾶν,

243 1186 328 1240 καὶ
376 1185 632 1254 ῥαγδαῖος
687 1183 905 1253 σύναιμα
971 1182 1182 1253 χαλάζῃ
1243 1177 1577 1249 κατεφέρετο
1635 1179 1812 1259 ὑετὸς,

239 1275 420 1348 χρῆμά,
447 1291 505 1326 τε
541 1273 781 1338 ἐξαίσιον
822 1272 1117 1342 ἀστραπῶν
1151 1272 1240 1324 τὸν
1270 1271 1408 1338 ἀέρα
1441 1267 1815 1339 πυρεκϐολοῦν

243 1371 466 1434 ὲξέκαιε,
501 1369 598 1419 καὶ
638 1365 837 1419 κτύποι
879 1365 1117 1435 βροντῶν
1148 1366 1387 1432 συνεχεῖς
1416 1364 1480 1414 τὰ
1513 1363 1620 1414 τῶν
1653 1362 1817 1412 ἀκου-

243 1465 398 1516 όντων
429 1461 832 1529 συνετάρασσον
865 1453 998 1511 ὦτα.
1031 1458 1295 1517 Κάκεῖνος
1329 1460 1384 1508 ἐν
1416 1458 1594 1516 τῦσοις
1622 1455 1816 1515 δεινοῖς

242 1558 344 1618 τοῖς
381 1556 692 1620 ἀπάγουσιν
725 1553 958 1616 εἵλκετο,
1006 1552 1113 1614 ἓως
1156 1553 1249 1604 καὶ
1285 1553 1342 1612 ές
1373 1551 1470 1632 τὴν
1515 1549 1680 1618 μονὴν
1714 1566 1816 1600 κα-

242 1649 848 1720 τηντήκεσαν.,Ἐκεϊσε
888 1649 1016 1714 γοῦν
1046 1645 1404 1714 διαγαγόντος
1441 1644 1538 1713 τὴν
1577 1645 1814 1712 ἡμέραν,

241 1745 300 1812 τῇ
354 1742 716 1810 ἐπιγενομένη
756 1730 1040 1808 νυκτὶνητ
1073 1739 1250 1792 ἀλιάδι
1286 1738 1564 1806 ἐνθέμενοι
1611 1734 1810 1806 περιώ-

245 1834 382 1904 ριξον
412 1834 513 1886 ἀνά
547 1833 648 1903 τὴν
675 1833 1095 1904 Προικόννησον,
1130 1832 1206 1902 τῷ
1230 1833 1406 1883 ἐκεῖσε
1442 1829 1712 1899 μονυδρίῳ
1738 1828 1816 1897 τῷ

1917 631 2036 684 νίαν
2069 631 2384 700 δεχόμενος,
2424 629 2602 682 αἰτίαν
2649 630 2850 698 φέρων,
2879 630 2929 681 εί
2962 631 3136 700 ἀληθῆ
3183 630 3379 700 ἄδηλον
3416 630 3501 696 ὃν,

1917 722 2064 792 ὅμως
2087 722 2144 774 δὲ
2181 721 2366 791 φέρων
2395 721 2458 774 ὲκ
2490 722 2680 791 φήμης
2721 721 2796 784 ὠς
2833 723 3223 792 συγκοινωνοίη
3270 724 3413 776 κατά
3451 741 3502 776 τι

1916 820 2030 878 τοῖς
2072 815 2405 885 Ἀρμενίοις,
2437 816 2557 866 τότε
2600 815 2685 868 διὰ
2717 814 2891 869 ταῦτα
2923 818 3015 870 καὶ
3055 816 3505 887 προσαπεδέχετο

1916 906 1976 958 τὸ
2013 904 2260 958 ἐκποδὼν
2303 907 2511 958 ἐκεῖνον
2541 905 2792 973 γενέσθαι
2828 908 2921 958 καὶ
2971 907 3189 977 συνῄνει
3234 907 3481 976 γνωμοδο

1917 999 2053 1052 τῶν.
2093 999 2151 1052 Ὀ
2182 998 2227 1052 δ’
2270 998 2679 1067 Ἀλεξανδρείας
2715 999 2982 1062 Νικόλαος
3029 999 3286 1053 τοσούτου
3323 1017 3509 1054 συναι-

1920 1093 2031 1144 νεῖν
2063 1092 2286 1160 ἐδέησεν
2317 1091 2458 1145 ὥστε
2493 1094 2588 1144 καὶ
2623 1092 2880 1159 καθάπαξ
2911 1093 3018 1146 τῶν
3049 1094 3514 1164 καταψηφισαμέ-

1920 1201 2030 1236 νων
2058 1184 2324 1253 ἐσχίζετο,
2349 1186 2442 1238 καὶ
2466 1185 2680 1255 ἔμεινεν
2705 1185 2810 1248 ἕως
2830 1185 3016 1249 τέλους
3039 1188 3096 1238 ὲν
3116 1185 3313 1258 τούτῳ,
3341 1187 3512 1258 μηδὲν

1925 1278 2267 1347 μεταλλάξας
2317 1279 2425 1332 τῶν
2477 1279 2862 1350 ἐγνωσμένων.

1923 1392 1974 1449 ι’.
2009 1394 2211 1459 ’Ὅπως
2236 1395 2460 1462 ἤθελεν
2488 1401 2520 1449 ὁ
2549 1397 2923 1464 πατριάρχης
2955 1396 3051 1449 ἐπὶ
3087 1397 3198 1464 τῆς
3224 1399 3401 1467 τιμῆς
3428 1395 3515 1450 ὢν

2047 1467 2484 1521 ἀνακαλεῖσθαι
2512 1467 2591 1532 ὡς
2623 1468 2900 1536 ἀρχιερέα
2932 1472 3039 1522 τὸν
3079 1469 3377 1538 Σάρδεων.

1992 1560 2115 1613 Τῶν
2173 1560 2216 1613 δ’
2266 1563 2587 1631 ἀρχιερέων,
2628 1561 2769 1632 πλὴν
2797 1563 2904 1614 τῶν
2953 1564 3234 1632 προτέρων
3266 1564 3511 1628 ἐκείνων,

1921 1653 2184 1726 Μανουήλ
2214 1671 2271 1705 τε
2307 1654 2400 1705 τοῦ
2438 1655 2836 1725 Θεσσαλονίκης
2867 1656 3073 1709 καὶτοῦ
3101 1657 3350 1726 Σάρδεων
3389 1657 3512 1709 Ἀν-

1919 1745 2191 1815 δρονίκου,
2228 1745 2308 1818 [Ρ.
2346 1746 2471 1819 184]
2498 1748 2670 1810 οὐδεὶς
2706 1748 2865 1812 ἄλλος
2893 1744 2960 1820 ἦν
2990 1751 3016 1801 ὁ
3044 1749 3384 1819 σχιζόμενος.
3406 1750 3512 1802 Τὺν

1935 1834 2298 1905 Ἀνδρόνικον,
2325 1838 2402 1901 ὡς
2427 1839 2520 1891 καὶ
2552 1839 2691 1891 κατᾶ
2725 1841 2993 1909 μοναχοὺς
3017 1839 3349 1910 ἀποκαρείη,
3376 1839 3513 1910 φθά-

245 1926 346 1978 ᾶνω
376 1924 472 1992 τῆς
505 1926 794 1996 ὲγχωρίως
815 1925 1119 1994 λεγομένης
1153 1922 1348 1990 Σούδας
1382 1921 1625 1992 κειμένῳ
1655 1924 1819 1990 ὲγκα-
1855 1909 1893 1966 Β
1925 1943 2115 1988 σαντες
2149 1929 2396 1998 εἴπομεν.
2431 1930 2529 1985 "Ov
2565 1933 2660 1984 καὶ
2695 1933 2788 1986 ἐπὶ
2818 1932 2916 2003 τῆς
2949 1932 3112 1986 αὑτοῦ
3139 1935 3512 2005 πατριαρχίας

241 2019 640 2085 τακλείσαντες,
694 2019 958 2084 τάξαντες
993 2019 1087 2072 καὶ
1121 2018 1368 2087 ὀπτῆρας
1421 2018 1484 2068 ἐκ
1520 2017 1626 2069 τῶν
1661 2016 1810 2085 βασι-

240 2113 418 2176 λικῶν,
450 2113 525 2177 ὡς
566 2112 643 2184 μὴ
671 2113 841 2182 θεῷτο
872 2114 982 2176 τοῖς
1019 2111 1388 2182 βουλομένοις.

242 2221 302 2275 θ’.
332 2225 528 2289 Ὅπως
575 2226 632 2278 οἱ
682 2223 793 2291 τῆς
845 2222 1154 2291 ἀνατολῆς
1203 2225 1583 2292 πατριάρχαι,
1626 2227 1658 2278 ὀ
1708 2224 1818 2292 τῆς

317 2294 774 2361 Ἀλεξανδρείας
810 2295 909 2347 καὶ
949 2295 1330 2362 Ἀντιοχείας.
1377 2299 1509 2362 περὶ
1551 2296 1816 2363 τὶιν”κα-

305 2367 575 2432 θαίρεσιν
603 2366 712 2418 τοῦ
737 2364 1102 2434 πατριάρχου
1131 2364 1508 2433 διετέθησαν.

307 2478 457 2532 Οὕτω
493 2479 592 2549 μὲν
627 2475 721 2531 οἷν
749 2480 816 2531 τὰ
851 2479 972 2530 κατ’
1014 2479 1223 2531 ἐκεῖνον
1263 2478 1671 2547 διαταξάμενοι,
1696 2477 1818 2529 ἐπεὶ

241 2570 330 2620 καὶ
375 2569 500 2630 τοὺς
540 2570 891 2639 πατριάρχας
932 2568 1020 2620 ἐπ’
1073 2567 1272 2640 ἐκείνῳ,
1310 2569 1671 2638 γνωμοέοτεῖν
1707 2569 1817 2622 τῶν

244 2660 545 2727 ἀναγκαίων
577 2661 853 2730 ἐνόμιζον,
891 2659 1224 2731 ἀξιουμένων
1253 2661 1478 2714 ἐκείνων
1501 2663 1527 2714 ὁ
1557 2662 1654 2730 μὲν
1697 2661 1818 2716 Ἀν-

244 2751 471 2820 τιοχείας
498 2751 779 2822 Εὐθὺμιος
805 2753 1133 2824 ὡρμημένος
1159 2754 1252 2805 καὶ
1276 2754 1445 2806 πάλαι
1475 2755 1552 2816 είς
1573 2755 1672 2823 τὴν
1700 2753 1817 2807 κατ’

247 2947 347 3005 tus,
409 2939 711 3008 imperator
762 2937 1104 3002 decreverat,
1151 2938 1202 2992 id
1234 2939 1376 3009 quod
1425 2940 1674 3010 equidem
1711 2954 1816 2991 non

241 3034 354 3086 sine
403 3033 624 3086 numine
680 3030 885 3093 factum
932 3031 1188 3094 arbitror,
1244 3033 1368 3082 dum
1414 3033 1597 3084 animo
1628 3041 1818 3099 repu'o

250 3110 444 3178 sacram
495 3125 752 3179 monachi
797 3135 1002 3177 vestem
1036 3138 1098 3177 ac
1145 3122 1538 3192 professionem
1583 3123 1816 3190 primum

241 3217 404 3287 271'
450 3219 517 3272 ab
573 3216 805 3272 Arseuio
857 3225 1159 3284 susceptam
1203 3216 1342 3284 apud
1391 3211 1638 3283 Oxeam),
1674 3230 1815 3274 cum,

249 3311 476 3380 inquam,
511 3313 562 3366 in
609 3325 677 3366 eo
708 3320 852 3364 esset
900 3320 958 3362 ut
991 3309 1194 3378 templo
1235 3311 1591 3380 egrederetur
1642 3317 1696 3363 et
1721 3325 1816 3362 su-

247 3403 360 3457 dum
391 3419 695 3474 purumque
739 3403 938 3458 cwlum
967 3410 1130 3464 esset,
1170 3399 1312 3456 {teda
1375 3409 1596 3470 repente
1646 3401 1818 3455 nubes

251 3507 374 3549 tetra
404 3509 594 3551 cuncta
616 3497 848 3568 caiigine
875 3497 1190 3566 complevit,
1226 3495 1624 3564 vehemensque
1655 3495 1814 3548 simul

251 3591 411 3646 imbcr
437 3595 600 3646 mista
642 3593 906 3661 grandine
941 3591 1162 3654 decidit,
1195 3591 1498 3660 fulguribus
1527 3590 1817 3644 horrendis

247 3680 344 3736 late
381 3701 558 3739 aerem
588 3685 1029 3739 iucendentihus.
1060 3682 1163 3736 Per
1191 3684 1288 3736 has
1335 3683 1424 3737 ille
1456 3698 1724 3736 aerumnas
1751 3682 1818 3735 ab

243 3775 626 3833 abducentibus
673 3779 1010 3836 trahebatur.
1059 3780 1237 3846 quand
1304 3777 1355 3830 in
1393 3776 1558 3838 illam,
1603 3776 1670 3830 de
1711 3790 1814 3844 qua

249 3869 365 3933 dixi,
401 3872 778 3926 tl0tuuuculam
833 3881 1236 3939 pervenerunt;
1273 3871 1362 3924 ubi
1395 3884 1518 3922 cum
1542 3870 1681 3922 diem
1717 3885 1815 3936 p0-

240 3968 435 4016 Sternm
468 3963 882 4034 trausegissent,
919 3972 1076 4016 nocte
1101 3966 1342 4015 insecuta
1373 3963 1491 4014 navi
1526 3959 1814 4013 Arseuium

247 4053 924 4126 piscatoriaeimponeutes,
993 4057 1340 4124 deportatum
1397 4055 1532 4108 ultra
1571 4053 1815 4107 Procon-

249 4162 420 4200 nesum
450 4151 784 4205 incluserunt
815 4150 1203 4203 utansiunculze
1227 4149 1338 4204 illic
1367 4151 1486 4202 siue
1543 4163 1702 4216 supra
1731 4148 1815 4199 lo-

239 4254 380 4302 cum,
410 4259 567 4310 quem
603 4244 760 4313 vulgo
816 4239 1006 4296 incolat
1043 4242 1244 4295 Sudam
1301 4251 1517 4305 vocant,
1557 4241 1815 4310 appositis

248 4336 548 4390 custodibus
579 4351 611 4390 e
642 4335 903 4390 satellitio
937 4335 1301 4405 imperatoris,
1341 4349 1406 4388 ne
1437 4335 1572 4388 adiri
1602 4334 1754 4389 exsul
1784 4353 1811 4388 ιι

247 4425 507 4490 quibusvis
536 4429 774 4483 invisere
807 4429 1112 4482 volentibus
1137 4437 1335 4496 posset.

244 4535 290 4590 9.
329 4538 395 4593 Ut
430 4541 725 4595 Orientales
755 4543 1074 4611 patriarcha:
1109 4542 1504 4597 Alexandrinus
1535 4556 1580 4596 et
1625 4544 1812 4598 Antio-

1935 2017 2232 2087 Ἀρσένιος,
2269 2017 2328 2072 εὖ
2364 2021 2518 2084 εἰδὼς
2547 2022 2624 2086 ὡς
2654 2022 2720 2076 δι’
2757 2024 2967 2077 ἐκεῖνον
2994 2025 3052 2077 τὸ
3083 2024 3298 2095 πρῶτον
3332 2027 3512 2096 ἐξορι-

1924 2111 2118 2164 σθέντα
2139 2113 2304 2166 ὑπέδυ
2321 2115 2386 2166 τὰ
2412 2115 2662 2185 μοναχῶν
2686 2115 3020 2187 ἐξεπίτηδες,
3040 2117 3231 2189 ἤθελεν
3249 2120 3513 2190 ἀνορθοῦν

1923 2205 2262 2276 ἀποθέμενον
2286 2208 2488 2271 εὐθέως
2523 2209 2593 2261 τά
2619 2211 2785 2280 ῥάκη.
2841 2211 2982 2263 Ἀλλ’
3021 2213 3124 2265 οὐκ
3153 2213 3437 2281 ἐξεγένετό
3465 2215 3515 2266 οἱ

1923 2302 2003 2364 εἰς
2025 2299 2182 2352 τοῦτο
2206 2303 2297 2354 καὶ
2326 2302 2452 2365 τοὺς
2483 2303 2746 2374 ἱεράρχας
2772 2304 3118 2374 συμπείθειν.
3158 2307 3380 2377 Ἐπειδὴ
3404 2306 3514 2376 γὰρ

1923 2392 2130 2454 ἐκεῖνος
2147 2393 2267 2446 τότε
2291 2392 2369 2464 τῷ
2392 2396 2712 2468 πατριάρχῃ
2737 2396 2858 2450 κατ’
2887 2397 3024 2450 ἰδίαν
3049 2399 3519 2470 κοινολογησάμε-

1921 2503 2011 2547 νος
2028 2480 2208 2556 εὗρεν,
2231 2487 2278 2538 εἰ
2299 2487 2457 2556 μόνον
2471 2489 2687 2558 θελήσοι
2703 2493 2800 2543 καὶ
2817 2492 2848 2560 ἡ
2867 2491 3102 2554 σύνοδος,
3121 2493 3515 2554 κατανεύοντα.

1923 2568 2156 2642 ὲξελθῶν
2189 2579 2399 2632 ἐκεῖθεν
2424 2579 2564 2649 ἔγνω
2595 2582 2761 2651 πείρᾳ.
2796 2583 2996 2637 διδόναι
3026 2587 3087 2637 τὸ
3123 2587 3376 2654 πρᾶγμα.
3410 2588 3520 2639 Καὶ

1921 2669 1984 2739 δὴ
2013 2671 2155 2724 κατὰ
2190 2671 2320 2742 μίαν
2351 2673 2457 2724 τῶν
2492 2673 2786 2726 συνοδικῶν
2821 2676 3073 2746 ἡμερῶν,
3105 2680 3517 2745 συνεγνωκότος

1923 2763 2140 2816 καὶτοῦ
2195 2767 2563 2838 πατριάρχου,
2602 2767 2845 2838 μανδύαν
2896 2786 2954 2821 τε
3002 2771 3383 2843 ἀρχιερατικὸν
3417 2789 3517 2825 πε-

1922 2957 2028 3009 est,
2053 2957 2108 3002 et
2160 2963 2274 3001 sua!
2340 2949 2484 3003 illam
2547 2951 2833 3005 sententia:
2889 2954 3213 3009 auctoritate
3262 2956 3515 3026 adjuncta

1924 3041 2292 3096 confirmavit.
2320 3045 2390 3096 At
2426 3044 2829 3099 Alexandrinus
2856 3046 3112 3101 Nicolaus
3161 3060 3368 3104 tantum
3423 3051 3519 3104 ab-

1923 3132 2079 3190 fuita
2107 3139 2512 3206 c0tnprobando
2557 3140 2720 3202 facto,
2777 3142 3024 3196 utsemel
3061 3158 3124 3197 ea
3170 3160 3332 3198 causa
3395 3145 3518 3197 illos

1931 3229 2023 3298 qui
2079 3231 2372 3284 Arsenium
2439 3233 2831 3289 damnaverant
2885 3252 2912 3287 a
2959 3251 3056 3290 sua
3134 3237 3518 3292 communione

1927 3320 2204 3376 abscissos
2231 3323 2396 3392 272
2429 3341 2700 3395 nunquam
2731 3327 2970 3395 amplius
2991 3329 3299 3394 admiserit,
3340 3344 3517 3397 neque

1927 3427 2114 3466 eorum
2157 3431 2276 3484 qua:
2302 3417 2394 3469 tali
2438 3419 2726 3472 occasione
2756 3421 3074 3476 decreverat
3121 3429 3330 3477 mutare
3358 3423 3515 3492 quid-

1927 3524 2088 3575 quam
2125 3508 2192 3562 ad
2225 3509 2384 3564 finem
2424 3527 2598 3580 usque
2621 3513 2875 3568 voluerit.

1923 3622 2009 3678 10.
2046 3623 2112 3699 Ut
2148 3627 2403 3680 Arsenius
2434 3630 2486 3679 in
2532 3629 2853 3695 patriarcha:
2883 3627 3143 3699 dignitate
3169 3633 3342 3686 adhuc
3381 3649 3512 3686 con-

1995 3698 2216 3773 stitutus
2264 3699 2537 3752 restituere
2568 3699 2909 3770 in'integrum
2955 3703 3174 3756 voluerit
3212 3705 3510 3773 episcOpum

1995 3766 2336 3837 Sardensem.

2001 3879 2393 3951 Episcoporum
2425 3898 2574 3948 vero,
2609 3894 2807 3952 prmter
2831 3887 3039 3954 priores
3064 3887 3182 3941 illos
3206 3887 3508 3944 Manueiem

1923 3973 2467 4029 Thessalonicensem
2491 3989 2543 4029 et
2569 3979 2936 4031 Andronicum
2962 3980 3312 4046 Sardeusem,
3333 3983 3510 4035 nullus

1922 4067 2064 4123 alios
2108 4069 2348 4122 schisma
2401 4070 2656 4124 faciebat.
2711 4073 3080 4126 Andronicum
3133 4075 3418 4129 detonsum
3457 4076 3508 4126 in

1921 4163 2246 4213 monachum
2279 4153 2526 4231 superius
2563 4163 2822 4218 diximus.
2852 4163 3007 4219 lltmc
3045 4163 3329 4229 Arsenius,
3355 4178 3511 4237 pust-

1918 4266 2080 4320 quam
2109 4254 2764 4325 restitutuspatriarchali
2797 4258 2994 4311 throno
3024 4259 3143 4324 fuit,
3179 4261 3361 4314 sciens
3409 4276 3508 4315 sua

1919 4362 2080 4399 causa
2106 4349 2744 4416 expulsumnttexsilium
2773 4352 3504 4420 lucrifaceret,mouastiram

1921 4447 2126 4492 vestem
2160 4438 2423 4504 induisse,
2443 4456 2704 4510 ΠῚιοΙιι-Γθ
2723 4444 2771 4494 in
2789 4451 2986 4496 statum
3008 4444 3290 4512 pristinum
3315 4447 3506 4509 voluit,

1919 4529 2014 4584 scd
2051 4546 2153 4583 non
2182 4533 2348 4585 valuit
2380 4534 2610 4587 aliorum
2647 4535 2698 4586 in
2731 4535 2780 4587 id
2811 4537 3113 4589 antistitum
3150 4538 3348 4592 elicere
3376 4557 3509 4591 mtt-

308 4612 490 4691 citerius
524 4613 670 4666 circa
693 4613 1018 4682 patriarcha:
1064 4616 1440 4681 depositione":
1472 4614 1651 4683 αποινὶ
1693 4614 1811 4682 [ιιε-
1843 4625 1887 4680 υ
1917 4636 2157 4676 sensum.
2198 4621 2306 4676 Res
2364 4624 2416 4677 in
2476 4627 2618 4678 hunc
2652 4636 2928 4681 transacta
2979 4629 3196 4681 modum
3229 4638 3334 4682 cst.
3389 4629 3511 4698 Egit

307 4682 428 4736 rint.

311 4794 502 4852 Horum
535 4799 588 4852 in
618 4799 760 4852 hunc
796 4800 1009 4853 modum
1042 4809 1229 4854 contra
1256 4799 1624 4868 patriarcham
1645 4800 1814 4853 Arse-

241 4889 380 4942 nium
410 4900 652 4944 actorum
686 4891 863 4958 magni
901 4890 1126 4957 referre,
1157 4894 1285 4960 quin
1320 4894 1426 4944 imo
1449 4894 1812 4946 necessarium

240 4985 502 5052 csse,qui
559 4994 787 5054 egerant
842 4986 1122 5053 putabant,
1174 4995 1230 5038 ut
1260 4985 1440 5038 caeteri
1493 4982 1815 5051 patriarcha:

247 5085 483 5130 auctores
507 5077 704 5133 fierent
733 5079 1094 5133 concordibus
1121 5079 1170 5131 iu
1197 5093 1260 5131 ea
1295 5077 1570 5147 soffragiis
1599 5077 1810 5130 dandis.

247 5166 371 5224 Cum
402 5171 563 5240 igitur
597 5171 754 5226 illiut
800 5173 849 5225 id
881 5182 1184 5226 anuuerent
1241 5181 1584 5241 rogarentur,
1620 5172 1813 5225 Antio-

250 5261 438 5317 chenus
466 5267 681 5334 quidem
706 5264 1033 5336 Euthymius
1057 5263 1214 5319 facile
1248 5280 1503 5319 assensus
1526 5275 1611 5318 est
1646 5282 1658 5316 :
1694 5275 1812 5318 erat

247 5357 380 5409 enim
442 5361 578 5413 haud
634 5362 861 5416 obscure
911 5359 1022 5428 jam
1073 5359 1199 5414 olim
1249 5359 1481 5414 Arsenio
1539 5357 1807 5422 infensus,

252 5450 382 5514 quod
435 5455 499 5508 ab
547 5454 662 5523 ipso
705 5456 757 5509 in
797 5455 1233 5509 communionem
1293 5471 1396 5507 non
1456 5457 1808 5522 reciperetur.

251 5538 408 5598 Causa
443 5547 712 5602 ferebatur
733 5547 896 5619 (haud
925 5549 1174 5617 equidem
1212 5547 1513 5602 tlcfiuierim
1543 5565 1610 5600 an
1641 5563 1765 5601 vera
1795 5589 1809 5612 ,

254 5635 336 5684 sed
371 5637 503 5693 hanc
543 5649 721 5694 tamen
770 5640 963 5709 vulgus
1004 5657 1257 5696 sermone
1312 5640 1643 5711 celebrabat)
1669 5644 1811 5709 quod

253 5725 602 5787 Autiorheuus
633 5736 1094 5790 communicassct
1117 5737 1348 5806 quadam
1381 5737 1432 5790 in
1465 5752 1522 5790 re
1553 5751 1674 5788 cum
1704 5737 1808 5789 Ar-

255 5823 449 5905 mcuiis.
498 5831 673 5895 Quare
709 5829 850 5883 idem
891 5830 1178 5885 occasione
1227 5831 1448 5886 ultionis
1479 5832 1678 5902 cupide
1727 5847 1814 5885 ar-

257 5923 394 5980 repta
421 5923 913 5978 exauctoratiouem
942 5922 1244 5979 adversarii
1271 5923 1503 5979 libenter
1531 5925 1814 5993 ampletus

1918 4724 2133 4767 secreto
2159 4716 2504 4770 Andronicus
2535 4732 2656 4769 cum
2688 4719 2918 4771 Ar'senio
2941 4719 3134 4772 iterum
3171 4720 3504 4789 patriarcha,

1919 4818 1971 4861 et
2011 4823 2077 4860 ex
2117 4823 2183 4862 co
2214 4810 2478 4862 intellexit
2526 4825 2622 4878 per
2653 4813 2823 4878 ipsum
2875 4826 2980 4864 non
3017 4818 3166 4865 stare
3213 4813 3508 4880 qumnious

1922 4904 2182 4956 continuo
2215 4903 2460 4972 deposito
2506 4906 2831 4958 monachico
2882 4916 3115 4958 centone
3163 4905 3506 4975 episcopales

1924 4993 2116 5046 iterum
2149 4993 2346 5047 infulas
2378 5003 2658 5048 sumeret:
2693 4995 2814 5046 addi
2851 4997 3008 5047 modo
3028 4993 3091 5046 ad
3116 5005 3508 5048 suamcurart-t

1925 5084 2149 5140 Patrum
2179 5102 2391 5156 quoque
2426 5103 2491 5142 ac
2517 5090 2706 5158 synodi
2748 5087 3102 5140 voluntatem.
3164 5085 3259 5139 llis
3290 5088 3506 5141 Andro.

1920 5180 2073 5234 uicus
2095 5181 2330 5250 cognitis
2361 5181 2598 5246 experiri
2643 5181 2918 5248 negotium
2953 5179 3226 5245 decrevit;
3289 5193 3342 5234 et
3373 5198 3506 5247 ιιιιει-

1919 5275 2039 5326 tlam
2071 5275 2176 5335 die,
2207 5289 2312 5342 qua
2338 5273 2645 5342 congregati
2677 5273 2946 5326 antistites
2983 5279 3138 5324 erant
3192 5288 3313 5326 cum
3342 5277 3507 5340 patri-

1917 5368 2083 5419 archa
2120 5367 2195 5418 rei
2241 5368 2484 5422 cooscio.
2509 5365 2870 5434 episcOpalem
2910 5365 3152 5418 Ittttttet'is
3187 5367 3500 5434 mandyam,

1917 5459 2080 5528 capiti
2117 5459 2344 5512 Cidarim
2379 5460 2627 5527 imponit,
2661 5445 2734 5511 et.
2772 5461 2850 5512 sic
2909 5460 2974 5512 ad
3020 5457 3160 5511 fores
3186 5459 3382 5512 sedens
3408 5473 3508 5529 po-

1920 5551 2089 5605 stulat
2125 5550 2360 5607 admitti.
2387 5548 2679 5605 Nuntiatur
2711 5549 2966 5604 Patribus
2986 5550 3130 5619 quis,
3155 5566 3504 5620 quo-ornatu,

1917 5646 2046 5712 quid
2083 5653 2312 5712 peteret.
2365 5643 2650 5711 Displicuit
2684 5644 2957 5714 plerisque
3019 5659 3212 5698 ausqu
3245 5659 3366 5699 esse
3429 5646 3509 5698 iu-

1914 5737 2065 5807 jussu
2103 5738 2425 5790 monachum
2468 5736 2833 5806 episcopalem
2893 5751 3175 5792 resumere
3224 5745 3498 5794 ornatum.

1919 5829 2060 5897 Ergo
2093 5829 2366 5882 hominem
2399 5842 2666 5882 consensu
2702 5829 3045 5898 rejecerunt;
3080 5840 3280 5882 etcum
3310 5827 3508 5897 aliquis

1895 5923 2208 5993 ~quamdatu
2245 5922 2362 5992 ejus
2394 5922 2678 5992 epistolam
2716 5921 3056 5994 protulisstet,
3120 5923 3208 5980 cui
3266 5921 3508 5993 seipsum
