3926 6542
285 357 388 420 7ἓῦ

1245 352 1342 412 DE
1385 348 1778 411 MICHAELE
1813 345 2277 409 PAL/EOLOGO
2317 344 2470 404 LIB.
2515 342 2619 405 ιγ.

3444 327 3548 391 726

287 493 444 538 σεως.
489 473 672 541 Ὑμεῖς
706 470 836 537 γοῦν
869 469 1045 522 οἴδατε
1090 468 1236 532 ὅπως
1282 467 1432 531 ἕξετε
1457 465 1592 538 πρδς
1622 464 1691 518 τὰ
1722 481 1864 533 παρ-
1896 468 1938 525 Α
1975 464 2092 534 μετ’
2123 460 2302 524 αἰδοῦς
2326 459 2417 512 καὶ
2446 456 2540 510 τοῦ
2573 453 2875 525 πρέποντος
2913 447 3302 520 προσεφέρετο,
3332 450 3424 499 καὶ
3463 445 3553 498 λό-

281 573 431 633 όντα,
468 565 602 635 ὁ)ςῆ
651 564 730 633 τῷ
763 562 1060 634 ἡσυχάζειν
1103 561 1189 613 ἐπ’
1223 559 1446 628 ἀγαθοῖς
1495 559 1765 628 ἐσόμενοι,
1828 556 1860 626 ἢ

283 659 357 728 τῷ
387 658 612 710 τοιαῦτα
646 657 831 726 ζητεῖν
879 653 1044 725 μηδὲν
1075 654 1209 717 ὅλως
1255 654 1385 724 ὑμῖν
1413 652 1758 724 προσήκοντα
1784 667 1866 702 τι-

285 747 760 820 μωρηθησόμενοι.
798 765 818 798 ι

285 903 372 975 ιβ’.
419 904 623 970 Ὅπως
662 903 976 975 ψηφίζεται
1003 908 1035 959 d
1070 891 1178 973 τῆς
1235 903 1872 975 Ἀδριανοῦ-Γερμανὸς

459 978 547 1041 εις
576 976 641 1028 τὸ
672 972 1114 1045 πατριιιρχεῖον,
1132 972 1242 1030 καί
1268 972 1472 1042 ὁποῖος
1494 972 1693 1040 οὗτος.

363 1117 425 1170 ’Θ
468 1116 566 1184 μὲν
592 1115 687 1169 οὖν
719 1114 972 1186 βασιλεὺς
1016 1114 1225 1180 τούτοις
1264 1132 1323 1167 τε
1358 1116 1451 1168 καὶ
1483 1113 1664 1175 ἄλλοις
1695 1113 1874 1167 τοιού-

279 1225 395 1269 τοις
426 1208 528 1270 τὰς
563 1206 1055 1278 προαναφωνήσας
1085 1207 1207 1269 δοὺς
1239 1205 1316 1274 τῷ
1354 1205 1487 1274 λαῷ,
1526 1206 1750 1258 ἀπολύει
1789 1205 1877 1257 ἐπ’

279 1302 448 1353 οἴκων
489 1301 816 1369 πορεύεσθαι
849 1301 954 1354 τῶν
981 1302 1200 1354 οἰκείων
1248 1299 1333 1372 [Ρ.
1364 1299 1492 1370 1881
1528 1300 1759 1351 ἕκαστον
1783 1317 1796 1330 ·
1827 1301 1874 1352 οἱ

283 1396 575 1464 ἀρχιερεῖς
606 1395 662 1448 δὲ
700 1396 760 1448 τὸ
803 1396 1086 1464 ἐνδόσιμον
1125 1394 1382 1456 λαϐόντες
1419 1393 1754 1463 ψηφίζεσθαι
1787 1393 1878 1446 τὸν

279 1486 552 1540 δοκοῦντα
576 1487 760 1553 σφίσιν
787 1489 876 1540 ἐπὶ
894 1491 960 1556 τῇ
991 1488 1220 1557 μεγίστῃ
1247 1485 1550 1557 προστασίᾳ
1578 1487 1668 1538 τὸν
1692 1488 1880 1554 ἐπιτή-

282 1581 446 1643 δειον,
478 1582 536 1633 ἐν
583 1581 766 1650 ταυτῷ
801 1582 1017 1634 συνίασι
1071 1581 1270 1644 πάντες
1302 1581 1441 1634 κατὰ
1491 1583 1552 1634 τὸ
1601 1581 1746 1652 ἱερὸν
1787 1583 1880 1634 καὶ

291 1672 438 1737 μέγα
479 1671 585 1724 τῶν
619 1673 937 1742 Βλαχερνῶν
964 1674 1209 1742 τέμενος,
1241 1675 1336 1726 καὶ
1359 1674 1516 1728 ἄλλον
1541 1675 1700 1730 ἄλλον
1744 1693 1878 1743 προ⁸

285 1763 626 1833 ϐαλλομένου
668 1766 817 1829 τέλος
863 1766 948 1834 ἐφ’
993 1767 1073 1820 ἑνὶ
1114 1768 1324 1830 πάντες·
1377 1767 1752 1834 συμφωνοῦσι,
1802 1768 1880 1837 τῷ

299 1858 796 1927 Ἀδριανουπόλεως
829 1857 1118 1930 Γερμανῴ,
1146 1858 1301 1928 ἀνδρὶ
1333 1858 1601 1929 ἐλευθέρῳ
1635 1859 1726 1912 τὸν
1757 1861 1882 1930 τρό-

287 1966 388 2002 πον
416 1952 512 2004 καῖ
551 1952 725 2019 ἱεραῖς
753 1950 1111 2018 διεξαγωγαίς
1137 1950 1424 2020 πρέποντι,
1457 1948 1534 2002 ἔτι
1565 1948 1620 2002 δὲ
1654 1949 1747 2002 καὶ
1783 1950 1880 2020 τὴν

286 2045 350 2095 ἐκ
399 2040 669 2110 βασιλέως
721 2045 785 2096 ἐκ
837 2043 1067 2096 παλαιοῦ
1121 2042 1440 2096 πλουτοῦντι
1480 2042 1740 2096 διάθεσιν.
1787 2043 1883 2095 Ὢν

288 2133 397 2198 γὰρ
427 2136 458 2186 ὁ
489 2134 628 2204 ἀνὴρ
675 2137 796 2197 ταῖς
836 2134 1117 2205 ἀληθείαις
1150 2135 1441 2204 φιλόκαλος
1473 2135 1572 2204 μὲν
1604 2135 1698 2187 καὶ
1731 2135 1881 2204 φιλο-

288 2226 451 2294 λόγος
484 2227 543 2288 ἐς
574 2228 764 2297 ἄκρον,
793 2228 954 2279 καλὸν
985 2227 1027 2280 δ’
1059 2228 1206 2282 ἅπαν
1234 2226 1389 2292 εἰδὼς
1416 2227 1444 2279 ὃ
1475 2228 1541 2281 ἂν
1583 2230 1674 2282 καὶΙ
1704 2230 1784 2291 εἰς
1814 2229 1884 2281 τὰ

295 2319 608 2389 πράγματα
637 2321 985 2389 χρησιμεύοι,
1021 2325 1096 2391 μὴ
1129 2321 1289 2390 μόνον
1313 2324 1390 2383 εἰς
1423 2323 1642 2393 ἀρετὴν,
1669 2325 1726 2375 ἐν
1753 2340 1887 2392 προ-

291 2413 520 2480 τιμήσει
578 2412 838 2476 πολλάκις
872 2412 981 2466 τῶν
1020 2414 1259 2467 ἐπαίνων
1309 2414 1475 2468 ὲτίθει
1525 2417 1613 2467 τὸν
1650 2416 1768 2485 μετ’
1801 2419 1888 2468 ἐν·

296 2504 557 2573 τρεχείας
598 2506 692 2558 καὶ
728 2507 790 2558 τὸ
818 2506 874 2569 ὲς
900 2505 1080 2576 ψυχῇ
1126 2507 1365 2575 ἀσφαλὲς
1392 2506 1583 2577 ἔχοντα
1625 2509 1719 2560 τοῦ
1749 2509 1886 2568 ὅλως

297 2599 472 2668 ἀρετῇ
527 2579 796 2662 συζῶντος
829 2603 1031 2670 γυμνῇ,
1082 2601 1130 2654 εί
1185 2601 1324 2655 κατὰ
1384 2600 1498 2670 βίον
1539 2601 1631 2654 καὶ
1686 2601 1758 2670 μὴ
1801 2601 1886 2654 ἐπ’

297 2690 540 2760 ἐρημίας
569 2690 768 2758 διάγοι.
803 2691 964 2745 Ὅθεν
996 2693 1172 2761 λόγιος
1207 2693 1305 2762 μὲν
1333 2693 1433 2746 οὐκ
1473 2687 1564 2764 ἦν,
1596 2693 1796 2761 λογίοις
1834 2693 1890 2746 δὲ

297 2882 548 2925 vestrum
583 2874 876 2944 unicuique
905 2879 1194 2939 conducat,
1219 2875 1514 2932 decernite.
1557 2874 1770 2942 Videte,
1800 2879 1889 2931 in-

298 2980 492 3032 quam,
529 2979 727 3020 annon
761 2968 828 3020 sit
869 2968 1262 3038 meliusquiete
1317 2971 1545 3024 vivendo
1579 2971 1736 3024 bonis
1785 2970 1892 3024 frui

302 3073 468 3125 quam
510 3059 823 3115 intrii-anth
849 3076 906 3114 se
939 3063 1098 3115 rebus
1138 3061 1204 3115 ad
1234 3077 1328 3115 vos
1364 3061 1499 3116 nihil
1529 3061 1888 3117 attinentibus

306 3153 359 3204 in
393 3166 588 3219 pcenas
619 3153 860 3207 incidere
888 3153 1265 3224 gravissimas.
1298 3173 1316 3204 ι

309 3303 394 3359 12.
437 3302 501 3357 Ut
534 3305 802 3372 su/frugiis
834 3306 1028 3359 electus
1060 3307 1125 3359 sit
1154 3307 1204 3360 in
1227 3307 1587 3374 pntriarcham
1619 3307 1892 3360 Adriano-

375 3381 552 3442 poleos
587 3392 854 3442 episcopus
877 3375 1168 3431 Germanus
1202 3391 1293 3441 ;et
1316 3376 1488 3445 qualis
1519 3378 1600 3431 hic
1635 3379 1818 3446 fuerit.

377 3509 508 3565 Hatc
537 3510 838 3580 imperator
860 3521 915 3567 et
943 3513 1212 3583 ejusmodi
1237 3513 1339 3566 alia
1362 3512 1577 3570 locutus
1610 3513 1894 3580 ront'cuit,

306 3601 492 3655 locum
529 3604 670 3658 dans
700 3603 1186 3659 acclamationibus
1226 3605 1410 3674 populi
1449 3605 1644 3669 solitis,
1679 3605 1899 3659 concio-

310 3713 491 3767 neque
547 3700 723 3753 soluta
781 3699 991 3754 remisit
1044 3702 1263 3755 domum
1318 3718 1782 3770 unumquemque.
1832 3703 1898 3754 At

307 3790 556 3860 episcopi
591 3791 846 3846 facultate
882 3804 1104 3862 accepta
1138 3795 1370 3863 eligendi
1409 3794 1596 3849 liberis
1627 3794 1900 3865 suffragiis

311 3897 480 3950 quem
510 3885 756 3937 omnium
781 3885 1121 3954 aptissimum
1147 3885 1458 3954 iudicarent
1486 3886 1553 3942 ad
1589 3902 1898 3956 supremam

317 3978 578 4034 Ecclesia
615 3980 994 4049 praefecturam
1039 3983 1237 4036 coeunt
1269 3997 1462 4036 omnes
1501 3983 1554 4035 in
1583 3998 1799 4036 sacrum
1838 3998 1903 4036 ac

314 4087 568 4139 magnum
597 4073 856 4141 templum
891 4074 1334 4132 Blacbernarum.
1364 4085 1419 4129 et
1452 4091 1520 4144 po
1557 4087 1738 4144 tqnatn
1765 4075 1904 4129 alius

315 4165 480 4218 alium
519 4167 910 4235 proposuisset,
944 4169 1008 4221 ad
1035 4179 1338 4222 extremum
1361 4171 1597 4223 universi
1625 4186 1902 4224 convene-

315 4269 443 4313 runt
494 4258 548 4313 in
595 4257 866 4313 Germano
924 4261 1089 4330 279
1136 4262 1565 4331 Adrianopoleos
1613 4265 1903 4335 episcopo,

315 4354 433 4406 viro
459 4354 641 4406 liberae
668 4353 863 4406 indolis
881 4363 936 4406 et
955 4354 1123 4408 sacris
1145 4352 1519 4409 functiombus
1536 4357 1734 4411 decore
1757 4373 1910 4426 pera-

319 4449 510 4518 gend's
534 4447 750 4509 idoneo,
786 4447 852 4500 ad
884 4446 997 4501 haec
1033 4449 1270 4518 gratioso
1300 4448 1597 4519 plurimum
1626 4449 1737 4518 jam
1779 4452 1906 4505 olim

1969 573 2067 624 γου
2095 552 2307 609 ἀκούων
2345 551 2556 619 ἠγάπα,
2595 547 2690 602 καὶ
2719 545 2872 615 φίλος
2905 539 2973 613 ἦν
2995 543 3052 606 ἐς
3081 541 3148 595 τὰ
3179 540 3414 611 μάλιστα
3440 539 3552 591 τῶν

1970 647 2246 710 τοιούτων,
2278 645 2353 707 ὡς
2394 645 2490 697 καὶ
2513 640 2673 702 αὐτὸς
2713 638 2808 692 τοῦ
2852 635 3017 690 καλοῦ
3057 633 3274 702 μετέχοι
3315 631 3390 694 ὡς
3435 632 3553 702 τΞρι⁴

1975 758 2095 793 στα.
2135 739 2359 809 Ἀρετῆς
2387 735 2444 790 δὲ
2474 733 2643 805 μετῆν
2673 731 2750 801 τῷ
2788 729 2944 799 ἀνδρὶ
2979 727 3077 796 οὐχ
3116 725 3182 796 ῆν
3226 725 3292 778 ἂν
3330 724 3379 776 οἱ
3414 739 3555 790 mp-

1971 834 2124 895 όντες
2158 833 2380 895 αῐνοῖεν,
2436 829 2468 898 ἢ
2528 826 2726 897 μᾶλλον
2767 824 2817 878 οἱ
2861 821 2991 891 παρ’
3032 821 3247 880 ἑαυτοῖς
3296 815 3555 888 προύχειν

1973 923 2256 985 δοκοῦντες
2285 920 2394 974 τῶν
2418 919 2612 980 ἄλλων,
2649 914 2915 988 βρώματα
2946 915 3038 966 καὶ
3079 912 3266 974 πόσεις
3309 909 3556 980 φιλοκρι-

1974 1014 2194 1078 νεῦντες
2225 1013 2316 1067 καὶ
2347 1012 2559 1082 ἡμέρας
2584 1007 2790 1062 τούτων
2831 1007 3047 1073 ἑκάστῳ
3099 1001 3420 1072 πρεπούσας
3465 1001 3561 1051 καὶ

1977 1108 2130 1180 παρὰ
2157 1107 2218 1161 τὸ
2245 1105 2390 1168 εἰκὸς
2419 1103 2843 1174 προσνέμοντες,
2881 1100 3020 1170 πεζῇ
3053 1117 3110 1152 τε
3151 1098 3244 1150 καὶ
3287 1096 3450 1168 βάδην
3479 1095 3565 1146 αἰ·-

1981 1201 2233 1272 ρούμενοι
2262 1197 2572 1268 διέρχεσθαι
2609 1195 2707 1259 τὰς
2739 1194 2912 1257 ὀδοὺς,
2945 1191 3301 1253 ἀνιπτόποδες
3342 1190 3433 1242 καὶ
3464 1205 3564 1258 χα-

1983 1293 2236 1364 μαιεῦναι
2266 1290 2362 1344 καὶ
2395 1289 2775 1361 μονοχίτωνες,
2805 1287 2864 1339 έν
2891 1285 3127 1356 δευτέρῳ
3160 1284 3213 1337 δὲ
3238 1281 3444 1336 τούτων
3476 1280 3566 1331 τὸν

1979 1383 2157 1438 οἶκτον
2183 1384 2277 1437 καὶ
2317 1382 2414 1454 τὴν
2440 1383 2662 1450 ἀγάπην
2692 1380 2989 1448 τιθέμενοι,
3027 1378 3106 1430 ἔτι
3137 1376 3190 1430 δὲ
3221 1375 3313 1430 καὶ
3343 1375 3439 1444 τὴν
3480 1391 3568 1441 φι-

1981 1476 2330 1546 λανθρωπίαν
2367 1474 2462 1528 καὶ
2497 1474 2595 1543 τὴν
2628 1472 2974 1542 συμπάθειαν
3008 1470 3103 1523 καὶ
3135 1469 3195 1521 τὸ
3225 1469 3346 1522 ὅλον
3392 1468 3570 1519 εἰπεῖν

1981 1572 2078 1640 τὴν
2113 1568 2406 1637 διάκρισιν,
2445 1565 2671 1636 σκληροὶ
2721 1582 2863 1628 τινες
2911 1564 3068 1626 ὄντες
3118 1562 3214 1616 καὶ
3245 1563 3358 1623 τοῖς
3389 1558 3570 1620 ἄλλοις

1987 1663 2294 1733 μωμητικοῖ
2332 1661 2430 1714 καὶ
2483 1658 2865 1730 μεμψίμοιροι,
2900 1656 2976 1720 ὼς
3032 1656 3249 1714 ἑαυτοῖς
3281 1652 3430 1720 σφίσι
3479 1651 3574 1703 καὶΙ

1991 1759 2168 1826 μόνοις
2191 1756 2289 1825 τὴν
2324 1753 2526 1825 ἀρετὴν
2577 1752 2888 1824 περιποιεῖν
2943 1749 3282 1820 αἱρούμενοι,
3337 1747 3439 1802 κᾶν
3467 1746 3494 1801 ὃ
3522 1763 3575 1799 τι

1915 1837 1954 1890 Β
1984 1853 2180 1902 ἐκεῖνοι
2212 1848 2307 1902 καὶ
2333 1849 2646 1916 πράττοιεν,
2678 1844 2795 1898 ἀλλ’
2822 1842 3025 1912 ἀρετῆς
3067 1842 3165 1910 τῆς
3210 1840 3332 1894 κατ’
3364 1837 3578 1906 ἄνθρω-

1988 1960 2088 1994 πον
2119 1941 2311 2004 ὅντως,
2362 1938 2484 1992 καθ’
2515 1939 2581 2009 ἣν
2639 1937 2705 1990 ἂν
2757 1937 2848 1988 καὶ
2879 1937 2906 1988 ὁ
2947 1933 3199 2003 ἀληθινὸς
3233 1930 3576 2001 χαρτικτηρί·

1989 2033 2134 2096 ζοιτο
2166 2031 2470 2100 ἄνθρωπος,
2506 2031 2599 2082 καὶ
2631 2028 2832 2100 μᾶλλον
2861 2029 2888 2080 ὁ
2910 2027 2995 2080 ἐπ’
3020 2025 3291 2091 ἐξουσίας,
3322 2017 3365 2091 ᾧ
3391 2023 3454 2093 δὴ
3482 2009 3576 2075 κο.ὶ

1987 2125 2047 2176 τὸ
2084 2121 2451 2193 μετριοπαθές
2478 2119 2572 2175 τοῦ
2621 2120 2866 2185 ἀπαθοῦς
2901 2119 3106 2190 μᾶλλον
3154 2117 3465 2186 ὀφείλεταιθ
3518 2109 3580 2168 οῦ

1989 2215 2054 2286 δὴ
2091 2214 2205 2284 βίου
2247 2214 2335 2286 [Ρ.
2383 2213 2510 2286 189]
2558 2215 2607 2267 εξ
2662 2213 2878 2282 ἐξαρεῐς
2920 2211 3017 2281 τὴν
3047 2210 3340 2281 διάκρισιν,
3375 2210 3436 2261 τὸ
3471 2209 3582 2262 πᾶν

1991 2308 2281 2371 ἀπώλεσας
2335 2309 2392 2375 ἐξ
2448 2308 2586 2372 ἑνός.
2660 2307 2900 2378 Τοιαύτη
2966 2306 3146 2359 τοίνυν
3206 2302 3582 2374 κοσμούμενος

1991 2401 2182 2471 ἀρετῇ,
2214 2402 2279 2472 ἣν
2334 2401 2396 2471 δὴ
2432 2402 2528 2454 καὶ
2582 2400 2866 2471 πολιτικήν
2895 2415 3040 2461 τινες
3083 2397 3305 2464 λέγουσι
3345 2397 3440 2448 καὶ
3490 2396 3583 2449 τὸν

1993 2494 2116 2547 κατ’
2152 2494 2322 2564 αὐτὴν
2359 2495 2471 2564 βίον
2515 2494 2817 2556 πολιτικὸν,
2855 2495 3016 2562 μέσον
3065 2491 3192 2545 ὅντα
3247 2488 3584 2560 θεωρητικοῦ

1993 2605 2050 2640 τε
2100 2588 2193 2640 καὶ
2240 2588 2667 2652 ἀπολαυστικοῦ,
2725 2590 2752 2641 ὁ
2797 2585 3057 2656 δηλωθεὶς
3094 2585 3189 2655 τῆς
3242 2582 3586 2654 Ὀρεστιάδος

1997 2682 2290 2752 ἀρχιερεὺς
2325 2681 2644 2754 προκριθεὶς
2695 2683 2806 2733 τῶν
2857 2679 3032 2731 ἄλλων
3069 2676 3321 2746 (καὶγὰρ
3370 2675 3588 2744 ἐλέγετο

1996 2868 2177 2931 batur,
2236 2874 2293 2920 ιιι
2344 2866 2607 2920 doctrinm
2659 2876 2723 2917 ac
2780 2861 3084 2932 sapientiae,
3141 2875 3303 2929 quam
3357 2859 3411 2912 in
3465 2858 3587 2912 aliis

1996 2959 2237 3025 amabat,
2292 2960 2374 3013 vel
2443 2958 2733 3026 plurimum
2805 2953 2858 3008 in
2900 2970 2970 3015 se
3025 2955 3228 3008 habere
3288 2954 3582 3006 videretur.

2001 3053 2184 3107 Virtus
2217 3065 2344 3104 vero
2385 3063 2547 3120 quam
2584 3050 2637 3102 in
2671 3048 2777 3102 vita
2812 3046 3172 3117 exprimebat,
3206 3061 3312 3098 non
3351 3053 3468 3097 erat
3499 3043 3587 3096 illa

2001 3146 2220 3215 quidem
2258 3145 2475 3212 qualem
2517 3142 2768 3197 hodierni
2808 3139 3092 3195 laudarent
3127 3138 3329 3201 tetrici,
3364 3148 3455 3191 aut
3494 3151 3593 3205 po-

2001 3238 2106 3292 tius
2145 3236 2237 3306 qui
2268 3251 2469 3290 arcano
2501 3234 2854 3290 conscientiae
2885 3232 3026 3287 fastu
3065 3239 3325 3302 prrestare
3373 3244 3431 3283 se
3464 3227 3587 3281 reli-

1997 3332 2121 3399 quis
2148 3329 2484 3392 existimant,
2509 3342 2839 3398 magnopere
2862 3327 2964 3381 sibi
2986 3328 3262 3396 placentes
3289 3324 3343 3378 in
3369 3337 3588 3378 moro'o

1998 3424 2230 3495 quodam
2264 3425 2510 3480 ciborum
2542 3438 2604 3476 ac
2629 3412 2910 3489 potiOnum
2952 3420 3188 3484 delectu,
3221 3419 3336 3474 suis
3371 3418 3589 3472 unicui-

2001 3533 2129 3588 que.
2175 3516 2482 3572 voluntaria
2525 3515 2808 3584 religione.
2845 3514 2983 3568 ultra
3017 3513 3402 3582 prmscriptum
3436 3526 3590 3564 com-

2002 3612 2243 3665 rnuniter
2287 3610 2535 3664 ordinem
2597 3609 2790 3663 diebus
2838 3608 3214 3678 assignandis,
3271 3606 3590 3660 alfectantes

2003 3705 2200 3758 itinera
2231 3703 2501 3758 coniicere
2526 3703 2772 3772 pedibus.
2807 3717 2944 3770 quos
2974 3701 3136 3754 etiam
3167 3715 3384 3769 semper
3412 3700 3591 3754 illotus

2004 3806 2281 3852 ostentare
2320 3806 2525 3862 amant,
2561 3795 2709 3849 humi
2747 3795 3046 3857 cubantes,
3085 3810 3190 3847 una
3232 3795 3415 3847 tun'1ca
3455 3807 3536 3847 co:
3563 3821 3591 3834 -

2007 3890 2138 3944 tenti
2162 3928 2177 3952 ,
2211 3899 2469 3943 ueterum
2503 3888 2933 3942 misericordiam
2967 3887 3120 3941 hisce
3152 3886 3592 3954 charitatemque

2007 3984 2401 4053 posthabentes
2473 3990 2846 4050 praetereaque
2882 3980 3269 4048 benignitatem
3309 3987 3360 4032 et
3405 3976 3596 4030 huma-

2007 4091 2139 4129 num
2182 4075 2507 4130 condolendi
2559 4072 3218 4139 mmrentibusoliicium,
3259 4070 3496 4140 denique
3538 4082 3597 4124 ut

2010 4183 2120 4222 uno
2151 4169 2316 4222 verbo
2344 4178 2540 4223 cuncta
2573 4168 2925 4238 complectar,
2965 4166 3374 4229 discretionem,
3417 4165 3595 4234 asperi

2009 4263 2228 4333 quidam
2255 4269 2310 4315 et
2337 4262 2675 4330 superciiiosi
2704 4278 2984 4325 censores,
3012 4263 3222 4314 nullum
3256 4259 3513 4328 carpendi
3539 4275 3603 4312 ae

2010 4357 2301 4414 vcllicandi
2343 4367 2541 4410 cuncta
2579 4356 2737 4411 obvia
2784 4355 3004 4409 tnodum
3039 4354 3205 4424 280
3251 4354 3485 4429 lineinve
3516 4351 3602 4404 fa-

2014 4453 2255 4520 cientes,
2297 4468 2393 4507 sua
2431 4454 2692 4506 mirantes
2715 4493 2728 4514 ,
2763 4466 2822 4506 se
2873 4465 3028 4515 unos,
3053 4459 3252 4503 rectam
3289 4450 3414 4502 vita:
3445 4446 3599 4516 sequi

316 4543 460 4613 apud
485 4541 1038 4609 itnt')eratoreni.Erat
1058 4543 1202 4596 enim
1226 4559 1413 4596 revera
1432 4544 1906 4616 homoeleganset
1939 4540 1984 4596 Ι)
2013 4556 2240 4608 sectam,
2293 4561 2431 4600 unos
2475 4561 2689 4614 sapere,
2737 4559 2908 4613 penes
2967 4559 3104 4596 unos
3157 4543 3262 4594 vim
3324 4542 3602 4608 decusque

315 4637 562 4692 eruditus
589 4644 647 4688 ut
679 4635 770 4703 qui
799 4636 1052 4701 maxime,
1085 4652 1149 4689 ac
1180 4653 1304 4691 cum
1341 4637 1396 4690 in
1418 4638 1566 4692 nullo
1594 4654 1703 4692 non
1739 4655 1899 4694 exer-

317 4730 517 4783 citatus
555 4727 902 4782 laudabilium
939 4739 1137 4796 genere
1171 4730 1394 4798 art—ium,
1434 4740 1545 4785 tum
1590 4732 1706 4784 illas
1737 4747 1803 4786 ex
1836 4731 1901 4786 iis

316 4838 435 4892 qum
466 4837 574 4874 non
598 4822 662 4874 ad
692 4821 862 4874 solam
899 4821 1150 4876 virtutem
1177 4823 1268 4876 sed
1300 4823 1365 4877 ad
1391 4837 1476 4875 res
1514 4823 1652 4877 bene
1682 4839 1744 4877 ac
1775 4840 1898 4878 cum

318 4930 573 4968 successu
607 4914 873 4984 gerendas
908 4921 1094 4966 essent
1125 4914 1287 4968 utiles
1312 4955 1325 4976 ,
1366 4913 1624 4981 pra-ferre
1655 4916 1900 4984 pierum-

317 5023 421 5077 que
447 5006 654 5076 judicio
680 5023 740 5061 ac
771 5007 1244 5064 cmmnemlationc
1266 5007 1476 5060 caeteris
1516 5007 1729 5072 solitus,
1759 5017 1812 5061 et
1838 5023 1901 5060 ex

323 5099 636 5154 hominibus
667 5114 789 5152 eum
821 5100 911 5167 qui
939 5113 1066 5152 cum
1105 5098 1429 5153 dexteritate
1457 5099 1647 5169 agendi
1683 5115 1906 5154 versan-

319 5193 483 5262 diquc
510 5192 561 5245 in
595 5191 755 5247 rebus
782 5192 973 5246 salutis
1006 5193 1201 5246 animae
1237 5193 1478 5246 rationes
1506 5193 1560 5246 in
1592 5203 1707 5247 tuto
1740 5192 1906 5247 habe-

322 5297 426 5349 ret,
469 5286 561 5339 illo
591 5285 903 5339 existimare
935 5285 1202 5354 potiorem
1232 5286 1321 5353 qui
1355 5304 1412 5339 se
1451 5295 1621 5340 totutn
1655 5290 1812 5341 nudm
1843 5303 1907 5341 ac

322 5395 485 5433 mere
529 5379 712 5432 \irtuti
747 5378 971 5433 dederet
1004 5379 1049 5432 si
1084 5379 1133 5433 ei
1167 5395 1274 5431 non
1307 5379 1358 5432 in
1396 5379 1690 5434 Solitudine
1722 5381 1816 5435 sed
1851 5381 1905 5434 iu

322 5473 582 5527 societate
605 5487 668 5526 ac
691 5487 790 5525 usu
811 5471 1088 5525 hominum
1114 5471 1405 5525 vivendum
1434 5474 1762 5527 esse'.Unde
1781 5490 1903 5527 cum

324 5581 432 5618 non
484 5572 630 5618 esset
680 5563 796 5632 ipse
847 5562 1066 5633 quidem
1111 5563 1393 5632 eloquens,
1439 5565 1675 5619 disertos
1725 5576 1905 5619 tamen

325 5659 460 5712 scita
490 5667 544 5711 et
575 5657 842 5712 reverenti
875 5657 1274 5738 consuetudine
1295 5656 1706 5722 demerebatur,
1739 5659 1907 5711 bene—

325 5751 481 5805 νυιυδ
510 5751 724 5806 auditor
769 5751 1161 5820 perorantium,
1211 5751 1526 5820 amorisque
1572 5751 1625 5803 in
1653 5752 1702 5803 id
1730 5751 1907 5803 homi-

328 5860 458 5900 num
491 5861 658 5916 genus
687 5846 871 5903 eximii
899 5847 1204 5916 prcl'cssor;
1233 5847 1428 5916 quibus
1463 5845 1624 5901 rebus
1648 5859 1905 5913 asseque-

2007 4638 2184 4692 laudis
2219 4654 2281 4692 ac
2319 4639 2600 4708 religionis
2635 4638 2874 4691 residere
2907 4635 3111 4697 omnis,
3145 4636 3197 4688 in
3232 4634 3444 4689 cunctis
3482 4651 3603 4703 qua:

2006 4739 2174 4800 agunt
2227 4745 2285 4784 sc
2317 4731 2530 4799 opinari
2583 4730 2955 4800 prtel'crentes.
2993 4730 3108 4782 Non
3145 4730 3300 4786 talis.
3335 4728 3600 4797 inquam,

2007 4823 2170 4893 hujus
2199 4822 2292 4875 \iri
2328 4825 2500 4877 virtus
2529 4834 2669 4889 erat,
2701 4824 2796 4877 sed
2823 4825 2982 4894 longe
3003 4824 3203 4878 diVCl’ai
3239 4826 3475 4892 generis,
3501 4839 3596 4873 ac-

2005 4919 2348 4972 commodata
2399 4919 2624 4971 omnino
2671 4919 2734 4970 ad
2791 4918 3088 4970 humanum
3140 4929 3394 4986 captum,
3453 4917 3600 4986 quali

2006 5027 2129 5064 eum
2173 5010 2418 5080 insigniri
2453 5010 2535 5065 fas
2573 5011 2642 5063 sit
2677 5010 2767 5079 qui
2803 5026 2988 5064 verum
3026 5010 3303 5063 hominem
3339 5025 3465 5064 vera
3494 5010 3597 5064 hu-

2012 5106 2271 5158 manitate
2307 5120 2428 5159 sese
2457 5113 2705 5173 pnestet,
2742 5114 2899 5172 prout
2940 5105 3236 5172 pra-serum
3275 5118 3402 5157 eum
3439 5102 3611 5158 decet,

2009 5197 2100 5266 qui
2130 5197 2458 5250 constitutus
2489 5200 2542 5249 in
2573 5196 2891 5265 praefectura
2915 5196 3004 5259 sit,
3033 5213 3060 5247 a
3093 5211 3202 5264 quo
3225 5211 3331 5250 non
3361 5196 3598 5264 exigitur

2013 5299 2067 5340 ut
2113 5288 2588 5355 perturbationum
2621 5287 2868 5341 funditus
2911 5302 3108 5355 expers
3139 5287 3244 5346 sit.
3281 5287 3375 5341 sed
3408 5295 3466 5341 ut
3505 5301 3598 5341 eas

2015 5379 2386 5434 mediocritate
2409 5372 2640 5448 quadam
2667 5387 2991 5446 temperatas
3014 5377 3207 5431 habeat
3224 5376 3277 5430 in
3300 5387 3599 5447 potestate;

2010 5489 2038 5523 a
2076 5487 2184 5538 quo
2216 5471 2339 5524 vitae
2372 5486 2571 5540 genere
2601 5471 2644 5524 si
2676 5470 3066 5524 discretionem
3109 5469 3286 5530 tollas,
3317 5470 3500 5525 omnia
3533 5486 3602 5524 ex

2015 5581 2124 5618 uno
2176 5565 2480 5634 perdidisti.
2539 5562 2861 5630 llujusmodi
2915 5579 3044 5632 ergo
3094 5571 3324 5617 ornatus
3373 5563 3598 5627 virtute,

2012 5675 2173 5723 quam
2206 5657 2417 5710 civilem
2447 5658 2666 5725 quidam
2694 5667 2908 5721 vorant,
2950 5668 3009 5712 ut
3056 5667 3111 5712 et
3139 5659 3259 5712 vitae
3295 5659 3599 5712 secundum

2013 5767 2132 5805 ram
2176 5751 2348 5804 ducta:
2393 5751 2574 5806 civilis
2623 5752 3044 5821 appellationem
3076 5751 3358 5820 ;tribuunt,
3409 5750 3601 5804 mediae

2014 5846 2248 5917 cuipiam
2293 5846 2433 5900 inter
2470 5845 2951 5917 contemplativam
2986 5856 3039 5903 et
3077 5843 3472 5916 voluptariam,
3507 5842 3600 5898 ille
