3926 6582
402 323 514 390 727

1531 376 1545 389 -
1618 339 1945 401 GEORGII
1986 336 2470 407 PACHYMERA!

3535 357 3628 421 728

396 446 500 538 κᾶν
522 444 598 514 τῷ
647 447 766 500 κατ’
804 448 1069 520 ἀνατολὴν
1096 451 1214 523 δρει
1261 452 1341 526 τῷ
1375 454 1569 524 μέλανι
1599 460 1694 511 καὶ
1746 460 1811 530 τῇ
1859 463 1980 512 κατ’
2007 456 2058 516 Α
2088 464 2187 532 μὲν
2228 462 2531 534 ἁπλότητος
2580 464 2959 535 πλεονέκτημα
3008 467 3089 529 είς
3135 468 3469 538 κατηγορίαν
3502 471 3638 527 ἀδια-

393 536 575 591 ἐκείνο
618 542 749 609 μονῇ
785 543 1106 611 ἐγχρονίσας
1149 546 1392 617 ἀσκῆσαι
1432 548 1494 602 τὸ
1521 549 1689 604 πάλαι
1716 551 1785 603 τὰ
1818 552 1975 620 μέγιυ

395 629 517 693 στα)
558 630 708 700 παρὰ
728 632 838 684 τῶν
879 632 1084 687 λοιπῶν
1111 635 1329 706 ἠξιοῦτο
1357 638 1456 709 τὴν
1483 640 1583 710 τῆς
1622 642 1973 695 Κωνσταντι-

398 723 702 785 νουπόλεως
736 727 1072 795 προστασίαν
1115 730 1495 798 ἀναδέξασθαι.
1538 733 1643 786 Σὺν
1690 728 1773 795 οἷς
1826 737 1918 789 καὶ
1946 735 1975 787 ό

399 812 653 883 βασιλεὺς
686 817 785 883 τὴν
816 817 999 887 ψῆφον
1030 822 1430 892 ἀποδεξάμενος
1474 826 1850 895 κατηντιϐόλει
1882 826 1972 879 τὸν

400 905 591 972 ἄνδρα,
625 907 713 985 acati
743 907 828 976 ἐφ’
859 910 1094 981 ἡμέραις
1127 914 1367 984 προσιὼν
1394 916 1537 978 ὅλαις
1563 918 1758 985 ὁρμαῖς
1786 914 1975 986 παρώ-

396 1012 557 1063 τρυνε
599 999 692 1051 καὶ
721 998 872 1071 ἠξίου
905 1002 979 1072 μὴ
1020 1004 1451 1075 ἀποπέμψασθαι
1485 1008 1551 1060 τὰ
1572 1007 1670 1075 τῆς
1703 1008 1967 1078 κλήσεως.

396 1109 486 1177 ιγ’.
522 1113 721 1179 Ὅπως
748 1117 1401 1198 ἀνέὶγεταιιΓερμσνὸς-
1434 1126 1520 1186 εις
1570 1125 1638 1177 τὸ
1694 1140 1975 1198 πατριαρ-

430 1236 463 1257 ⁵
747 1191 934 1254 χεῖον,
966 1191 1066 1243 καί
1097 1194 1153 1245 τί
1185 1192 1616 1261 διαπράττεται.
1812 1191 1841 1211 ’“

468 1274 577 1329 Καὶ
615 1275 679 1346 δὴ
710 1280 1083 1351 παρακληθεὶς
1115 1277 1247 1349 εἶξε.
1280 1287 1389 1340 Καὶ
1429 1289 1598 1357 μηνὸς
1639 1290 1975 1364 Μαιμακτη-

399 1364 592 1434 ριῶνος
633 1369 693 1420 ἐν
728 1371 791 1439 τῇ
831 1370 927 1423 τοῦ
964 1373 1124 1440 ἁγίου
1158 1375 1471 1446 Πνεύματος
1498 1380 1659 1452 ἑορτῇ
1688 1380 1793 1436 ὑπὸ
1821 1383 1974 1454 τόμῳ

394 1457 562 1528 κοινῷ
618 1463 865 1527 γεγονότι
936 1466 1281 1537 πατριάρχης
1340 1471 1813 1541 ἐπικηρύσσεται,
1876 1477 1974 1530 καὶ

396 1552 581 1619 σφίσιν
614 1551 730 1621 ἅμα
765 1555 1250 1629 συλλειτουργήσας
1274 1561 1351 1630 τῷ
1381 1563 1509 1633 ἱερῷ
1538 1566 1778 1633 ἐφιζάνει
1800 1567 1975 1640 θρόνῳ

392 1644 493 1695 καὶ
526 1644 635 1696 τῶν
656 1646 831 1699 ἄλλων
866 1651 1213 1719 προΐσταται.
1250 1653 1403 1723 Ἀμα
1442 1655 1500 1709 δὲ
1546 1656 1625 1728 τῷ
1670 1660 1974 1730 προσϐῆναι

391 1735 472 1807 τῷ
507 1736 680 1809 θρόνῳ
712 1740 873 1809 ἔργον
920 1742 1115 1814 ἐκείνῳ
1163 1748 1418 1818 ἀσχολίας
1448 1749 1630 1821 πάσης
1674 1752 1976 1824 ὑπέρτερον

392 1828 562 1898 τιμᾷν
614 1844 674 1880 τε
710 1834 821 1894 τοῖς
871 1836 1207 1904 προσήκουσι
1235 1838 1364 1902 τοὺς
1403 1840 1571 1911 ἀρετῇ
1603 1841 1893 1906 δοκοῦντας
1940 1844 1973 1915 ἢ

391 1920 488 1972 καὶ
523 1920 665 1991 λόγῳ
699 1928 954 1996 προέχειν
1001 1927 1110 1981 τῶν
1152 1930 1348 1997 ἄλλων,
1386 1934 1512 1997 τοὺς
1543 1935 1640 2005 μὲν
1665 1936 1970 2005 ἀξιώμασι,

391 2014 520 2075 τοὺς
551 2012 607 2065 δὲ
635 2015 971 2085 φιλοτησίαις
1001 2020 1245 2085 ἀπάσαις
1297 2022 1392 2076 καὶ
1437 2024 1629 2095 δώροις
1679 2031 1973 2093 παντοίοις.

390 2099 499 2157 Ἦν
525 2107 633 2176 γὰρ
663 2108 756 2161 καὶ
790 2114 1195 2183 περιφρονητὴς
1231 2116 1455 2185 χρμσίου
1497 2119 1565 2171 τὰ
1599 2119 1859 2191 μάλιστα,
1900 2122 1976 2185 ὡς

392 2195 529 2265 μηδέ
575 2199 871 2267 κεκτῆσθαι
926 2203 1235 2273 βαλάντιον,
1277 2206 1416 2261 ἀλλὰ
1460 2208 1522 2262 τὸ
1562 2212 1977 2282 προσαγόμενον

391 2286 624 2341 ἔκποθεν
654 2292 748 2344 ἐπὶ
778 2293 878 2362 τῆς
910 2297 1158 2361 στιϐάδος
1188 2300 1395 2355 ἐκείνου
1433 2302 1677 2357 κελεύειν
1707 2304 1975 2371 τίθεσθαι,

390 2380 467 2443 ὡς
498 2382 723 2452 ’ἕτοιμον
750 2381 889 2440 εἶναι
919 2389 1040 2451 ταῖς
1082 2393 1296 2461 χρείαις
1337 2394 1438 2463 τῆς
1472 2396 1718 2462 εὐποιίας
1747 2399 1880 2453 ὅπου
1910 2398 1978 2453 ἂν

390 2475 601 2540 ἐκεῖνος
653 2476 952 2536 κελεύσειε.
1006 2484 1248 2558 Τοιούτῳ
1289 2487 1336 2541 δ’
1380 2488 1497 2543 δντι
1538 2491 1733 2563 ἐκείνῳ
1767 2492 1829 2545 τὸ
1875 2492 1978 2561 τῆς

390 2673 555 2729 supra
574 2670 906 2719 memoratus
921 2665 1220 2724 Urestiadis
1234 2669 1548 2741 episcopus,
1570 2671 1826 2742 prielatus
1847 2672 1978 2731 aliis

391 2757 558 2810 etiam
568 2757 1047 2849 pommendatioue
1061 2763 1181 2815 vita:
1196 2765 1470 2832 quondam
1493 2768 1740 2823 ascetic:e
1766 2782 1975 2824 summa

393 2846 674 2903 laudediu
705 2853 1018 2906 exercitatae
1051 2850 1105 2905 in
1138 2856 1474 2911 monasterio
1502 2856 1650 2928 Nigri
1686 2858 1881 2916 Montis
1909 2860 1977 2915 ad

392 2940 671 2996 Orientem
712 2942 822 3006 siti.
864 2959 893 2998 a
941 2944 1164 3016 reliquis
1192 2948 1452 3003 orabatur
1496 2960 1552 3004 ut
1598 2953 1976 3021 prml‘ecturam

392 3034 815 3090 ecclesiasticam
864 3037 1485 3108 Constantinopolitanze
1525 3044 1676 3099 urbis
1726 3060 1980 3111 capesse-

2078 557 2372 629 φορότητος
2408 558 2747 627 περιίστατο,
2789 559 2851 611 τὸ
2879 558 2938 613 δὲ
2967 560 3064 629 τῆς
3096 563 3176 624 εἰς
3222 561 3446 630 βασιλέα
3473 564 3639 629 αἰδοῦς

2075 665 2135 700 τε
2185 649 2283 703 καὶ
2335 650 2721 719 κυϐερνήσεως
2766 652 2848 714 εἰς
2898 650 3155 721 ἔγκλημα
3216 652 3507 717 κολακείας
3556 658 3641 710 καὶ

2075 738 2304 809 ψεύδους
2338 740 2474 811 πρὸς
2502 741 2626 804 τοὺς
2658 742 2887 805 πολλοὺς
2918 743 3193 813 ἄντικρυς.
3229 744 3321 814 Τῷ
3355 746 3465 814 γὰρ
3495 746 3641 816 ἁπλῷ

2075 828 2167 882 τοῦ
2205 829 2410 901 τρόπου
2463 831 2556 884 καλ⁸
2588 831 2880 903 ἀνυπούλῳ
2915 833 3012 888 καὶ
3065 833 3364 905 ἐλευθερίῳ
3412 835 3546 904 πρὸς
3588 838 3642 889 τὸ

2073 922 2188 985 τοῖς
2220 922 2457 992 παροῦσι
2506 923 2818 994 χρήσασθαι
2868 924 2964 994 μὲν
2998 926 3092 979 καὶ
3123 925 3301 988 αὑτὸν,
3352 927 3561 994 ἐφεῖναι
3590 929 3642 982 δὲ

2075 1015 2169 1066 καὶ
2208 1016 2321 1076 τοῖς
2358 1014 2507 1077 ἰδίοις
2547 1015 2934 1085 χρῆσθαι,’τὴν
2956 1016 3051 1070 τοῦ
3078 1017 3458 1087 καταχρῆσθαι
3485 1034 3643 1088 προσ-

2076 1107 2288 1177 ειλήφει
2320 1106 2502 1173 δόξαν.
2534 1108 2621 1180 [Ρ.
2666 1106 2793 1180 190]
2840 1108 2931 1178 Τῷ
2968 1108 3026 1161 δὲ
3076 1109 3349 1179 κυϐερνᾷν
3385 1109 3475 1162 τὸν
3523 1102 3667 1179 κραέ

2073 1201 2291 1266 τοῦντα,
2327 1203 2422 1256 καὶ
2471 1202 2675 1273 μᾶλλον
2710 1203 2795 1270 ἐφ’
2846 1200 3262 1266 ίκετείαις,.ὅτε
3311 1203 3518 1263 ἐκεῖνος
3556 1203 3645 1270 μὲν

2074 1294 2513 1365 προσαναφέριον
2535 1292 2710 1364 ἠξίου,
2742 1296 2771 1348 ό
2807 1293 2864 1347 δὲ
2899 1292 3116 1365 κρατῶν
3145 1294 3207 1347 οὗ
3255 1294 3455 1366 ῥᾳδίως
3496 1296 3645 1349 κατέ-

2075 1403 2221 1450 νευε,
2253 1386 2549 1440 κάντεῦθεν
2598 1387 2741 1440 κατὰ
2787 1387 2848 1441 τὸ
2878 1385 3068 1441 δοκοῦν
3114 1386 3391 1458 ᾤκονὲμει
3430 1384 3514 1456 τῷ
3538 1386 3647 1439 δεοο

2080 1481 2226 1549 μένῳ
2253 1479 2343 1531 τὸν
2373 1477 2662 1547 ἑλπισμὸν,
2698 1479 2773 1542 ῶς
2826 1477 2900 1550 μὴ
2929 1480 3195 1548 ἀπογνοίη
3244 1476 3641 1550 ἀποπεμφθεὶς,

2077 1572 2312 1636 ἐλπίζων
2349 1572 2477 1633 ἴσως
2504 1571 2687 1625 ἀνύειν
2714 1571 3023 1642 ἐσύστερον,
3061 1571 3164 1624 κᾶν
3192 1570 3368 1639 λέγων
3406 1569 3647 1632 πολλάκις

2076 1666 2175 1719 οὐκ
2206 1666 2361 1736 ἤνυε,
2409 1665 2505 1735 τὴν
2546 1664 2639 1719 τοῦ
2674 1664 2903 1734 ψεύδους
2952 1663 3190 1733 ὑποψίαν
3233 1659 3646 1734 προσκτώμενος

2078 1758 2450 1829 κατεκρίνετο.
2483 1755 2562 1811 Τὰ
2594 1757 2649 1811 δὲ
2682 1757 3008 1826 ἐγκλήματα
3039 1757 3213 1809 ταῦτα
3254 1753 3515 1819 καθάπαξ
3538 1756 3649 1818 ταῖς

2079 1852 2185 1903 τῶν
2222 1850 2429 1904 πολλῶν
2458 1850 2662 1920 ψυχαῖς
2706 1850 3031 1920 ὲνιζήσαντα
3073 1848 3278 1919 ἐξῆπτε
3304 1848 3369 1899 τδ
3416 1845 3523 1899 ἀπὸ
3550 1846 3649 1899 τῶν

2081 1943 2290 1997 πολλῶν
2340 1946 2518 2009 μῖσος,
2569 1944 2651 1996 ὅτι
2694 1960 2753 1997 τε
2784 1941 3067 2012 ἁντίζηλος
3096 1940 3183 2009 εῐη
3214 1937 3296 2009 τῷ
3345 1937 3648 2008 πατριάρχῃ

2078 2038 2177 2108 τὴν
2202 2036 2414 2093 ἐκείνου
2441 2033 2735 2106 κατασχὼν
2782 2034 3134 2102 Ἐκκλησίαν,
3154 2034 3260 2085 «καὶ
3289 2032 3371 2085 ὅτι
3401 2030 3507 2083 ἀπὸ
3532 2029 3649 2100 θρό-

2079 2112 2300 2199 νου-τῆς
2331 2128 2602 2198 θυγατρὸς
2636 2128 2714 2198 τῷ
2762 2127 2936 2197 θρόνῳ
2984 2127 3082 2196 τῆς
3115 2125 3327 2197 μητρὸς
3361 2122 3525 2193 (οὕτω
3552 2124 3648 2190 γὰρ

2078 2224 2176 2283 τὰς
2202 2222 2501 2291 ἐκκλησίας
2536 2220 2787 2288 ἐκάλουν)
2844 2219 3038 2289 ἀνέδην
3089 2218 3236 2271 οὕτω
3287 2217 3384 2269 καὶ
3423 2214 3649 2275 αὐθαδῶς

2082 2316 2488 2386 εἰσπηδήσειεν,
2520 2316 2642 2368 ὅθεν
2678 2316 2771 2366 καὶ
2799 2312 2953 2366 δυσὶν
2988 2310 3339 2383 ἐνισχομένον
3375 2308 3647 2377 ἐγκλήμα-

2082 2424 2167 2461 σιν
2217 2408 2318 2461 οὒκ
2366 2402 2433 2477 ἧν
2484 2407 2633 2469 ὅστις
2668 2406 2872 2473 ἀγαθὸν
2902 2404 3082 2458 ἐλάλει
3125 2403 3255 2474 περὶ
3286 2402 3520 2462 ἐκείνου,
3552 2400 3648 2451 τῶν

2082 2500 2183 2573 μὲν
2208 2504 2624 2570 προσκειμένων
2654 2496 2731 2568 τῷ
2761 2495 3099 2567 πατφιάρχῃ,
3122 2494 3230 2548 τῶν
3261 2492 3318 2546 δέ
3345 2494 3439 2545 καὶ
3463 2489 3648 2559 ἐκομί-

2081 2680 2390 2751 Spicionum
2416 2677 2666 2734 libertate
2690 2674 2955 2749 quoslibet
2974 2687 3284 2744 prouuscue
3301 2673 3491 2726 obvios
3507 2666 3647 2722 aliarl

2080 2773 2441 2843 excipereque
2470 2778 2812 2833 consuesset.
2849 2782 3083 2837 cumque
3114 2767 3230 2819 suis
3258 2760 3568 2817 domesticis
3594 2758 3650 2812 li-

2081 2866 2354 2922 beriorem
2387 2864 2693 2920 istiusmodi
2727 2863 2928 2933 pariter
2959 2876 3082 2916 cum
3112 2860 3400 2930 quibusvis
3432 2868 3647 2912 conver-

2080 2961 2345 3015 sationem
2370 2959 2731 3028 permitterct.
2762 2972 2889 3011 usus
2917 2956 3007 3011 ille
3030 2964 3392 3023 utrorumque
3415 2948 3649 3005 securior

2080 3051 2222 3122 apud
2265 3049 2629 3121 suspiciosum
2669 3049 2863 3120 vulgus
2913 3048 2969 3104 in
3008 3047 3277 3101 abusuum
3321 3043 3645 3099 occultorum

394 3134 515 3193 ret;
551 3142 675 3181 uim
702 3127 901 3197 quibus
930 3139 984 3184 et
1022 3129 1318 3201 imperator
1355 3132 1678 3189 electionem
1721 3150 1977 3205 compro-

2083 3145 2398 3215 opinionem
2439 3141 2687 3197 incurrit.
2721 3141 2993 3197 Tractatio
3025 3153 3207 3193 autem
3249 3134 3571 3204 obsequiosa
3598 3137 3648 3184 et

393 3216 555 3279 bans.
600 3232 930 3288 magnopere
966 3219 1318 3277 incumbebat
1364 3221 1430 3277 ad
1472 3224 1612 3279 idem
1656 3225 1724 3279 ab
1765 3241 1832 3279 eo
1879 3227 1980 3281 im-

398 3307 744 3374 petrandum.
778 3310 1023 3378 qu0tidie
1057 3311 1247 3367 adiens
1284 3323 1338 3366 et
1368 3315 1520 3369 ornui
1561 3320 1977 3385 persuasiunum

397 3409 454 3455 et
500 3402 940 3459 obsecrationuzn
986 3408 1190 3477 impetu
1237 3410 1535 3481 adurgens,
1577 3427 1645 3465 ne
1698 3424 1980 3469 resnueret

393 3511 524 3551 voca
534 3498 759 3552 tionem.

398 3661 468 3716 15
531 3660 598 3716 Ut
633 3675 837 3717 evectus
882 3664 1179 3719 Germanus
1225 3686 1276 3723 ιιι
1334 3670 1747 3727 ναινῑαιτίιαιειιι
1804 3675 1978 3727 sedem

772 3737 973 3803 fuerit;
1019 3748 1069 3791 et
1099 3740 1268 3807 prima
1302 3739 1415 3809 ejus
1442 3753 1585 3796 arta.

470 3874 564 3932 llis
596 3875 686 3931 ille
707 3877 961 3948 precibus
986 3881 1189 3935 moveri
1221 3895 1282 3936 se
1304 3881 1521 3936 tandem
1541 3897 1760 3953 passus.
1791 3899 1981 3941 mense

393 3967 560 4024 Junio
588 3970 640 4023 in
675 3970 815 4026 festo
847 3972 1020 4026 sancti
1056 3971 1296 4041 Spiritus
1322 3977 1691 4031 concordibus
1709 3977 1980 4049 sullragiis

396 4062 618 4117 decreto
648 4065 924 4118 communi
960 4064 1168 4132 perlato
1197 4067 1508 4134 patriarcha
1538 4068 1846 4125 declaratus
1874 4079 1978 4132 est.

395 4164 452 4210 ct
490 4170 647 4210 sacro
678 4172 801 4210 cum
849 4156 954 4210 illis
992 4156 1286 4221 celebrato.
1329 4173 1497 4215 sacra:
1536 4162 1825 4231 impositus
1863 4163 1980 4218 sedi

398 4248 690 4314 prtesidere
727 4250 938 4307 cunctis
966 4253 1150 4320 cmpit.
1189 4250 1362 4307 Simul
1391 4262 1572 4308 autem
1606 4255 1868 4310 thronum
1894 4264 1981 4310 at-

397 4342 537 4410 tigit.
598 4358 737 4423 opus
791 4345 938 4398 omni
994 4345 1208 4400 actione
1256 4346 1510 4415 superius
1561 4356 1711 4401 ratus
1766 4347 1981 4406 allicere

399 4434 612 4489 merits
642 4436 910 4489 honorum
945 4435 1178 4504 praemiis
1210 4435 1410 4492 virtute
1439 4447 1532 4492 aut
1559 4438 1806 4493 doctrina
1840 4455 1979 4508 prae-

396 4526 657 4582 cellcntcs
687 4527 829 4589 alis.
865 4528 955 4597 qui
991 4528 1150 4598 281
1189 4529 1322 4585 tales
1349 4541 1531 4585 essent
1571 4531 1767 4601 partim
1796 4532 1976 4603 digni-

400 4621 604 4676 tatibus
658 4621 857 4690 partim
919 4621 1193 4676 donativis
1248 4632 1302 4676 et
1360 4623 1739 4694 largitionibus
1801 4625 1979 4679 omnis

396 4713 616 4783 generis
646 4712 1024 4770 liberalissime
1054 4729 1253 4768 ornare
1282 4730 1346 4769 ac
1373 4715 1653 4769 cumulare
1684 4731 1843 4771 orsus
1872 4727 1977 4771 est.

397 4808 529 4863 Erat
557 4807 707 4861 enim
736 4802 854 4861 auri
883 4817 1233 4878 contemptor
1262 4818 1320 4862 ut
1348 4810 1439 4877 qui
1473 4808 1725 4867 maxime.
1760 4824 1829 4862 ne
1857 4824 1984 4864 cru-

396 4916 615 4956 menam
654 4900 871 4971 quidem
900 4900 1103 4955 habere
1134 4900 1385 4971 dignatus
1420 4919 1435 4955 :
1465 4901 1559 4956 sed
1586 4890 1846 4972 quidquid
1880 4919 1980 4957 un-

394 4996 683 5064 decunque
724 4994 1043 5058 oll'erretur.
1091 5010 1255 5065 supra
1309 4995 1508 5051 lectum
1558 5011 1587 5049 a
1636 4998 1982 5067 portantibus

396 5089 600 5160 deponi
624 5089 847 5156 jubens,
879 5104 987 5158 quo
1025 5089 1096 5143 ibi
1121 5090 1429 5159 expositum
1458 5091 1511 5144 in
1549 5100 1805 5161 promptu
1834 5099 1983 5147 esset

395 5184 463 5239 ad
490 5199 620 5237 usus
644 5182 1037 5247 υνιιοίῖοιιιιιίιιι,
1080 5183 1411 5251 erogandum
1437 5184 1555 5253 ejus
1574 5188 1829 5240 mandato
1848 5202 1985 5255 quo-

393 5292 614 5346 cunque
665 5276 905 5330 rationes
954 5275 1233 5343 egentium
1277 5287 1585 5344 poscerent.
1634 5276 1748 5332 Tali
1799 5288 1983 5332 autem

398 5372 528 5425 huic
553 5369 672 5424 viro
707 5369 1044 5424 abundantia
1076 5368 1439 5438 simplicitatis
1467 5370 1743 5425 solutioris
1777 5370 1833 5425 in
1876 5369 1980 5424 vita

395 5462 632 5519 licentia
666 5462 1069 5516 accusationem
1104 5462 1438 5530 comparavit
1463 5477 1479 5518 :
1508 5462 1681 5530 pudor
1707 5478 1838 5517 vero
1858 5478 1982 5534 erga

397 5557 809 5627 imperatorem,
840 5563 896 5609 et
927 5557 979 5619 in
1011 5556 1221 5627 agendo
1250 5570 1373 5609 cum
1400 5571 1464 5609 eo
1491 5571 1621 5611 cura
1644 5556 1877 5610 vitandae
1903 5555 1986 5609 of-

396 5647 667 5703 fensionis
693 5648 957 5712 adhibita.
978 5648 1152 5702 labem
1184 5648 1286 5716 ipsi
1318 5648 1462 5715 apud
1487 5649 1684 5701 multos
1716 5647 1985 5700 adulatio-

395 5740 487 5796 nis
523 5749 579 5796 et
622 5740 890 5795 mendacii
929 5741 1182 5811 aspersit.
1222 5739 1361 5796 Cum
1390 5740 1537 5795 enim
1570 5726 1617 5794 is
1644 5740 1871 5795 sincerae
1914 5740 1982 5796 ab

399 5833 547 5891 omni
575 5835 700 5891 l‘uoo
730 5832 898 5889 indoli
928 5833 1254 5912 obsequens,
1284 5832 1518 5888 candida
1564 5846 1628 5890 ac
1666 5846 1856 5888 secura
1884 5847 1979 5888 διι-

2081 3236 2387 3293 verecunda
2414 3249 2537 3288 cum
2567 3233 2830 3303 principe.
2858 3247 2920 3287 ex
2953 3248 3058 3299 qua
3088 3229 3174 3287 ilic
3205 3228 3457 3284 ﬁduciam
3481 3239 3648 3280 sume-

2083 3337 2174 3387 bat
2224 3326 2596 3400 suspcndcndi
2632 3325 2885 3381 effectum
2922 3323 3384 3394 supplicationum
3434 3318 3648 3389 patriar-

2081 3430 2219 3491 chae.
2267 3426 2318 3479 id
2369 3438 2535 3495 agens
2585 3422 2688 3477 isto
2735 3420 3023 3475 ambitioso
3068 3418 3299 3473 artiﬁcio
3350 3411 3647 3470 differenda:

2081 3519 2287 3590 gratiae,
2331 3516 2488 3586 cujus
2528 3530 2678 3584 spem
2721 3529 2830 3568 non
2867 3511 3171 3572 auferebat.
3224 3518 3286 3563 ut
3328 3523 3453 3563 eum
3498 3520 3644 3575 quam

2080 3611 2387 3668 diutissime
2422 3610 2524 3666 sibi
2562 3609 2861 3679 supplicem
2895 3617 2949 3661 et
2979 3607 3060 3659 sic
3092 3592 3393 3660 obnoxium
3431 3608 3642 3661 teneret,

2080 3704 2136 3758 in
2168 3718 2329 3759 causa
2356 3710 2567 3758 eratut
2597 3716 2719 3757 cum
2748 3715 2869 3770 quat
2897 3698 3203 3776 patriarcha
3241 3698 3644 3765 impetraturum

2083 3814 2142 3853 se
2173 3806 2478 3867 receperat.
2509 3795 2575 3850 ad
2608 3793 2750 3848 diem
2782 3808 2890 3848 non
2926 3792 3303 3860 provenirent,
3338 3788 3428 3857 qui
3465 3785 3645 3840 frustra

2081 3897 2483 3961 exspectaram.
2514 3889 2675 3942 verba
2707 3886 2814 3941 sibi
2842 3886 2912 3941 ab
2938 3900 3004 3942 eo
3039 3885 3164 3940 data
3186 3889 3581 3952 quererentur;
3605 3875 3643 3930 si

2082 3998 2213 4038 vero
2254 3990 2475 4036 nossent
2509 3979 2713 4034 aditum
2753 3978 2820 4033 ab
2856 3992 2921 4032 eo
2963 3991 3149 4030 revera
3193 3974 3531 4045 principem,
3556 3968 3644 4023 l'ri-

2082 4074 2204 4146 gide
2228 4074 2277 4129 id
2306 4090 2368 4128 ac
2390 4072 2580 4127 timide
2605 4071 2836 4125 nimium
2860 4071 2928 4123 ab
2948 4084 3037 4131 eo.
3060 4068 3312 4122 videlicet
3329 4071 3671 4139 assentante._

2082 4179 2266 4225 actum
2300 4166 2422 4231 rati,
2457 4164 2837 4219 auctoritatem
2867 4175 2919 4217 et
2953 4163 3120 4217 robur
3153 4161 3401 4226 dignitati
3435 4155 3644 4229 patriar-

2083 4264 2201 4318 clue
2225 4269 2659 4316 consentaneum
2692 4258 2746 4311 in
2771 4271 2837 4311 eo
2860 4256 3258 4316 desiderarent,
3285 4268 3352 4308 ac
3377 4260 3644 4322 propterea

2086 4356 2177 4411 tali
2208 4355 2329 4410 loco
2363 4352 2545 4407 minus
2579 4351 2834 4405 idoneum
2865 4349 3151 4403 ducerent.
3194 4344 3319 4400 llaec
3348 4344 3556 4399 sinistra
3584 4339 3645 4392 de

2084 4449 2360 4505 Germano
2411 4445 2616 4517 judicia
2665 4444 2960 4498 multorum
3018 4439 3189 4495 semel
3245 4438 3445 4492 animis
3497 4432 3644 4488 inﬁxa

2086 4540 2350 4610 subjectis
2379 4538 2597 4593 invidia:
2627 4535 2839 4591 facibus
2870 4532 3299 4589 cxardcscebant
3330 4531 3383 4584 in
3412 4526 3645 4583 oll‘ensio-

2085 4647 2209 4687 nem
2247 4630 2411 4700 282
2448 4628 2743 4697 publicam.
2784 4625 2970 4679 multis
3004 4624 3109 4691 iam
3148 4623 3296 4676 illum
3329 4617 3644 4674 intuentibus

2084 4735 2145 4777 ut
2186 4721 2457 4775 intrusum
2490 4735 2588 4789 pro
2622 4731 2754 4772 vero
2797 4714 3103 4785 patriarcha
3125 4754 3140 4775 .
3185 4721 3426 4782 ereptam
3462 4708 3645 4778 injuste

2086 4814 2308 4867 innoxio
2353 4812 2650 4867 Ecclesiam
2697 4818 2998 4869 tenentem.
3037 4815 3090 4861 et
3134 4822 3165 4861 e
3210 4805 3408 4861 throno
3436 4802 3548 4857 lilia:
3594 4798 3641 4851 in

2088 4908 2346 4961 thronum
2368 4908 2586 4958 ‘matris
2617 4903 2727 4965 (sic
2758 4903 2903 4956 enim
2936 4899 3196 4955 ecclesias
3228 4897 3489 4951 vocabant
3506 4910 3520 4961 )
3550 4891 3642 4945 im-

2086 4998 2358 5070 pudenter
2380 5013 2442 5052 ac
2482 5006 2685 5051 temere
2722 4995 2933 5049 ins‘lire
2969 5007 3184 5047 ausum.
3215 4982 3639 5056 Quibus‘seusim

2085 5092 2439 5163 gliscentibus
2464 5090 2738 5153 sensibus.
2761 5086 2943 5142 evenit
2969 5085 3187 5139 tandem
3209 5084 3347 5138 adeo
3374 5082 3516 5136 illum
3538 5090 3640 5130 ma—

2086 5184 2336 5238 culosum
2372 5196 2637 5249 apparere
2678 5179 2910 5247 duplicis
2947 5177 3103 5230 istius
3141 5176 3260 5229 labe
3290 5170 3558 5231 criminis.
3589 5172 3639 5218 ut

2088 5292 2196 5331 non
2225 5282 2372 5329 esset
2400 5274 2489 5342 qui
2520 5273 2586 5327 de
2617 5289 2682 5326 eo
2711 5272 2836 5324 boni
2867 5271 3162 5339 quidquam
3192 5269 3299 5336 jam
3333 5267 3471 5335 loqui
3496 5258 3640 5315 susti-

2086 5375 2264 5427 neret,
2300 5362 2744 5432 conspiranlibus
2778 5361 2831 5414 in
2868 5376 3034 5414 unum
3067 5360 3204 5412 mliis
3239 5361 3509 5411 ambarum
3544 5351 3639 5403 fac-

2089 5461 2320 5521 tionum,
2370 5468 2477 5509 tam
2524 5457 2642 5526 ejus
2694 5454 2944 5508 videlicet
2984 5470 3105 5522 quae
3149 5449 3377 5506 Arscnio
3427 5445 3635 5501 favebat.

2086 5566 2248 5620 quam
2280 5548 2505 5603 alterius
2539 5562 2660 5616 qua:
2704 5561 2830 5600 suas
2859 5548 3097 5615 privatas
3143 5551 3328 5597 secuta
3361 5539 3582 5594 rationes
3609 5546 3634 5584 a

2086 5644 2359 5700 Germano
2397 5640 2750 5695 abhorrebat.
2787 5638 2898 5693 Nec
2927 5639 3154 5693 deerant
3194 5631 3503 5690 malefcriati
3540 5628 3637 5682 Μαῖα

2088 5746 2308 5792 terones
2350 5734 2405 5789 in
2435 5731 2872 5787 maledicentiam
2905 5729 3126 5794 faciles,
3163 5730 3254 5798 qui
3293 5743 3388 5797 per
3421 5730 3633 5778 scomma

2087 5846 2212 5887 cum
2249 5828 2602 5885 Marmutzam
2628 5826 2997 5897 nominarch
3031 5823 3353 5881 vocabulum
3390 5820 3485 5892 ipsi
3516 5813 3632 5869 Per-

2396 5978 2421 5993 κ
