3926 6526
441 334 547 402 731

1666 332 1990 415 GEORGII
2029 331 2511 393 PACIIYMEILE

3609 338 3703 405 732

448 454 644 525 ῥὸγους
673 452 832 518 τάξαι
859 455 968 516 τοῖς
996 452 1215 524 κλήροις
1248 453 1372 517 τοὺς
1396 456 1460 508 ὲκ
1485 454 1580 524 τὴς
1605 455 1811 518 πόλεως
1844 456 2033 524 tepet.
2065 456 2110 511 Α
2139 453 2427 507 κοινωνίαν
2456 456 2553 525 τῆς
2591 471 2648 508 τε
2680 453 2883 525 βουλῆς
2910 453 3006 510 καὶ
3025 455 3124 525 τῆς
3154 455 3409 525 πράξεως
3442 460 3707 532 προσκλη-

451 545 830 615 συστήσασθαι
855 546 909 599 δὲ
946 547 1041 600 καὶ
1073 546 1218 600 κατὰ
1268 548 1361 601 τὸν
1397 548 1491 602 τοῦ
1545 549 1787 618 μεγάλου
1821 547 2036 602 Παύλου

451 639 588 695 νεὼν
624 643 683 693 ἐν
721 644 834 704 τοῖς
884 642 1138 711 ἀρχαίοις
1188 642 1674 713 ὀρφανοτροφείοις
1719 658 2041 713 γραμματι-

450 734 766 804 κευομένων
804 734 1025 805 σχολὴν,
1080 736 1176 789 καὶ
1232 735 1425 808 ρόγαις
1482 736 1722 804 ἐτησίοις
1768 736 2039 806 ιπιρῤων-

448 827 598 879 νύειν
632 828 723 878 τόν
768 843 828 879 τε
859 827 1183 880 διδάσκαλον
1232 828 1324 880 καὶ
1377 829 1504 891 τοὺς
1554 828 1776 892 παῖδας,
1816 828 1893 891 ὡς
1926 830 2043 895 ἐφι-

453 920 669 973 στάνειν
696 920 866 972 ἐνίοτε
894 921 959 989 τῇ
995 918 1182 990 σχολῇ,
1210 921 1304 974 καὶ
1337 922 1517 982 ὁποῖος
1548 920 1781 986 ἕκαστος
1811 921 1910 975 καὶ
1932 920 2053 990 ὅπη

451 1013 627 1081 λόγων
658 1012 988 1084 προκόπτοι,
1042 1012 1155 1065 ἔστι
1188 1013 1231 1065 δ’
1256 1004 1317 1065 οὗ
1366 1013 1558 1067 καὶτὰ
1603 1013 1792 1069 εἰκότα
1842 1013 2039 1082 φιλοτι-

456 1103 696 1175 μεῖσθαι.
731 1106 779 1158 εί
804 1105 851 1158 δ’
877 1101 972 1159 οὖν
1003 1105 1117 1158 ἀλλ’
1157 1106 1341 1161 ἄνεσιν
1373 1109 1485 1169 τοῖς
1520 1108 1676 1160 παισὶ
1705 1107 1907 1161 διδόναι
1941 1108 2044 1178 τῆς

451 1197 716 1266 ἀσχολίας
744 1198 885 1253 κατά
908 1215 962 1251 τι
991 1198 1227 1269 πάτριον
1258 1198 1511 1268 σύνηθες.
1544 1200 1679 1253 Τότε
1709 1200 1756 1253 δ’
1784 1199 1878 1255 οὖν
1911 1201 2045 1255 ὑπο-

456 1290 717 1344 κλιθέντι
749 1293 874 1354 ταῖς
905 1290 1000 1344 τοῦ
1059 1290 1319 1362 ίεράρχου
1370 1291 1625 1361 αίτήσεσι
1655 1291 2047 1361 προσπαθῆσαί

453 1399 516 1436 τε
548 1382 749 1436 αὐτίκα
778 1382 855 1452 τῷ
886 1383 1165 1454 καταδίκῳ
1196 1383 1292 1436 καὶ
1346 1383 1585 1450 ἐξελθεῖν
1620 1383 1901 1440 κελεῦσαι.
1950 1385 2047 1438 Ὃν

456 1475 522 1545 δὴ
553 1476 803 1537 κάκεῖνος
833 1477 1129 1546 δεξάμενος
1164 1476 1377 1538 πολλοῖς
1408 1472 1497 1548 [Ρ.
1532 1475 1656 1548 {99]
1695 1473 1763 1549 ἦν
1797 1476 2049 1545 ἀγάλλων

458 1570 575 1632 τοῖς
621 1569 870 1635 ἀγαθοῖς,
928 1570 1481 1640 προσεπισφραγίσας
1533 1570 1628 1624 καὶ
1682 1571 1909 1642 ῥήτορα,
1953 1570 2051 1625 καὶ

459 1662 555 1716 ὑπ’
583 1663 734 1734 αὺτῷ
762 1663 1070 1718 διδάσκοντι
1100 1665 1266 1718 πᾶσιν
1299 1665 1583 1736 ἐξηνοίγνυ
1626 1666 1685 1720 τὸ
1716 1666 1825 1719 τῶν
1871 1665 2050 1737 μαθη-

464 1756 652 1827 μάτων
675 1757 1079 1814 διδασκαλεῖον.

464 1865 547 1920 ιε⁸.
586 1870 783 1934 Ὅπως
817 1870 1213 1938 ἐγκληθέντες
1230 1870 1393 1937 τινὲς
1430 1869 1551 1923 τῶν
1599 1870 1705 1923 τοῦ
1752 1872 2051 1925 meiat/av

534 1940 975 2013 καθοσιώσεως,
1037 1943 1136 1996 καὶ
1192 1942 1301 1997 τὸν
1356 1940 1733 2010 πατριάρχην
1800 1942 2054 2013 εἰσῆγον

546 2010 883 2093 ’ᾼρσένιονέ

537 2125 645 2177 Τοῦ
674 2126 829 2189 ἔτους
855 2126 1071 2181 ἐκείνου
1109 2128 1203 2182 καὶ
1232 2128 1621 2193 καθοσιώσεως
1646 2130 1905 2202 ἔγκλημα
1939 2131 2055 2195 τοῖς

465 2220 597 2289 περὶ
633 2223 725 2271 τὸν
757 2221 1212 2289 Φραγγὸπουλον,
1265 2223 1466 2276 οἰκεῖον
1517 2223 1733 2293 βασιλεῖ
1776 2241 1839 2292 γε
1890 2224 2055 2291 ὄντα,

466 2310 745 2374 κάκείνοις
787 2312 1218 2382 ἁριθμουμένοις
1261 2315 1344 2377 εἰς
1377 2313 1588 2370 δώδεκα
1636 2317 2055 2387 προσετρίϐετο,

470 2394 547 2453 ὧν
578 2401 642 2467 δὴ
694 2404 791 2455 καὶ
846 2404 987 2456 κατὰ
1042 2404 1137 2457 τοῦ
1200 2404 1469 2475 βασιλέως
1531 2405 1950 2478 μελετησάντων
1983 2409 2059 2471 ὡς

471 2493 811 2548 κτενούντων
840 2496 888 2548 εί
920 2496 1158 2551 εὐοδοῖεν
1187 2498 1411 2563 αὐτίκα,
1461 2500 1744 2571 Κάρουλός
1780 2516 1887 2563 τις,
1920 2493 1964 2568 ᾧ
1995 2501 2061 2573 δὴ

471 2588 570 2640 καὶ
596 2587 695 2658 τὴν
730 2590 1237 2662 πρωτοὸεστιαρίου
1273 2593 1642 2657 Μουζάλωνος
1671 2596 1887 2664 σφαγὴν
1915 2597 1944 2647 6
1973 2594 2061 2649 λό-

470 2697 569 2748 γος
601 2680 1031 2751 ἐξεργασθεῖσαν
1053 2684 1263 2739 ἐδείκνυ
1292 2685 1352 2749 τὸ
1379 2686 1569 2753 πάλαι,
1597 2683 1677 2752 εἷς
1698 2690 1957 2753 κάκεῖνος
1979 2690 2061 2754 είς

475 2863 689 2919 ηιειὶοε
730 2864 973 2920 scholam
1005 2866 1321 2925 instituerat
1341 2911 1357 2936 ,
1394 2880 1451 2926 et
1480 2873 1839 2942 pensionibus
1866 2875 2064 2931 annuis

477 2969 589 3012 tum
624 2959 866 3030 magistri
900 2969 1013 3016 tum
1057 2978 1352 3032 puerorum
1396 2968 1783 3022 sustentationi
1816 2968 2066 3037 provide-

474 3060 580 3113 rat.
620 3051 867 3122 achque
901 3071 1015 3109 rem
1046 3057 1277 3113 Curabat
1308 3065 1368 3112 ut
1399 3075 1509 3113 non
1542 3059 1934 3129 dedignaretur
1963 3063 2065 3117 in-

2142 546 2276 609 θεὶς,
2339 548 2368 601 ὁ
2417 547 2475 601 δὲ
2535 547 2611 618 μὴ
2663 547 2963 616 ἀναμείνας
2995 547 3255 617 γενέσθαι
3302 549 3382 621 τῷ
3433 552 3710 623 κρατοῦντι

2144 640 2314 704 κακὸς
2364 641 2428 695 ἐκ
2477 640 2754 712 πράξεως,
2806 642 2871 697 ὲκ
2904 643 3312 714 προσαγγελίας
3348 644 3527 718 ἐφάνη
3557 647 3713 713 κακὸς

2142 732 2257 795 τοῖς
2274 732 2562 799 καλέσασι,
2580 734 2675 788 καὶ
2697 734 2860 798 εὐθὺς
2873 735 3274 805 προσήγγελλε,
3300 735 3398 791 καὶ
3419 737 3713 807 ἡλίσκοντο.

2146 823 2210 878 Οἳ
2241 824 2302 895 δὴ
2342 826 2437 879 καὶ
2469 826 2796 895 ὲταζόμενοι
2841 830 2964 891 ταῖς
2995 828 3256 899 βασάνοις
3297 828 3383 900 ἐφ’
3416 823 3573 903 ᾧπερ
3602 833 3716 900 τοὺς

2149 916 2461 979 συνειδότας
2482 919 2680 980 εἰπεῖν,
2713 918 2808 972 καὶ
2850 919 3055 988 μᾶλλον
3100 920 3151 974 εί
3198 921 3294 974 καὶ
3321 923 3350 976 6
3383 922 3715 997 πατριάρχης

2150 1009 2362 1079 συνῄδει
2419 1010 2795 1081 πραξείουσιν,
2854 1012 2903 1066 οἱ
2940 1013 2998 1067 δὲ
3052 1012 3249 1077 ἄλλους
3297 1014 3399 1085 μὶν
3447 1016 3548 1069 οὐκ
3585 1013 3717 1087 εἶχον

2149 1103 2453 1171 ὁμολογεῖν,
2482 1104 2574 1158 τὸν
2622 1104 2679 1158 δέ
2714 1122 2777 1174 γε
2830 1106 3181 1178 πατριάρχην
3230 1105 3337 1161 κᾶν
3369 1106 3590 1179 άληθῶς
3628 1109 3719 1163 κᾶν

2150 1198 2216 1249 ἑκ
2248 1195 2366 1265 βίας
2390 1196 2490 1265 τῆς
2523 1198 2590 1251 ὲκ
2626 1196 2881 1267 βασάνων
2913 1201 2977 1269 τῇ
3010 1199 3216 1272 είδήσει
3251 1199 3444 1268 ἔλεγον
3478 1205 3725 1273 συνεσχῆ-

2154 1286 2278 1340 σθαι
2344 1287 2508 1342 αὐτὸν
2568 1291 3188 1360 προσαναγγειλάντων.
3265 1291 3558 1357 Κάκείνοις
3636 1295 3723 1365 μὲν

2152 1376 2417 1447 ἀπήντων
2460 1380 2516 1433 αι
2545 1380 2695 1435 δίκαι
2734 1380 2975 1452 βαρεῖαι,
3022 1381 3217 1446 ποινὰς
3261 1382 3561 1453 διαφόρους
3597 1386 3725 1438 κατὰ

2152 1472 2243 1525 τὸν
2272 1470 2383 1525 τῶν
2417 1473 2840 1545 ἁμαρτημάτων
2892 1474 3051 1544 λόγον
3084 1477 3414 1543 δπάγονσαι.
3465 1475 3605 1530 Ἀλλ’
3629 1476 3725 1532 οὐδ’

2152 1568 2181 1621 6
2216 1568 2566 1639 πατριάρχης
2599 1568 2779 1623 ἀνεῖτο
2826 1569 2922 1623 τοῦ
2979 1570 3409 1642 προστριδίντος
3457 1570 3727 1641 ἐγκλήμα-

2153 1676 2266 1724 τος,
2293 1659 2411 1713 ἀλλ’
2462 1660 2681 1731 ἐπέχων
2727 1661 2827 1716 καὶ
2884 1662 3089 1733 μᾶλλον
3117 1662 3481 1734 ὲπεμὸαίνων
3511 1663 3729 1734 κειμένῳ

2154 1752 2205 1806 οἱ
2240 1756 2267 1805 6
2297 1752 2553 1823 βασιλεὺς
2585 1754 2910 1808 ὲπενεκάλει
2942 1755 3004 1808 τὸ
3030 1754 3289 1827 ἔγκλημα
3320 1755 3460 1825 πρὸς
3496 1755 3591 1826 τὴν
3623 1755 3730 1809 σύν-

2083 1829 2125 1885 Β
2155 1844 2274 1898 οδον
2320 1845 2415 1897 καὶ
2443 1845 2594 1900 δεινὰ
2623 1846 2825 1909 ἐποίει,
2862 1847 2924 1900 -εί
2956 1846 3031 1918 μὴ
3062 1848 3333 1901 ἑκδικοῖτο
3377 1846 3456 1918 μὴ
3488 1848 3731 1917 ἀνεχόμε·

2157 1954 2265 2000 νος.
2300 1938 2509 1997 Αὐτοὺς
2556 1937 2656 2008 μὲν
2696 1942 2806 2011 γὰρ
2840 1939 2927 1993 ἐπ’
2972 1939 3321 2009 ἐγκλήμασιν
3365 1939 3732 2010 ἐκκλησιαστι-

2157 2031 2273 2092 κοῖς
2300 2028 2398 2100 τὴν
2427 2029 2586 2101 δίκην
2616 2031 2942 2100 ἐπαγαγεῖν,
2994 2032 3159 2087 αὐτὸν
3196 2033 3275 2098 δὲ,
3314 2033 3365 2085 εί
3403 2032 3481 2103 μὴ
3525 2033 3615 2086 καὶ
3650 2033 3731 2085 ἐπὶ

2157 2122 2236 2191 τῷ
2271 2122 2409 2193 πρὸς
2446 2122 2673 2193 βασιλέα
2726 2124 3037 2195 ἐγκλήματι
3082 2124 3317 2195 ὑπόσχοι
3354 2126 3553 2196 ἑτέραν
3593 2122 3731 2194 δίκην

2157 2216 2258 2285 τὴν
2307 2216 2631 2290 πρέπουσαν
2676 2217 2705 2270 6
2758 2216 3042 2288 προδήλως
3100 2217 3624 2290 κατηγορούμενος,
3667 2218 3730 2287 μὴ

2160 2307 2401 2371 ἀνεκτῶς
2429 2309 2488 2362 τὸ
2521 2308 2742 2363 σύνολον
2770 2308 2940 2379 ἔχειν,
2977 2310 3083 2364 κᾶν
3114 2310 3143 2363 ὅ
3169 2327 3227 2364 τι
3258 2310 3527 2364 πεπόνθει
3558 2312 3732 2378 πρότε-

2165 2416 2290 2470 ρον·
2344 2400 2478 2470 μηδὲ
2517 2402 2625 2471 γὰρ
2662 2396 2806 2454 εἶναι
2851 2401 3019 2455 καλὸν
3052 2401 3193 2472 μηδὲ
3238 2402 3459 2456 δίκαιον
3488 2401 3579 2455 τὸν
3608 2401 3731 2471 ὑπὲρ

2162 2493 2256 2550 τοῦ
2289 2493 2555 2563 βασιλέως
2589 2493 2894 2563 πολιωρεῖν
2933 2494 3218 2563 ὀφείλοντα
3245 2496 3364 2557 τοῖς
3410 2495 3621 2567 ἐχθροῖς
3650 2494 3732 2565 βα-

2166 2586 2358 2648 σιλέως
2395 2586 2851 2660 καταπροῖεσθαι.
2882 2585 2973 2659 [Ρ.
3009 2588 3135 2655 195]
3169 2588 3256 2651 Ὠς
3277 2587 3417 2657 γοῦν
3448 2587 3732 2658 σκεπτομέ-

2166 2700 2276 2736 νων
2309 2682 2379 2734 τὰ
2411 2680 2544 2750 περὶ
2576 2678 2770 2733 τούτου
2821 2678 3000 2732 ἐδόκει
3048 2678 3214 2732 καλὸν
3262 2678 3621 2733 ἀποστέλλειν
3651 2679 3733 2732 καὶ

2165 2857 2413 2915 conseios
2467 2855 2789 2927 proderent,
2849 2863 2905 2910 et
2958 2856 3278 2910 nominatim
3335 2855 3408 2911 de
3458 2853 3733 2925 patriarcha

2169 2944 2503 3021 interrogati,
2528 2949 2687 3004 aliun
2716 2947 2932 3019 quidem
2958 2948 3309 3009 nominarunt
3338 2949 3628 3014 neminem,
3657 2962 3737 3018 pa-

2172 3045 2462 3101 triarcbam
2508 3052 2707 3109 autem,
2749 3058 2843 3099 seu
2887 3058 2949 3098 ex
2992 3057 3122 3098 vero
3155 3057 3253 3098 seu
3285 3043 3338 3097 vi
3377 3050 3736 3099 tormentorum

471 3143 653 3199 visere
695 3160 792 3215 per
818 3161 879 3200 se
909 3147 1187 3202 interdum
1222 3150 1411 3204 ludum
1440 3150 1592 3204 illum
1634 3161 1688 3206 et
1713 3167 1899 3207 coram
1931 3167 2062 3223 pro—

2175 3139 2389 3195 mentiri
2416 3146 2664 3207 cogente,
2688 3136 3036 3208 partieipasse
3062 3136 3192 3207 ipsis
3216 3136 3271 3193 in
3297 3136 3545 3192 medtiti
3564 3135 3737 3190 facim-

475 3238 655 3292 bunda
718 3229 1052 3310 cognoscere
1117 3252 1383 3312 quantum
1456 3245 1772 3300 auditorum
1835 3246 2069 3317 quisque

477 3331 789 3401 proficeret.
840 3336 984 3389 datis
1033 3335 1221 3402 etiam,
1252 3337 1345 3392 ubi
1378 3353 1466 3394 res
1513 3349 1782 3409 posceret.
1829 3342 2071 3412 praemiis

476 3428 701 3494 ingenio
734 3445 798 3485 ac
847 3434 1113 3501 profectui
1155 3435 1506 3501 merentium,
1554 3453 1772 3493 necnon
1811 3447 1867 3494 et
1915 3455 2071 3494 more

477 3522 660 3592 patrio
694 3522 857 3579 ferias
891 3526 1078 3595 pueris
1108 3527 1416 3599 indulgens.
1448 3528 1604 3586 Tunc
1641 3531 1806 3603 igitur
1841 3532 2073 3590 inﬂexus

479 3614 810 3684 patriarchae
862 3619 1123 3689 precibus
1176 3621 1391 3677 remisit
1430 3623 1618 3681 subito
1665 3641 1885 3696 poenam
1939 3627 2070 3683 olim

478 3698 760 3775 da\unato,
804 3720 859 3766 et
906 3720 962 3766 ιιι
1017 3714 1356 3769 monasterio
1405 3714 1737 3773 educaretur
1789 3721 2071 3790 praecepit.

482 3802 655 3857 Porro
721 3803 868 3859 hunc
934 3805 1247 3877 patriarcha
1312 3818 1547 3878 paterno
1603 3812 1726 3866 sinu
1784 3821 2075 3883 exceptum

481 3898 903 3967 quamplurimis
951 3900 1129 3969 potuit
1176 3902 1384 3958 amoris
1429 3902 1927 3974 signiﬁcationibus
1976 3904 2077 3961 do-

482 3991 681 4057 n‘sqne
707 3991 997 4057 recreavit,
1036 3991 1426 4064 rhetoremque
1459 3994 1757 4065 diplomate
1787 3995 1892 4052 rite
1927 3997 2079 4068 sigil-

482 4082 595 4137 iato
626 4082 965 4151 declaravit;
1003 4098 1068 4140 ac
1094 4085 1287 4142 ludum
1317 4088 1575 4143 omnibus
1612 4089 1851 4159 aperuit,
1887 4090 1981 4145 ubi
2010 4090 2080 4146 ab

486 4175 591 4230 boc
617 4186 956 4248 praeceptore
989 4177 1289 4249 disciplina:
1317 4180 1685 4239 traderentur.

487 4287 571 4343 15
618 4288 691 4367 Ut
728 4292 966 4367 accusati
1008 4292 1383 4367 palatinorum
1417 4295 1638 4358 quidam
1694 4294 1836 4349 (mue
1900 4297 2076 4367 maje-

560 4363 720 4415 stalis
777 4365 1141 4425 patriarcham
1190 4364 1473 4417 Arsaniam
1531 4368 1586 4419 in
1633 4367 1866 4420 eamdem
1902 4363 2079 4423 secum

561 4434 979 4487 criminationem
1007 4435 1344 4490 involverint.

2180 3235 2252 3289 ris
2298 3232 2630 3289 conscientia
2670 3231 3031 3287 declararunt.
3075 3233 3153 3286 Ae
3200 3231 3274 3287 illi
3309 3231 3528 3303 quidem
3565 3230 3741 3287 meritis

2179 3326 2404 3397 subjecti
2424 3325 2698 3395 suppliciis
2720 3335 2866 3392 sunt,
2886 3339 3102 3394 unoquo
3126 3341 3208 3392 ,ue
3233 3325 3476 3395 ipsorum
3501 3340 3594 3395 pro
3607 3323 3743 3378 modo

2180 3420 2351 3491 culpe
2376 3434 2612 3490 congrua
2644 3433 2803 3489 poena
2829 3417 3074 3474 multato.
3109 3417 3215 3475 Sed
3244 3433 3347 3474 nec
3374 3418 3445 3474 de
3471 3418 3742 3488 patriarcha

2182 3513 2483 3584 neglectum
2509 3511 2765 3566 indicimn
2792 3519 2897 3567 est.
2936 3511 3075 3576 Quin
3106 3510 3331 3581 arripuit
3356 3510 3561 3567 crimen
3598 3510 3744 3579 impe-

2187 3617 2335 3664 rator
2371 3604 2680 3663 vehementi
2707 3617 3001 3674 erumpens
3026 3603 3227 3674 impetu
3264 3604 3317 3659 in
3345 3602 3743 3674 prosecutioncm

2183 3700 2431 3766 ultionis;
2454 3714 2779 3770 causamque
2794 3698 3051 3756 ardenter
3069 3699 3136 3755 ad
3158 3698 3426 3772 synodum
3449 3698 3517 3754 de
3541 3698 3648 3763 utit,
3667 3710 3746 3767 pro

2183 3792 2263 3848 rei
2286 3791 2567 3847 atrocitate
2586 3803 2944 3860 conquerens,
2969 3796 3024 3844 et
3051 3804 3158 3861 pr.e
3182 3804 3243 3845 se
3260 3788 3443 3847 ferens
3467 3804 3570 3845 neu
3594 3788 3742 3857 iquam

2186 3883 2555 3952 acquieturum
2582 3896 2663 3949 se,
2690 3879 2866 3951 quoad
2893 3888 3095 3936 tantum
3120 3879 3315 3941 scelus,
3347 3888 3509 3950 prout
3528 3893 3617 3948 par
3632 3883 3745 3941 erat,

2186 3975 2549 4031 vindicaretur
2585 3994 2599 4031 :
2639 3993 2658 4028 ι
2698 3975 3027 4041 Enimvero,
3065 3973 3276 4037 aiebat,
3309 3973 3527 4043 indigna
3553 3970 3746 4027 nimium

2185 4080 2242 4126 et
2270 4071 2343 4125 mi
2368 4072 2491 4124 :ime
2518 4069 2738 4125 ferenda
2763 4069 2839 4124 ini
2861 4069 3016 4137 .uitas
3040 4075 3203 4131 esset.
3232 4067 3518 4136 episcopos
3541 4063 3745 4135 quidem,

2187 4182 2313 4222 cum
2347 4166 2381 4233 ἰ,
2405 4168 2482 4220 sis
2510 4180 2611 4221 nos
2646 4165 2736 4220 vid
2772 4180 2891 4219 mur
2916 4163 2970 4218 in
2996 4162 3422 4219 ecclesiasticum
3452 4158 3656 4229 aliquod
3683 4171 3747 4211 m-

2188 4261 2426 4320 currisse
2441 4265 2670 4328 cr'men,
2696 4259 2874 4316 statim
2894 4271 3108 4329 poenam
3128 4256 3436 4324 imponere,
3467 4267 3552 4309 me
3574 4264 3687 4306 vero
3708 4248 3749 4302 in

2190 4356 2462 4413 horrendo
2489 4355 2695 4411 scelere
2732 4361 2921 4408 contra
2945 4351 3108 4406 vitam
3138 4363 3203 4405 ac
3249 4357 3419 4417 caput
3446 4340 3690 4417 imperato
3715 4340 3750 4395 is

2192 4451 2533 4524 deprehenso
2554 4493 2570 4520 ,
2604 4459 2782 4505 tamen
2815 4464 2924 4519 pra:
2954 4444 3216 4501 modestia
3242 4442 3506 4515 judicium
3537 4437 3658 4496 tanti
3682 4449 3751 4492 me

560 4545 662 4600 illo
714 4562 879 4616 porro
918 4562 1066 4601 anno
1112 4549 1324 4604 crimen
1375 4548 1517 4607 laesae
1557 4566 1730 4608 sacrm
1784 4553 2088 4625 maiestatis
2121 4556 2166 4612 ι)
2196 4549 2401 4605 doloris
2437 4562 2502 4601 ac
2548 4543 2769 4617 periculi
2799 4557 2896 4613 per
2922 4556 3010 4596 me
3056 4541 3323 4609 attingere
3350 4536 3654 4598 verentem,

486 4638 792 4710 impactum
823 4650 910 4695 est
946 4639 1351 4713 Phrangopullo
1381 4645 1624 4711 cuidam,
1647 4661 1758 4715 quo
1794 4644 2094 4715 imperator

489 4733 689 4789 intime
724 4733 984 4791 familiari
1016 4738 1299 4803 utebatur,
1337 4747 1392 4794 et
1423 4739 1548 4794 aliis
1577 4737 1684 4809 ipsi
1715 4738 1953 4794 consciis
1989 4755 2095 4811 np-

494 4843 650 4882 nn-ro
676 4828 994 4885 duodecim.
1026 4830 1388 4902 Conspirasse
1415 4832 1747 4888 dicebantur
1773 4832 1829 4885 in
1857 4832 2095 4903 impera-

493 4932 697 4989 torem,
753 4939 913 4993 quem
960 4925 1124 4979 etiam
1175 4925 1494 4981 interﬁcere
1542 4924 1950 4995 quamprimum
2003 4927 2098 4980 de-

496 5026 809 5078 creverant.
855 5018 902 5074 si
933 5033 1097 5089 quam
1148 5018 1400 5073 invenire
1429 5018 1705 5071 rationem
1753 5017 2095 5072 commodam

496 5121 722 5182 possent
769 5113 848 5167 rei
901 5111 1280 5167 conﬁciendae.
1328 5110 1568 5165 Vocatus
1604 5126 1636 5165 a
1664 5104 1986 5181 ‘conjuratis
2019 5110 2094 5164 .in

496 5217 710 5279 partem
741 5216 798 5262 et
828 5206 1042 5261 consilii
1066 5213 1125 5259 et
1153 5204 1281 5293 facti
1313 5202 1493 5259 fuerat
1520 5202 1754 5259 Carolus
1790 5192 2035 5273 quidam,
2065 5219 2097 5256 a

495 5320 612 5374 quo
650 5302 985 5360 trucidatum
1028 5299 1508 5373 protovestiarium
1549 5295 1896 5353 Muzalonem
1932 5311 2097 5367 supe-

500 5398 618 5454 rius
651 5396 983 5463 docuimus;
1020 5409 1213 5450 verum
1243 5392 1290 5450 is
1313 5406 1426 5448 non
1455 5392 1738 5447 sustinens
1771 5388 2099 5445 malefacere

498 5492 665 5565 285
704 5490 1020 5562 imperatori
1047 5487 1406 5560 cooperando
1438 5485 1571 5542 caedi
1605 5484 1746 5556 eius,
1778 5492 1946 5541 totam
1976 5500 2099 5555 per-

502 5589 711 5644 niciem
738 5587 936 5643 avertit
958 5586 1014 5641 in
1038 5585 1219 5656 capita
1240 5581 1681 5639 machinatorum
1701 5584 1833 5635 tanti
1853 5580 2096 5645 sceleris,

502 5703 535 5742 a
566 5685 765 5758 quibus
813 5693 933 5740 erat
972 5684 1029 5739 in
1069 5682 1190 5754 ejus
1221 5676 1671 5737 communionem
1723 5673 1950 5729 ascitus.
1990 5674 2100 5731 Eos

502 5783 652 5841 enim
671 5779 881 5842 detulit.
915 5781 967 5836 in
1000 5778 1055 5835 id
1076 5791 1243 5850 asque
1273 5772 1559 5847 patefec't;
1587 5770 1729 5827 unde
1745 5769 1923 5825 subito
1948 5784 2099 5824 eom-

507 5878 681 5951 prelze
722 5876 768 5933 si
795 5890 984 5934 omnes
1008 5884 1151 5933 sunt.
1185 5871 1323 5929 Tum
1363 5868 1478 5927 dira
1522 5864 1816 5941 quastione
1850 5862 1980 5922 torti
2038 5871 2099 5919 ut

2196 4639 2430 4697 obnoxie
2449 4637 2845 4710 confug'entem
2858 4632 2927 4689 ad
2949 4640 2999 4689 tr
3019 4632 3183 4689 bunal
3204 4630 3418 4713 ecclesi:
3438 4628 3643 4693 sticum,
3663 4622 3750 4694 pati

2197 4733 2471 4804 repulsam
2503 4738 2595 4786 aut
2639 4726 3076 4784 frustrationibus
3115 4723 3286 4781 eludi.
3327 4743 3345 4776 ι
3378 4721 3540 4777 Multa
3567 4717 3749 4791 qu'dem

2197 4845 2257 4885 se
2274 4828 2373 4883 hac
2398 4840 2531 4883 enus
2560 4839 2687 4893 grav
2709 4838 2741 4879 a
2767 4822 2955 4879 tul'sse
2986 4841 2999 4876 :
3056 4828 3149 4876 tan
3167 4833 3235 4875 en
3263 4819 3393 4873 huic
3421 4815 3619 4888 injuria:
3643 4811 3752 4868 tole-

2198 4923 2381 4978 randae
2406 4922 2668 4992 imparem
2686 4918 2830 4973 ultro
2857 4916 3011 4972 lateri
3034 4928 3186 4970 suam
3214 4927 3337 4970 esse
3359 4912 3684 4983 patient‘am;
3707 4911 3752 4958 et

2199 5034 2270 5089 qu
2292 5017 2326 5072 ιι
2366 5017 2455 5071 u'd
2485 5031 2553 5070 an
2579 5030 2643 5071 ea
2680 5012 3058 5069 dissimulaver
3079 5018 3120 5077 t,
3155 5010 3206 5063 in
3241 5016 3515 5079 posterum
3545 4999 3752 5075 profecto

2201 5110 2514 5181 neutiquam
2556 5120 2844 5179 passurum
2876 5104 3014 5160 adeo
3052 5100 3211 5157 nihili
3253 5099 3418 5171 pendi
3457 5097 3751 5168 majestatem

2204 5202 2629 5275 imperatoriam,
2672 5207 2731 5254 ut
2757 5199 2920 5252 vitam
2949 5206 3007 5253 et
3044 5195 3365 5266 sanguinem
3389 5208 3489 5263 cap
3512 5193 3577 5245 tis
3601 5188 3753 5255 reipu-

2201 5279 2357 5354 blicae
2386 5297 2607 5352 uelariis
2642 5292 3008 5364 perduellzbus
3036 5288 3234 5362 proder
3301 5278 3689 5358 impune'liceat
3710 5275 3750 5332 ei

2205 5389 2289 5459 ips
2336 5388 2422 5443 cui
2450 5402 2514 5443 ex
2547 5388 2725 5441 olic‘o
2753 5384 3099 5457 pozissimum
3127 5382 3467 5440 incumbebat
3493 5372 3752 5444 saluiejus

2203 5483 2348 5553 inv'g
2373 5482 2389 5536 l
2427 5496 2487 5536 re
2532 5480 2627 5535 ll's
2651 5488 2757 5535 tam
2783 5478 2993 5535 acerbis
3015 5474 3533 5547 expostulat'onibus
3555 5471 3752 5539 impera-

2204 5585 2289 5630 tor
2309 5591 2336 5629 s
2354 5572 2524 5628 cuncti
2545 5572 2733 5627 Patres
2758 5569 3032 5640 negetium
3060 5566 3228 5638 286
3246 5573 3545 5633 capessere,
3567 5566 3752 5612 cencer—

2203 5667 2364 5722 dibus
2418 5663 2620 5736 sutirag
2643 5663 2691 5719 is
2740 5661 3100 5717 decreverunt
3147 5655 3440 5713 mit:endos
3485 5650 3569 5723 qui
3622 5655 3749 5701 reum

2209 5763 2624 5830 interrogarent,
2648 5767 2700 5811 et
2723 5759 2839 5811 s've
2860 5754 3116 5810 fateretur
3129 5751 3359 5811 crimen.
3381 5749 3491 5804 sive
3507 5747 3750 5812 quantum.

2209 5859 2292 5915 vis
2328 5851 2567 5911 iulitians
2608 5849 2819 5909 idoneis
2857 5858 3037 5906 tamen
3069 5846 3284 5905 indiciis
3315 5841 3480 5903 teneri
3506 5833 3619 5894 facti
3643 5842 3749 5887 coa-
