3926 6530
227 381 321 442 737
814 378 823 386 ’
903 396 911 404 ·
1152 377 1249 436 DE
1292 335 1681 436 MICHllELE
1722 376 2188 438 PAL;FOI.OGO
2227 378 2379 438 LIB.
2418 377 2516 438 IV.

3363 376 3472 469 τι

226 492 428 545 θέλοντα
457 487 704 558 δέχεσθαι
739 488 798 541 τὸ
854 487 928 556 μὴ
982 487 1226 541 δεδόσθαι
1277 484 1369 559 ἦν,
1401 489 1540 553 τέως
1585 489 1642 542 δὲ
1683 488 1778 542 καὶ
1809 489 1856 548 Α
1885 489 2140 558 γενέσθαι
2175 490 2329 560 παρά
2376 507 2435 542 τε
2466 488 2558 543 τοῦ
2606 488 2947 560 πατριάρχου
2983 488 3077 542 καὶ
3130 489 3315 559 πάσης
3368 491 3470 560 τῆς

223 578 368 643 αὖθις
397 578 602 631 δεδιότα
636 579 713 649 μὴ
744 581 891 643 ὅπως
939 579 1167 648 δέχοιτο.
1203 580 1661 649 προσανατιθὲναι
1704 581 1774 650 τῇ

221 675 460 743 δεσποίνῃ
494 672 592 743 τὴν
618 674 908 743 χορηγίαν,
941 673 1023 740 ἐφ’
1054 668 1097 741 ᾧ
1129 674 1289 726 αὐτὴν
1328 673 1428 743 μὲν
1458 673 1776 727 ἀποστεῖλαι

226 768 315 820 καὶ
341 766 486 828 αὖθις
514 765 701 833 φίλους
727 769 921 837 ἐκείνῳ
950 766 1340 836 νομιζομένους
1376 765 1518 819 κατά
1542 783 1660 820 τινα
1682 766 1778 836 τὴν

220 857 492 912 ἀπἀύτοῦ
541 858 898 927 παραμυθίαν
952 875 1009 911 τε
1075 860 1168 911 καὶ
1216 858 1522 926 εὐμένειαν,
1575 856 1677 929 τὴν
1720 858 1777 911 δὲ

220 949 489 1001 δέσποιναν
537 947 656 1016 μετ’
686 947 910 1001 ἐκείνων
966 948 1204 1019 πέμπειν
1237 947 1312 1011 ὼς
1342 948 1437 1016 ἀφ’
1462 948 1665 1018 ἐαυτῆς
1711 950 1778 1001 τὰ

223 1040 545 1109 νομίσματα.
581 1041 647 1091 Ὀ
676 1039 737 1110 δὴ
768 1043 861 1094 καὶ
896 1039 1016 1109 μετ’
1039 1041 1099 1094 οὑ
1142 1041 1278 1094 πολὺ
1315 1040 1654 1112 πέπρακται,
1685 1043 1779 1094 καὶ

220 1131 620 1184 ἀποστέλλονται.
650 1135 676 1184 6
710 1133 809 1200 τῆς
847 1112 1172 1201 Ἐκκλησίλς
1206 1132 1779 1202 ύπομνηματογράςρος

218 1223 260 1276 Γ
262 1223 487 1293 εμιστδς,
520 1224 549 1276 6
578 1223 671 1276 τοῦ
728 1222 1014 1293 βασιλικοῦ
1067 1225 1275 1296 κλήρου
1329 1225 1706 1297 λαμπαδάριος
1752 1228 1779 1277 6

217 1312 532 1383 Οίναιώτης,
588 1317 684 1368 καὶ
736 1316 917 1387 τρίτος
963 1320 991 1371 6
1050 1318 1144 1387 τῆς
1209 1317 1379 1390 Ἱερᾶς
1427 1319 1781 1389 ίερομὸναχος

216 1408 455 1477 Μάρκος.
488 1408 681 1479 ἄνδρες
713 1410 777 1463 ἐκ
812 1408 1047 1464 παλαιοῦ
1095 1408 1239 1480 φίλοι
1294 1410 1485 1481 ἐκείνῳ
1512 1410 1579 1465 τὰ
1619 1411 1776 1480 pan-

214 1517 336 1564 στα,
360 1493 440 1563 οἷς
464 1500 527 1570 δὴ
563 1501 660 1554 καὶ
693 1501 843 1570 παρὰ
893 1502 986 1572 τῆς
1035 1501 1327 1574 δεσποίνης
1367 1504 1437 1556 τὰ
1478 1502 1555 1566 εἰς
1588 1502 1781 1573 χρείαν

214 1592 725 1648 ωναπεστέλλοντο.
788 1592 879 1665 Τῷ
917 1595 1018 1665 μὲν
1071 1594 1161 1649 οὖν
1204 1595 1418 1666 βασιλεῖ
1474 1597 1573 1649 οὐκ
1622 1592 1688 1667 ἦν
1725 1596 1782 1659 ἐς

213 1683 463 1737 τοσοῦτον
493 1685 559 1737 τὰ
593 1686 692 1756 τῆς
735 1686 992 1758 σπουδῆς,
1036 1687 1172 1741 ἀλλά
1206 1688 1299 1741 καὶ
1330 1688 1390 1741 τὸ
1421 1688 1582 1740 πλέον
1611 1703 1783 1758 προσ-

212 1778 485 1843 επεζήτει,
520 1777 726 1846 μᾶλλον
757 1778 814 1832 δὲ
845 1778 941 1831 καὶ
969 1772 1031 1832 οὗ
1067 1779 1228 1851 χάριν
1265 1778 1423 1833 ταῦτ’
1459 1779 1780 1851 ἐπράττετο.

213 1866 285 1917 Τὸ
307 1865 351 1917 δ’
374 1860 441 1936 ἦν
477 1865 584 1936 ἄρα
621 1868 745 1920 ὅσον
774 1869 833 1921 ἐν
860 1868 1062 1938 σπουδῇ
1091 1869 1303 1922 ἐκείνου
1332 1868 1425 1921 τοῦ
1453 1868 1781 1938 ἀνυσθῆναι,
1820 1854 1860 1909 Β

208 1956 359 2008 τόσον
392 1959 463 2010 υέν
500 1957 707 2030 ἀπορίᾳ
757 1958 851 2013 τοῦ
902 1960 1019 2023 πῶς
1062 1963 1128 2014 ἂν
1189 1960 1450 2032 ἁνυσθείη
1486 1961 1580 2015 καὶ
1632 1959 1784 2030 παρὰ

206 2048 364 2112 τίνος.
983 2111 989 2118 ,
1724 2052 1731 2059 ’

209 2159 292 2225 ιζ’.
328 2160 529 2237 "Gange
554 2165 586 2217 ὀ
614 2164 917 2237 ,βασιλεὺς
943 2166 1296 2237 ἐϐουλεύετο
1360 2168 1432 2221 τὰ
1481 2166 1617 2237 περὶ
1675 2166 1783 2236 τῆς

463 2231 683 2288 ἑαυτοῦ
715 2231 971 2302 λύσεώς,
1004 2236 1099 2289 καὶ
1145 2239 1295 2306 πρὸς
1336 2238 1520 2302 τίνος.

281 2323 478 2378 Ἤθελε
528 2323 617 2398 [Ρ.
652 2325 774 2403 196]
824 2329 923 2399 μὲν
971 2323 1064 2382 οὖν
1112 2329 1211 2401 τὴν
1253 2328 1349 2383 τοῦ
1397 2329 1597 2401 δεσμοῦ
1630 2329 1784 2385 λύσιν

207 2519 475 2561 summam
505 2506 702 2572 fuisse,
739 2509 785 2564 si
821 2500 1094 2579 spoliasset
1124 2510 1315 2564 induci
1366 2525 1490 2566 eum
1521 2526 1678 2581 posse
1716 2513 1780 2567 ad

206 2596 360 2652 istam
388 2614 425 2652 a
450 2616 509 2655 se
548 2602 864 2670 pensionem
909 2603 1297 2672 act-eptandam
1335 2620 1348 2668 ;
1405 2604 1497 2658 sed
1530 2620 1656 2658 cum
1688 2621 1781 2659 su-

204 2691 525 2759 perstitione
571 2693 746 2763 ipsum
816 2696 1050 2764 quadam
1111 2695 1407 2749 abhwrere
1454 2712 1483 2750 a
1529 2711 1778 2751 commu-

202 2781 363 2836 nione
418 2799 750 2855 quacunque
804 2802 987 2840 st-cum
1036 2788 1200 2858 290
1233 2788 1581 2860 intelligeret,
1635 2794 1784 2861 inge-

205 2871 323 2929 rere
348 2879 497 2945 quod
547 2878 929 2947 scrupulosum
973 2894 1015 2933 se
1035 2895 1160 2934 nem
1220 2881 1524 2935 offenderet
1544 2897 1650 2936 noo
1680 2898 1780 2936 au-

204 2979 347 3020 sum.
384 2970 461 3023 Ac
486 2984 555 3023 ne
586 2984 735 3024 nunc
764 2972 983 3040 quidem
1022 2973 1155 3026 velle
1179 2974 1483 3028 molestiam
1504 2974 1778 3028 lacessere

204 3057 429 3113 infirmae
465 3061 701 3117 hominis
745 3066 1117 3129 conscientiw,
1157 3065 1389 3135 ideoque
1448 3076 1779 3122 metuentem

1887 584 2133 647 συνόδου,
2161 583 2255 635 τὸν
2278 583 2334 637 δὲ
2358 583 2594 637 λύσαντα
2616 584 2899 655 ὑφεωρᾶτο
2920 584 2996 656 μὴ
3018 585 3113 639 καὶ
3141 584 3282 649 δόξοι
3299 585 3472 640 ἄλυτα

1887 675 2123 729 λύωνηὲκ
2166 674 2259 729 τοῦ
2294 675 2428 744 πρὸς
2463 677 2670 728 ἐκεῖνον
2695 674 2788 729 τὸν
2832 672 2961 729 λαὸν
3008 674 3295 748 ὀλιγώρως
3326 676 3472 747 ἔχειν

1885 766 2046 818 τοῦτο
2087 765 2188 836 μὲν
2234 764 2320 819 διὰ
2369 765 2429 818 τὸ
2490 766 2565 835 μὴ
2597 766 2684 817 ἐπ’
2731 767 2926 834 ἐκείνῳ
2977 765 3468 839 πληροφορείσθω,

1889 858 2046 910 τοῦτο
2078 858 2134 910 δὲ
2177 858 2273 911 καὶ
2304 858 2391 911 διὰ
2422 858 2520 926 τὴν
2561 859 2980 928 ἐμφαινομένην
3012 842 3115 912 τοῦ
3143 860 3333 931 Θρόνου
3378 877 3474 930 με·

1887 949 2132 1004 τὰθεσιν.
2176 948 2236 1004 ’0
2268 951 2314 1004 δ’
2353 950 2564 1014 ἐννοίας
2608 952 2863 1014 τοιαύτας
2904 951 3227 1007 ὑποϐἀλὶων
3262 953 3339 1023 τῷ
3376 952 3472 1024 βαι

1891 1041 2031 1094 σιλεῖ
2062 1044 2087 1094 6
2111 1041 2395 1111 δηλωθεὶξ
2427 1041 2698 1110 Γαλησίου
2740 1039 2808 1114 ἦν
2868 1044 3088 1113 Ἰωσὴφ,
3121 1044 3179 1107 ὃς
3222 1047 3280 1098 οὐ
3315 1047 3469 1100 τόσον

1890 1134 2230 1204 ὑπερεπὸὠει
2261 1134 2355 1188 τοῦ
2402 1133 2685 1203 Ἀρσενίου
2732 1136 2854 1188 ὅσον
2899 1134 2976 1207 τῷ
3009 1134 3276 1208 Γερμανῷ
3321 1139 3470 1208 ἀπη-

1889 1228 2120 1298 χθάνετο
2151 1227 2242 1283 διὰ
2266 1230 2365 1298 τὴν
2394 1228 2455 1279 ὲκ
2480 1226 2669 1297 θρόνου
2698 1228 2959 1281 ταπεινοῦ
2997 1230 3076 1292 είς
3112 1230 3201 1282 τὸν
3234 1230 3472 1299 ὑπέρτα-

1889 1338 1981 1374 τον
2016 1320 2373 1390 ἐπιπήδησιν.
2423 1319 2515 1390 Τῷ
2545 1337 2625 1373 τοι
2671 1320 2766 1373 καὶ
2820 1322 3066 1391 ἐσχίζετο
3102 1323 3203 1391 μὲν
3237 1324 3467 1388 ἐκεῖνος,

1892 1414 2142 1467 ὑπέτεινε
2168 1414 2225 1467 δὲ
2270 1413 2470 1482 καὶτῷ
2517 1412 2731 1483 βασιλεῖ
2776 1415 2835 1467 ού
2873 1416 3046 1477 καλὰς
3091 1416 3300 1478 ἐννοίας
3343 1419 3473 1489 περὶ

1892 1506 2104 1559 ἐκείνου
2157 1505 2231 1570 ὡς
2271 1506 2333 1558 οὐ
2382 1506 2660 1572 λύσοντος,
2696 1506 2761 1560 ἄν
2791 1523 2855 1575 γε
2885 1508 2979 1560 καὶ
3019 1505 3165 1560 λύοι*
3203 1506 3328 1560 οὔτε
3359 1508 3471 1577 γὰρ

1891 1598 2081 1653 ἱκανὸν
2126 1594 2455 1653 εἶναιτοῦτο
2490 1601 2639 1670 παρά
2685 1598 2808 1671 Θεῷ
2861 1599 2956 1653 καὶ
3012 1599 3306 1672 αὔταρκες,
3360 1600 3475 1654 οὔτ’

1891 1693 2315 1761 ἀκατάγνωστον
2346 1693 2423 1763 τῷ
2451 1691 2681 1764 βασιλεῖ.
2728 1694 2817 1757 Ὡς
2848 1692 2981 1763 γοῦν
3003 1693 3158 1747 ταῦτ’
3189 1694 3373 1762 ἔλεγεν
3396 1695 3474 1756 ὼς

1891 1785 1949 1837 ἐν
1984 1781 2298 1854 ἀνθρώποις
2352 1785 2434 1846 είς
2494 1783 2705 1852 πατέρα
2768 1781 3099 1852 τεταγμένος
3156 1780 3323 1851 αὐτῷ,
3378 1782 3476 1834 καὶ

1893 1876 2103 1930 πείθειν
2142 1870 2210 1947 ἦν
2261 1877 2472 1930 ἐκεῖνον
2529 1875 2593 1927 ὲκ
2631 1873 2725 1927 τοῦ
2762 1874 3057 1944 προχείρου
3094 1874 3189 1928 καὶ
3227 1874 3297 1926 δι’
3332 1874 3473 1928 ἄλλα

1895 1965 1995 2037 μὲν
2045 1966 2185 2037 πρὸς
2216 1965 2277 2018 τὸ
2304 1965 2486 2019 δοκεῖν
2530 1965 2713 2030 ἱκανὰ,
2746 1963 2985 2035 μάλιστα
3025 1964 3082 2020 δὲ
3118 1965 3212 2017 καί⁸
3255 1965 3339 2019 ὅτι
3380 1966 3471 2018 ἐπ’

1892 2058 2089 2126 ἐκείνῳ
2123 2055 2585 2128 πεπληροφόρητο
2620 2058 2690 2110 τὰ
2729 2056 2900 2111 πολλὰ
2953 2058 3120 2127 πατρί
3156 2073 3218 2125 γε
3251 2056 3473 2127 νομιζο·

1893 2148 2061 2220 μένῳ,
2096 2150 2155 2202 ἐν
2184 2150 2413 2213 ἐννοίαις
2443 2151 2469 2201 ὀ
2513 2150 2730 2221 κρατῶν
2761 2145 2850 2221 ἦν,
2889 2151 2985 2204 καὶ
3032 2149 3232 2218 μᾶλλον
3262 2150 3341 2202 ὅτι
3371 2145 3471 2201 καὶ

1890 2242 1953 2295 τὸ
2006 2241 2213 2311 σχίσμα
2247 2241 2408 2295 πλέον
2457 2243 2675 2310 ἐγένετο
2716 2243 2807 2297 διά
2853 2241 2953 2313 τὴν
2991 2242 3302 2312 μετάθεσιν,
3362 2240 3471 2294 κᾶν

1894 2335 2099 2398 ἐκεῖνος
2122 2334 2500 2405 κατωλιγώρει
2547 2335 2644 2403 τῆς
2693 2338 2774 2398 εἰς
2809 2335 2972 2388 αὐτὸν
3020 2333 3230 2406 ’ύὸρεως
3268 2333 3363 2387 καί
3404 2350 3469 2403 γε

1889 2512 2040 2566 dum.
2067 2512 2146 2566 De
2186 2511 2499 2581 patriarcha
2535 2511 2831 2567 verebatur
2884 2528 2957 2569 ne
3008 2518 3202 2584 parum
3254 2527 3320 2568 eo
3341 2527 3475 2567 exo-

1889 2605 2063 2658 rando
2097 2604 2409 2674 proﬁceret,
2444 2604 2564 2674 ipso
2621 2606 2860 2660 libenter
2887 2605 3107 2676 quidem
3141 2618 3470 2671 assensuro;

1889 2698 1984 2754 sed
2015 2699 2274 2768 quoniam
2306 2700 2506 2768 exigua
2536 2699 2657 2769 ejus
2723 2701 2863 2767 apud
2896 2701 3157 2772 populum
3207 2709 3264 2753 et
3298 2699 3470 2769 gratia

1890 2794 2008 2842 erat
2041 2798 2097 2842 et
2130 2787 2458 2853 auctoritas,
2494 2788 2794 2843 timendum
2834 2789 3115 2844 videretur
3160 2804 3227 2841 ne
3263 2787 3469 2841 invidia

1889 2885 2130 2936 auctoris
2158 2889 2338 2934 actmn
2390 2881 2699 2936 intirmaret
2747 2890 2803 2936 et
2850 2881 3012 2935 talem
3063 2880 3467 2935 absolutionem

1890 2983 1991 3037 pro
2027 2969 2174 3022 nulla
2234 2968 2483 3039 plerique
2537 2971 2801 3040 irritaque
2862 2971 3149 3035 haberent,
3205 2985 3468 3039 tanquam

1894 3059 2057 3113 latum
2092 3061 2160 3114 ab
2193 3060 2415 3115 homine
2448 3064 2607 3131 cuius
2638 3062 2951 3118 auctoritati
2982 3080 3170 3133 parum
3211 3062 3461 3127 ﬁderent,

201 3167 268 3207 ne
322 3163 598 3209 recusaret
661 3157 1026 3212 necessarium
1081 3158 1388 3213 subsidium
1447 3160 1492 3215 si
1543 3176 1643 3217 suo
1672 3163 1774 3231 ipsi

1893 3162 1949 3206 et
2000 3153 2069 3207 de
2121 3170 2230 3223 quo
2280 3169 2347 3207 an
2403 3155 2645 3225 legitime
2696 3166 2981 3226 promotus
3033 3166 3196 3239 esset,
3239 3167 3466 3227 propter

202 3245 422 3302 nomine
477 3248 786 3315 oll‘erretur,
849 3251 1164 3306 consentire
1214 3266 1272 3306 se
1305 3257 1367 3306 ut'
1406 3252 1458 3306 id
1520 3256 1777 3325 Augusta:

201 3337 521 3409 imputetur.
560 3342 800 3412 Denique
834 3343 971 3397 velle
1021 3359 1081 3398 se
1131 3343 1269 3398 mitti
1304 3345 1372 3402 ad
1403 3361 1530 3400 eum
1561 3347 1775 3417 aliquos

201 3446 263 3484 ex
296 3432 493 3487 amicis
523 3434 641 3505 ejus
669 3436 738 3490 ad
778 3436 1073 3507 quamdam
1112 3437 1416 3493 calamitosi
1469 3440 1616 3493 senis
1642 3455 1741 3493 con
1761 3471 1777 3480 -

201 3526 522 3579 solationem
579 3537 634 3582 et
690 3528 1110 3593 recreationem,
1149 3539 1203 3583 et
1245 3529 1312 3584 iis
1354 3530 1683 3586 deferendos
1710 3532 1776 3587 ad

200 3616 378 3685 ipsum
444 3619 582 3674 tradi
622 3629 898 3677 trecentos
924 3623 1045 3678 illos
1096 3639 1354 3678 nummos
1384 3632 1639 3696 tanquam
1667 3627 1737 3681 do

200 3719 360 3764 natos
389 3710 459 3764 ab
486 3712 752 3783 Angusta,
775 3729 899 3769 cum
923 3726 1075 3770 certa
1111 3716 1476 3784 promissione
1508 3719 1771 3775 rediturae

203 3803 502 3870 quotannis
529 3806 598 3858 ab
630 3805 817 3860 eadem
867 3822 1034 3860 manu
1064 3808 1210 3877 paris
1241 3823 1485 3864 somnne.
1528 3810 1584 3867 id
1625 3816 1767 3883 quod

202 3910 310 3948 non
372 3897 547 3951 multo
581 3907 703 3966 post
726 3898 799 3953 ita
846 3898 1049 3954 factum
1087 3910 1188 3956 est.
1250 3899 1488 3974 Delegati
1518 3905 1664 3959 enim
1709 3909 1774 3961 ad

201 3988 495 4045 Arsenium
538 4002 667 4045 sunt
704 3991 960 4048 Ecclesiae
1021 3993 1541 4052 Commentariensis
1592 3998 1777 4054 Gemi—

210 4092 353 4145 stus,
374 4097 610 4155 cumque
639 4085 743 4140 hoc
776 4086 906 4158 regii
936 4087 1068 4143 cleri
1113 4088 1482 4160 lampadarius
1519 4089 1777 4148 (linteola

202 4182 257 4228 et
287 4174 488 4230 tertius
504 4178 820 4232 monasterii
851 4178 1025 4233 Hiera:
1055 4180 1184 4236 dicti
1211 4183 1515 4239 monachus
1544 4183 1774 4252 Marcus,

200 4265 307 4319 viri
344 4280 539 4321 omnes
566 4267 667 4335 ipsi
702 4269 832 4322 olim
885 4270 1242 4338 cbarissimi;
1277 4274 1368 4342 qui
1419 4284 1475 4329 et
1505 4292 1779 4334 memora-

200 4364 318 4410 tum
349 4355 453 4426 ipsi
505 4358 575 4411 ab
601 4358 842 4429 Augusta
874 4362 1181 4418 subsidium
1230 4375 1610 4435 apportarunt.
1647 4369 1776 4437 Quae

199 4461 326 4501 cum
359 4446 526 4500 altius
553 4460 764 4517 reputo,
803 4452 1055 4520 suspicor
1085 4452 1334 4522 equidem
1374 4470 1481 4515 non
1516 4454 1620 4511 hoc
1653 4470 1775 4511 tan-

1886 3247 2107 3331 vetitam
2137 3246 2442 3301 canonibus
2470 3247 2537 3301 de
2566 3249 2764 3303 throno
2787 3250 2840 3303 in
2874 3249 3128 3303 thronum
3152 3249 3466 3304 translatio-

1882 3355 2002 3394 nem
2037 3341 2422 3411 ambigeretur.
2460 3341 2660 3396 Anctor
2694 3354 2747 3398 et
2774 3342 2932 3413 291
2965 3348 3251 3413 suggestor
3272 3345 3465 3412 hujus-

1882 3431 2029 3485 modi
2078 3424 2512 3486 sollicitudinum
2546 3433 2787 3503 Augusto
2811 3433 2913 3487 fuit
2939 3449 3101 3502 supra
3129 3442 3467 3489 memoratus

1879 3522 2082 3595 Joseph
2113 3525 2315 3579 Galesii
2346 3525 2662 3595 praefectus,
2716 3541 2824 3579 non
2867 3534 2976 3579 tam
3012 3526 3100 3580 ille
3131 3526 3357 3595 quidem
3406 3526 3467 3605 in,

1881 3619 1987 3672 hoc
2022 3621 2373 3674 miseratione
2408 3622 2460 3672 in
2500 3618 2791 3674 Arsenium
2823 3620 3055 3688 quadam
3088 3626 3271 3673 motus
3293 3636 3459 3688 quam

1882 3702 2435 3783 indulgens'minime
2466 3712 2811 3766 dissimulato
2840 3711 3099 3766 adversus
3127 3711 3461 3767 Germanum

1879 3802 2026 3869 odio,
2048 3798 2207 3874 quem
2228 3804 2404 3874 palam
2435 3804 2685 3873 culpabat
2708 3802 2863 3873 quasi
2885 3819 2913 3856 e
2934 3803 3059 3858 sede
3107 3803 3380 3858 humiliori
3407 3806 3460 3859 in

1880 3910 2194 3965 supremam
2245 3895 2384 3948 saltu
2432 3893 2722 3949 auitbitioso
2771 3909 2872 3948 nec
2931 3909 3027 3963 per
3071 3910 3255 3950 sacras
3313 3895 3463 3965 leges

1881 4001 2148 4044 concesso
2215 3986 2666 4041 transcendisset.
2730 3984 2888 4041 Unde
2939 4000 3063 4040 cum
3122 4002 3182 4041 se
3234 3987 3351 4055 ipse
3387 3986 3464 4041 ab

1879 4082 1997 4149 ejus
2027 4079 2414 4135 communione
2448 4076 2774 4150 segregavit,
2822 4062 2946 4133 tun}
2990 4079 3129 4134 istas
3161 4094 3300 4147 quas
3344 4080 3458 4136 dixi

1879 4169 2139 4225 adversas
2168 4166 2447 4225 Germano
2497 4168 2860 4239 cogitationes
2921 4179 3085 4239 atque
3133 4168 3464 4225 formidines
3534 4166 3549 4173 “

1878 4260 2229 4331 imperatoris
2247 4260 2431 4316 animo
2457 4260 2710 4332 subjecit,
2730 4260 3087 4317 metuendum
3114 4261 3458 4318 denuntians

1880 4370 1947 4409 ne
1976 4370 2084 4408 non
2122 4354 2375 4409 idoneam
2407 4353 2498 4408 ille
2535 4353 2762 4408 haberet
2800 4354 3049 4409 solvendi
3106 4364 3453 4425 potestatem,

1880 4461 1943 4500 ac
1973 4444 2116 4513 quod
2151 4444 2418 4498 eratinde
2463 4458 2825 4513 consequens,
2858 4443 2902 4497 si
2958 4458 2988 4497 a
3033 4443 3124 4498 tali
3172 4444 3463 4500 absolutus

198 4546 317 4592 tum
348 4540 405 4593 in
448 4555 634 4594 senem
668 4557 861 4611 parum
892 4544 993 4596 sibi
1021 4559 1234 4613 aequum
1282 4547 1521 4600 studium
1560 4564 1625 4603 ex
1655 4551 1769 4604 sola

1884 4537 2071 4591 luisset
2099 4537 2414 4603 imperator,
2437 4550 2538 4589 nec
2555 4535 2698 4605 apud
2730 4533 2893 4589 Deum
2919 4550 3021 4590 nec
3041 4536 3184 4605 apud
3206 4534 3463 4590 homines

200 4635 318 4681 tum
349 4629 702 4685 miseratione
755 4632 1071 4701 imperatori
1121 4642 1307 4687 natum
1353 4650 1495 4700 esse,
1564 4637 1771 4692 homini

202 4721 397 4789 utique
437 4722 662 4774 minime
689 4723 921 4793 simplici
942 4732 1037 4777 aut
1070 4740 1241 4777 unum
1262 4733 1317 4778 et
1344 4726 1521 4780 cuivis
1551 4728 1775 4784 obvium

201 4826 458 4881 spectare
499 4814 552 4866 in
586 4815 653 4869 iis
684 4828 805 4883 qua:
852 4826 1035 4884 ageret
1070 4815 1232 4869 solito
1263 4834 1293 4891 ;,
1324 4832 1495 4886 quare
1558 4830 1689 4888 puto
1714 4823 1778 4876 il.

198 4903 314 4958 lum
367 4905 487 4974 plus
519 4908 570 4960 in
604 4922 670 4962 eo
696 4908 919 4973 vidisse,
970 4918 1136 4979 atque
1194 4907 1297 4964 hoc
1327 4910 1472 4965 facto
1498 4913 1775 4968 studuisse

203 4997 422 5051 munire
444 5011 509 5053 ac
538 5000 886 5067 complanare
921 5000 1026 5055 sibi
1057 5001 1197 5055 viam
1231 5001 1299 5056 ad
1326 5002 1634 5072 antiquum,
1666 5019 1774 5074 quo

197 5088 406 5142 dudum
429 5088 704 5153 tendebat,
731 5092 1343 5161 scopumjabsolutionis
1376 5094 1772 5164 impetrandae;

198 5194 366 5250 quam
404 5196 517 5235 rem
579 5193 783 5251 quanto
835 5184 1209 5240 vehementius
1270 5186 1552 5256 cupiebat,
1622 5197 1774 5244 tanto

203 5274 464 5329 solertius
512 5275 787 5346 cogitabat
850 5291 1084 5345 quanam
1133 5280 1341 5348 Optime
1394 5280 1606 5334 ratione
1645 5289 1698 5334 et
1741 5296 1773 5336 a

201 5379 313 5435 quo
373 5362 588 5419 facilius
615 5363 1023 5439 honestiusque
1052 5377 1499 5437 consequeretur.

206 5475 296 5530 17.
333 5472 402 5529 Ut
464 5476 644 5529 modos
674 5476 934 5538 quasiert’t
964 5476 1249 5544 imperator
1274 5494 1383 5532 suae
1414 5478 1770 5533 absolutionis

627 5546 995 5613 impetrandae,
1038 5558 1087 5600 et
1117 5565 1148 5599 ιι
1180 5564 1305 5619 quo.

275 5637 680 5708 Cogitationnm
729 5651 892 5707 porro
922 5638 1041 5709 eius
1086 5654 1295 5694 summa
1334 5639 1389 5693 in
1437 5639 1493 5696 id
1522 5638 1775 5695 confere-

207 5727 397 5795 batur,
458 5738 519 5783 ut
575 5730 875 5784 curandum
942 5731 1283 5786 existimaret
1328 5731 1466 5787 solvi
1521 5745 1645 5788 sese
1704 5733 1773 5788 ab

210 5823 569 5879 anatbematis
597 5822 815 5878 vinculo
845 5838 941 5895 per
992 5823 1354 5895 patriarcham
1394 5835 1447 5881 et
1473 5839 1571 5895 per
1609 5839 1775 5898 syno-

1879 4647 2009 4685 vere
2035 4630 2174 4683 liber
2204 4645 2232 4680 a
2269 4629 2389 4682 diro
2416 4629 2634 4683 vinculo
2663 4639 2999 4684 censeretur.
3033 4628 3164 4694 Quae
3185 4629 3463 4700 Angu~tus

1880 4720 2113 4773 audiens
2143 4718 2212 4773 ab
2244 4733 2310 4772 eo
2338 4734 2499 4787 quem
2536 4718 2706 4787 patris
2744 4719 2979 4774 habebat
3010 4719 3150 4784 loco,
3181 4722 3268 4774 cui
3307 4732 3361 4774 et
3398 4733 3455 4775 ut

1879 4811 2236 4865 conscientiae
2300 4826 2413 4873 sine
2475 4811 2682 4865 arbitro
2728 4821 2784 4865 et
2829 4821 2879 4864 nt
2916 4813 3158 4865 onmium
3212 4829 3333 4881 qua:
3385 4812 3454 4865 ad

1878 4904 2324 4974 procurationem
2352 4910 2664 4971 spectarent
2705 4901 3011 4956 animarum
3044 4902 3455 4957 consultissimo

1879 4996 2081 5065 passim
2146 4991 2342 5047 habito
2407 4992 2532 5046 ﬁdei
2591 4993 2886 5062 plurimum
2966 4993 3454 5063 venerationisque

1878 5085 2174 5151 tribuebat,
2208 5083 2483 5138 anxietate
2515 5083 2849 5138 constrictus
2883 5093 2967 5137 est
2995 5084 3251 5145 maxima,
3284 5099 3449 5152 quam

1876 5177 2110 5232 subinde
2157 5176 2326 5248 magis
2357 5178 2635 5248 magisque
2685 5175 3004 5230 intendebat
3041 5190 3339 5246 augescens
3394 5178 3448 5231 in

1877 5273 1995 5327 dies
2041 5270 2279 5325 schisma
2315 5270 2609 5324 multorum
2660 5269 2733 5324 ob
2779 5268 3037 5324 invidiam
3072 5270 3447 5324 translationis

1875 5363 2133 5420 Germani
2166 5364 2609 5418 communionem
2641 5362 3036 5423 aversantium,
3085 5361 3205 5431 ipso
3255 5378 3449 5419 secure

1876 5457 2041 5510 nimis
2070 5453 2438 5509 indormieote
2472 5452 2687 5520 injuria:
2726 5465 2841 5507 sua)
2885 5462 3069 5515 tantae,
3095 5468 3191 5506 nee
3215 5468 3447 5523 purgare

1876 5557 1967 5601 aut
1994 5546 2228 5601 delinire
2265 5544 2490 5599 omnino
2538 5543 2863 5615 gliscentem
2915 5543 3176 5598 invidiam
3230 5546 3332 5599 ulla
3388 5556 3448 5600 re

1876 5647 2128 5693 conante.
2167 5635 2303 5691 Nam
2350 5634 2565 5689 tametsi
2616 5649 2810 5689 omnes
2838 5634 2915 5691 illi
2961 5636 3279 5691 nuntiarent
3325 5650 3448 5707 quae

1875 5737 2064 5783 contra
2105 5727 2255 5779 illum
2308 5725 2639 5780 dicebantur
2675 5734 2729 5780 et
2784 5725 3008 5794 ﬁebant,
3061 5729 3269 5784 nemini
3317 5745 3450 5783 sur-

1875 5820 2109 5881 censuit,
2146 5818 2354 5873 nullum
2387 5818 2748 5888 compescuit,
2777 5818 2995 5876 nullum
3018 5821 3104 5876 vel
3130 5821 3445 5887 minimum,
