3926 6536
477 428 508 490 7
522 427 585 490 3.9

1688 416 2018 476 GEORGII
2062 416 2543 477 ΡᾹΩΗΥΜΕΗίΕ

3625 418 3719 479 τ.ιο

476 539 631 594 οὐδὲν
685 534 864 591 οὐδενὶ
913 531 1177 603 ἠνώχλει,
1226 529 1330 586 κᾶν
1371 528 1572 593 πάντες
1624 528 2059 602 προσήγγελλον.
2096 533 2134 588 Α
2166 530 2265 599 τὴν
2290 528 2763 602 Νοστογγόνισσαν
2808 531 3177 603 συνέστησαν;
3238 532 3298 586 οὐ
3352 531 3568 599 βλέπεις
3611 537 3722 597 τοὺς

480 628 821 689 Μιταὸαλὼν
850 629 980 700 γοῦν
1025 627 1127 697 τῆς
1173 627 1400 696 γνώμης
1429 628 1456 679 6
1489 623 1744 695 βασιλεὺς
1797 625 1963 688 πολὺς
1994 619 2065 695 ἦν

479 724 850 797 ὀριγνώμενος
906 722 995 775 διὰ
1049 720 1223 774 ταῦτα
1280 717 1545 788 ἐκστῆναι
1597 716 1693 770 τοῦ
1732 715 1927 787 θρόνου
1973 717 2066 769 τὸν

480 816 785 892 Γερμανδν,
816 816 921 871 κᾶν
956 815 1029 885 μὴ
1055 814 1114 879 ἐξ
1139 810 1336 867 ἑαυτοῦ
1363 809 1551 883 μαθὼν
1590 809 1922 879 ὑπεκσταίη,
1947 808 2061 863 ἀλλ’

477 910 577 970 οὖν
637 912 799 968 ἄλλον
846 907 1219 981 ὲπιθαρρἦσαι
1273 904 1664 975 συμϐουλεύειν
1720 904 1915 975 ἐκείνῳ
1964 902 2064 975 τὴν

481 1010 853 1080 ὑποχώρησιν.
890 1005 1152 1073 Ἕτοιμος
1180 1000 1224 1054 δ’
1254 996 1323 1071 ἦν
1361 1001 1441 1063 εἰς
1468 998 1627 1053 τοῦτο
1663 998 1722 1051 τὸ
1753 998 2066 1069 παραυτίκα

480 1106 510 1157 6
552 1102 781 1171 Ἰωσὴφ,
812 1099 952 1166 πλὴν
994 1096 1344 1165 ἀνεμφάτως,
1389 1095 1483 1147 καὶ
1511 1092 1587 1156 ὡς
1631 1093 1697 1147 ἂν
1736 1092 1948 1162 οἰηθείη
1980 1109 2065 1155 τις

483 1195 811 1263 ἀγνοοῦντος
841 1191 935 1244 τοῦ
967 1190 1262 1260 βασιλέως·
1301 1190 1507 1250 ἐκεῖνος
1541 1187 1648 1258 γὰρ
1688 1188 1782 1240 καὶ
1817 1188 1872 1250 ἐς
1911 1185 2065 1248 τέλος

480 1291 582 1362 τὴν
614 1280 854 1358 ὖποψξαν
891 1291 1095 1354 ταύτην
1121 1283 1207 1356 [Ρ.
1241 1280 1366 1354 197]
1400 1281 1804 1349 διεφυλάττετο.

482 1454 577 1519 ιη’.
610 1448 812 1512 Ὅπως
836 1447 884 1519 Δό
933 1441 1156 1519 ἰῳσῂρ
1185 1438 1262 1519 τῷ
1302 1436 1587 1505 Γερμανῷ
1614 1434 2066 1519 συνεϐούλευεν

817 1513 1145 1570 ἀποθέσθαι
1172 1511 1286 1577 τὴν
1310 1508 1723 1578 πατριαρχίαν.

557 1650 667 1710 Καὶ
696 1651 760 1725 δὴ
798 1652 891 1705 τοῦ
931 1648 1196 1721 βασιλέως
1242 1646 1506 1710 ἐνδόντος,
1559 1646 1618 1697 ὲν
1671 1643 2007 1718 ἀπορρήτοις
2037 1642 2064 1696 6

496 1747 694 1818 Ἰωσὴφ
722 1746 798 1816 τῷ
830 1742 1097 1813 Γερμανῷ
1130 1738 1370 1813 προσιὼν
1392 1743 1448 1793 ὲν
1476 1739 1719 1809 σχήματι
1754 1734 2063 1805 συμϐούλου

2170 623 2437 693 μοναχοῦς
2465 625 2940 695 ἁποφοιτήσαντας
2969 624 3080 677 τῶν
3105 622 3300 694 μονῶν,
3334 618 3425 687 αἷς
3451 623 3724 695 magna”

2168 714 2589 784 ὲγγηράσαντες
2620 719 2733 781 τοῖς
2765 715 3091 788 άσκητικοῖς
3125 714 3345 780 πόνοιςς
3389 716 3436 768 εἰ
3471 714 3517 769 δ’
3548 716 3635 769 ἐπὶ
3665 720 3724 790 τῇ

2168 807 2407 879 Εὑλογίᾳ
2437 806 2682 881 θαρρεῖς,
2730 808 2848 864 ἀλλ’
2885 808 2961 862 ἴδε
2989 808 3089 880 τὴν
3114 807 3351 879 ἀδελφὴν
3389 807 3556 876 αὐτῆς
3584 808 3727 878 Μάρ-

2168 900 2289 965 θαν,
2327 899 2403 954 ἴδε
2429 901 2529 965 τὰς
2580 902 2756 973 αὐτῆς
2813 901 3147 972 θυγατέρας,
3180 901 3328 963 ὅπως
3370 901 3449 972 τῷ
3492 902 3729 973 Ἀρσενὶῳ

2171 992 2585 1061 προστετὴκασι
2619 993 2714 1047 καὶ
2753 991 2848 1046 σοῦ
2893 992 3259 1062 ὀλιγωροῦσιν
3291 991 3366 1055 ὠς
3403 990 3647 1061 μηδενός.
3675 994 3728 1045 0!

2169 1080 2225 1136 δὲ
2251 1086 2526 1153 κοσμικοὶ,
2562 1084 2679 1139 ἀλλ’
2717 1085 2817 1138 οὐκ
2847 1084 2954 1156 ἔχω
2995 1102 3078 1138 σοι
3105 1084 3286 1152 λέγειν
3318 1086 3470 1147 ὅπως
3499 1082 3573 1155 τῷ
3614 1084 3728 1137 ’Υα-

2169 1175 2337 1242 κίνθῳ
2368 1175 2726 1246 πρόσκεινται
2761 1180 2857 1231 καὶ
2909 1180 2974 1247 τῇ
3021 1177 3471 1247 Νοστογγονίσσῃ
3515 1163 3726 1249 μοναχῇ,

2170 1267 2237 1339 ἢν
2264 1267 2501 1339 ἀδελφὴν
2534 1262 2682 1334 οἶδας
2713 1269 2882 1323 οὖσαν
2908 1270 3196 1333 Θεοδοσίας
3229 1272 3325 1324 καὶ
3367 1271 3611 1325 Ἰωάννου
3635 1272 3731 1324 τῶν

2166 1364 2500 1433 εἰρημένων.
2534 1364 2599 1417 Τί
2639 1364 2771 1434 γοῦν
2800 1382 2883 1418 σοι
2906 1366 3096 1420 λοιπὸν
3126 1365 3667 1437 ἐναπολειφθήσεται,
3687 1366 3734 1417 ετ

2168 1471 2233 1526 γε
2283 1456 2375 1507 καὶ
2425 1454 2679 1524 βασιλεὺς
2731 1456 2985 1510 ἀπειπὼν
3015 1458 3304 1523 ἀπολείψοι
3361 1474 3461 1526 σε;
3518 1456 3730 1512 σπεῦσον

2172 1546 2311 1615 μετὰ
2340 1548 2508 1619 τιμῆς
2533 1547 2793 1616 ἐξελθεῖν,
2820 1550 2893 1615 ὡς
2928 1551 3122 1620 καιρὸν
3150 1548 3295 1621 ἔχεις
3321 1551 3417 1604 τοῦ
3442 1553 3534 1620 ἀφ’
3559 1552 3730 1605 ἑαυτοῦ

2171 1642 2454 1711 πράττειν,
2491 1644 2567 1715 μή
2613 1662 2730 1708 πως
2783 1645 3108 1709 ἐπιστάντος
3145 1662 3227 1699 σοι
3266 1643 3364 1699 τοῦ
3402 1644 3591 1717 καιροῦ
3628 1645 3730 1700 καθ’

2169 1735 2229 1789 ὃν
2277 1737 2591 1808 ἀδουλήτως
2645 1737 2910 1807 πράττειν
2945 1738 3368 1809 ἀναγκασθήσῃ,
3417 1739 3513 1791 καὶ
3545 1738 3731 1804 γέλωτα

482 1839 727 1913 χρηστοῦ
758 1839 857 1910 τὴν
893 1835 1261 1907 πατριαρχξαν
1294 1832 1677 1887 συνεϐούλευεν
1727 1828 2056 1883 ἀποθέσθαι.
2091 1843 2135 1899 Β
2165 1831 2372 1908 δςρλειις,
2402 1831 2710 1902 ἀποχωρῶν
2742 1832 2842 1902 τῆς
2865 1832 3163 1903 ἐκκλησίας
3195 1835 3287 1885 καὶ
3312 1832 3486 1887 ἄκων.
3527 1851 3543 1883 ι
3570 1831 3731 1884 Ταῦτα

488 1933 662 1987 ιιολυν
691 1932 798 2002 γὰρ
846 1927 986 1982 εἶναι
1033 1927 1122 1982 τὸν
1155 1929 1416 1997 τάραχον.
1455 1927 1549 1978 καὶ
1579 1926 1677 1993 οὐχ
1711 1918 1823 1976 οἷόν
1857 1924 1904 1974 τ’
1951 1921 2070 1974 ἔσε-

489 2026 615 2081 σθαι
649 2026 707 2089 ξς
740 2023 959 2095 μακρὰν
991 2022 1269 2092 ἀντισχεῖν
1311 2018 1550 2084 ἐκείνου,
1602 2015 1703 2071 κᾶν
1738 2018 1861 2068 ὅσον
1914 2015 2067 2089 παρὰ

484 2119 582 2188 τοῦ
622 2117 885 2188 βασιλέως
915 2116 1230 2185 συνέχοιτο’
1272 2113 1611 2181 ἀπαυδήσειν
1645 2109 1754 2179 γάρ
1810 2124 1940 2161 ποτε
1974 2109 2070 2162 καὶ

489 2184 652 2264 αὐτὸν
705 2207 935 2281 βασιλέα
989 2184 1234 2278 μαθόντα
1271 2204 1331 2258 τὸ
1367 2205 1597 2275 σχίσμα.
1626 2223 1644 2255 ι
1694 2206 1759 2258 Ἣ
1806 2206 1903 2276 οὐχ
1936 2202 2070 2272 ὁρᾷς

483 2304 679 2358 ὁπόσοι
711 2321 771 2357 τε
797 2303 945 2373 ἀμφὶ
969 2302 1062 2355 τὸν
1104 2298 1395 2355 Ὑάκινθον
1424 2300 1614 2353 ὀπόσοι
1655 2300 1703 2352 τ’
1734 2297 1889 2359 αὖθις
1923 2300 2071 2371 ἀμφὶ

488 2399 590 2469 τὴν
616 2398 908 2451 Ηεοδοσίαν
952 2394 1050 2449 καὶ
1092 2393 1185 2450 τὸν
1222 2391 1559 2462 αὐτάδελφον
1589 2390 1761 2461 αὐτῆς
1815 2391 2069 2458 Ἰωάννην

484 2492 583 2546 τδν
608 2491 707 2560 τῆς
735 2490 969 2560 Μάρθας
1009 2487 1104 2542 καὶ
1132 2485 1233 2557 τὴν
1276 2484 1571 2555 ἐτεροθαλῆ
1603 2484 1837 2554 ἀδελφὴν
1887 2483 2070 2538 αὐτῶν

488 2678 549 2725 ut
582 2668 849 2739 oportuit,
887 2666 1138 2722 nascenti
1171 2674 1225 2720 et
1251 2662 1565 2735 augescenti
1586 2662 1742 2739 malo
1766 2663 2068 2719 remedium

488 2734 716 2832 obiecit.
753 2756 956 2812 Mutata
986 2758 1150 2830 igitur
1194 2734 1467 2811 svntentia
1520 2734 1824 2826 imperator
1864 2755 2071 2809 multus

481 2854 595 2922 jam
621 2861 738 2906 erat
761 2852 817 2907 in
846 2849 1205 2922 disquirendu
1234 2864 1423 2905 secum
1454 2864 1560 2919 qua
1595 2851 1834 2902 maxima
1858 2848 2071 2903 ratione

488 2956 677 3017 posset
702 2949 967 3015 consequi
1004 2952 1063 2999 ut
1086 2960 1117 2999 e
1140 2944 1340 2998 throno
1365 2941 1671 2998 Germanus
1701 2952 2068 2995 amoveretur.

484 3036 762 3107 Cupiebat
815 3038 1103 3095 consilium
1161 3021 1457 3092 ultioinde
1504 3034 1795 3091 recedendi
1853 3051 1955 3104 per
2009 3050 2071 3089 se

493 3134 643 3186 illum
670 3147 891 3199 capere.
945 3131 1102 3198 Quod
1136 3147 1261 3186 cum
1307 3131 1359 3185 ei
1407 3144 1698 3201 suggerere
1733 3129 1910 3195 pudor
1936 3143 2070 3183 suns

2175 1925 2275 1994 μὲν
2306 1923 2401 1977 οὖν
2438 1925 2648 1989 ἐκεῖνος
2682 1927 2740 1978 ἐν
2799 1925 3088 1997 ὑποθήκης
3116 1925 3308 1996 τρόπῳ
3342 1926 3482 1994 πρὸς
3527 1925 3612 1977 τὸν
3654 1925 3733 1976 ἐπὶ

2172 2004 2285 2079 τοῦ
2322 2002 2717 2088 πατριαρχειου
2752 2018 3000 2088 συνεῖρεν
3022 2032 3038 2048 ⁸
3092 2016 3209 2070 ἀλλ’
3241 2018 3273 2087 ὴ
3324 2014 3509 2086 ὄρεξις
3568 2017 3734 2085 προσί-

2175 2125 2338 2162 στατο
2368 2109 2463 2163 τοῦ
2496 2111 2811 2175 ἀκούοντος,
2862 2112 2962 2165 καὶ
2988 2114 3016 2165 6
3050 2111 3225 2180 λέγων
3263 2111 3368 2164 οὐκ
3407 2111 3609 2163 ἔπειθε.
3640 2109 3733 2162 Ποῦ

2174 2200 2282 2270 γὰρ
2321 2202 2415 2254 καὶ
2445 2204 2526 2266 εἰς
2555 2203 2681 2257 νοῦν
2726 2205 2942 2275 ἐκείνῳ,
2983 2205 3058 2267 ὼς
3089 2205 3186 2257 καὶ
3229 2203 3490 2275 βασιλεὺς
3520 2201 3732 2255 ἐπινεύει

2172 2295 2352 2349 ταῦτα
2383 2296 2477 2350 καὶ
2509 2295 2579 2351 τά
2607 2298 2706 2366 τῆς
2740 2296 3057 2367 συμϐουλῆς
3110 2297 3310 2368 Ἰωσὴφ
3345 2292 3555 2350 ἐκεῖθεν
3588 2311 3734 2364 προα-

2173 2388 2609 2459 νακέκρουσται;
2645 2390 2869 2459 Ἔμεινε
2900 2390 3031 2458 γοῦν
3055 2392 3148 2444 καὶ
3176 2391 3256 2443 ἔτι
3278 2390 3375 2443 καὶ
3407 2388 3732 2441 ὲπεστοίϐλσε

2173 2481 2472 2553 κληρικούς
2502 2499 2558 2536 τε
2586 2485 2679 2537 καὶ
2715 2484 2978 2556 ἱεράρχας
3002 2483 3352 2556 χειροτονῶν,
3382 2482 3732 2553 ἀφορῶνπρὸς

2172 2665 2354 2723 verint
2386 2665 2442 2719 in
2475 2664 2986 2721 exauctorationem
3035 2666 3149 2721 tui?
3186 2664 3308 2721 Non
3348 2668 3531 2723 cernis
3564 2683 3731 2722 mona-

2174 2758 2311 2813 chos
2335 2756 2614 2812 turmatim
2652 2758 2722 2813 ad
2770 2758 3019 2813 eamdem
3066 2760 3369 2831 urgendam
3410 2772 3733 2831 erumpentes

2172 2848 2452 2909 claustris,
2486 2850 2688 2920 quibus
2736 2852 3099 2906 insenuerant
3147 2853 3406 2907 asceticis
3459 2854 3733 2907 insudande

2174 2939 2502 2996 laboribus?
2531 2939 2736 2996 Contra
2767 2958 2887 3012 quae
2918 2943 2962 2997 si
2994 2941 3237 3016 Eulogite
3266 2946 3516 3015 potentia
3548 2953 3595 3000 te
3621 2956 3732 2997 sat's

2173 3035 2445 3089 munitum
2479 3042 2663 3106 putas,
2698 3044 2752 3090 at
2799 3044 3052 3107 reputare
3091 3045 3143 3091 te
3170 3046 3396 3106 oportet
3421 3053 3551 3107 opes
3580 3036 3729 3091 ferme

2176 3143 2339 3197 pares
2389 3127 2441 3180 in
2481 3128 2814 3183 contrariam
2843 3145 2955 3182 non
2990 3128 3160 3184 dubie
3207 3128 3412 3184 addita:
3465 3129 3729 3184 factionem

484 3239 599 3277 non
637 3224 863 3290 sineret,
918 3224 1143 3293 optabat
1196 3223 1447 3278 alicunde
1496 3221 1731 3292 aliquem
1803 3222 2069 3277 exsistere
2097 3212 2141 3272 C
2174 3220 2384 3275 sororis
2414 3219 2534 3288 ejus
2561 3219 2809 3277 Marthae.
2843 3220 3151 3276 Considera
3183 3221 3390 3292 quippe
3431 3221 3565 3277 ﬁlias
3590 3222 3728 3289 hujus

492 3316 726 3370 liberum
781 3315 1135 3379 monitorem,
1166 3315 1258 3384 qui
1310 3315 1544 3369 suadere
1589 3316 1798 3369 homini
1843 3313 2072 3368 auderet

482 3411 714 3479 utquod
748 3424 941 3463 onmes
992 3408 1372 3475 desiderarent
1409 3415 1705 3478 acetiparet
1766 3407 1956 3463 volens
1991 3407 2068 3462 ia-

482 3513 622 3553 cere
678 3513 747 3554 ac
803 3500 912 3553 vim
973 3500 1200 3555 arbitrio
1279 3511 1652 3571 prazverteret.
1706 3500 2069 3575 Commodum

491 3589 669 3647 adfuit
715 3590 853 3646 inid
894 3590 1054 3663 cilicii
1106 3602 1332 3662 paratus
1384 3594 1503 3664 ipse
1551 3595 1763 3664 primus
1806 3595 2068 3649 triearum

483 3683 691 3740 artifex
745 3685 932 3739 talium
991 3685 1284 3758 Josephns,
1341 3690 1581 3744 monitus
1625 3698 1830 3754 tamen,
1868 3698 1925 3744 et
1990 3689 2074 3741 in.

482 3776 695 3832 Btinctu
753 3793 959 3847 pronus
1025 3779 1080 3834 in
1143 3780 1312 3844 idem,
1367 3784 1614 3850 periculo
1645 3784 1794 3838 velut
1849 3785 2073 3855 proprio

491 3873 808 3926 tentandum
839 3873 889 3926 id
918 3879 1160 3939 stunere',
1201 3889 1303 3929 nec
1333 3874 1496 3946 292
1529 3892 1636 3945 prie
1664 3893 1722 3931 se.
1745 3876 1889 3932 ferre
1924 3894 2062 3933 con-

481 3980 713 4020 sensum
760 3966 819 4021 in
851 3969 954 4021 hoc
988 3968 1157 4022 ullum
1221 3977 1318 4022 aut
1368 3969 1760 4024 conscientiam
1801 3970 2071 4044 Augusti;

480 4072 652 4126 quam
720 4057 811 4113 ille
866 4061 1174 4115 eautionem
1250 4060 1357 4115 ad‘
1397 4060 1564 4116 ﬁnem
1620 4078 1795 4133 usque
1861 4065 2068 4137 negotii

483 4147 721 4225 ﬁdeliter
751 4150 1024 4214 adhibuit,
1072 4151 1446 4222 suspicionem
1476 4153 1600 4207 talis
1651 4154 1954 4210 molitionis
1998 4157 2069 4211 ab

484 4239 819 4310 imperatore
886 4253 1164 4312 avertens,
1214 4251 1269 4297 et
1305 4242 1476 4299 videri
1527 4244 1792 4301 aﬂeetaus
1849 4248 2074 4317 proprio

484 4333 714 4410 nomine
762 4347 825 4387 ac
850 4332 1056 4403 judicio
1080 4334 1134 4389 id
1184 4348 1370 4405 agere.

521 4491 611 4545 $8.
638 4488 713 4545 Ut
751 4489 1014 4562 Joseplms
1065 4489 1327 4547 Germano
1377 4498 1604 4549 suaserit
1640 4495 2031 4550 abdicationau

1062 4565 1483 4632 patriarclzatus.

567 4698 733 4768 Igitur
785 4700 935 4753 clam
992 4700 1337 4756 concedente
1402 4701 1737 4773 imperatore
1792 4702 2066 4775 Josepbus

485 4805 695 4846 arcano
721 4790 1052 4846 Germanum
1080 4795 1298 4859 adiens,
1330 4795 1517 4864 specie
1534 4810 1604 4849 ac
1636 4810 1872 4866 persona
1902 4797 2070 4854 bene-

490 4880 599 4934 VnIi
633 4881 935 4936 consiliarii
988 4888 1264 4955 suggessit
1311 4883 1519 4954 Optime
1579 4885 1853 4941 facturum
1916 4889 2066 4946 illum

489 4975 538 5028 si
573 4974 716 5028 ultro
761 4975 1135 5046 patriarchatu
1174 4977 1432 5032 cederet:
1473 4978 1836 5035 intumescere
1863 4982 2069 5054 quippe

491 5066 775 5139 vulgarem
811 5066 1177 5122 oﬁ'ensionem
1228 5069 1283 5121 in
1316 5070 1516 5124 molem
1553 5069 1772 5131 invidiae
1803 5083 1912 5128 tam
1944 5076 2075 5132 vali-

488 5160 644 5226 dam,
673 5161 760 5215 cui
802 5175 951 5235 mox,
987 5161 1081 5217 ubi
1114 5162 1278 5230 paulo
1317 5160 1443 5232 plus
1483 5178 1543 5218 se
1600 5166 2064 5235 corroboraverit,

492 5255 920 5322 perrumpenda:
950 5268 1050 5324 par
1081 5269 1189 5308 non
1218 5254 1291 5309 sit
1325 5254 1564 5312 futurus.
1595 5256 1708 5313 Nec
1734 5258 1936 5316 {aventi
1966 5262 2070 5318 sibi

490 5350 744 5417 Augusto
773 5345 1006 5401 nimium
1059 5345 1284 5402 ﬁderet:
1315 5357 1370 5402 et
1429 5348 1604 5418 ipsum
1650 5351 1798 5409 enim
1843 5368 1940 5422 pro
1971 5369 2069 5409 sua

491 5438 786 5506 sapientia.
830 5438 998 5493 simul
1051 5439 1347 5495 invaluisse
1403 5443 1647 5498 schisma
1695 5444 1913 5511 viderit,
1968 5448 2068 5504 niti

489 5535 686 5582 contra
729 5536 1033 5584 torrentem
1067 5528 1275 5584 frustra
1308 5537 1365 5584 et
1390 5532 1636 5600 pernicie
1687 5544 1837 5590 certa
1860 5536 2069 5591 desitu-

488 5635 636 5674 rum.
697 5622 815 5691 «Art
852 5622 1023 5689 enim,
1055 5622 1319 5687 addebat,
1366 5639 1476 5679 non
1524 5626 1674 5682 vides
1703 5644 1864 5698 quam
1915 5630 2070 5686 multi

482 5728 612 5769 cum
647 5715 974 5786 Hyacintho,
1000 5732 1165 5787 quam
1196 5717 1358 5772 multi
1394 5734 1588 5774 rursus
1609 5735 1735 5776 cum
1764 5722 2070 5779 Theodosia

482 5807 769 5879 Iratreque
826 5808 1001 5879 ipsius
1056 5809 1271 5867 Joanne
1332 5810 1561 5868 Marthae
1608 5814 1722 5870 tilio
1770 5824 1827 5871 ct
1878 5831 2071 5872 sorore

486 5901 688 5959 horum
739 5918 807 5960 ex
837 5903 947 5960 alio
994 5916 1230 5976 parente
1284 5906 1715 5981 Nostongonissa
1786 5910 2072 5980 conspira-

2174 3326 2233 3369 ut
2260 3315 2522 3369 studeant
2550 3314 2808 3380 Arsenio,
2841 3322 2902 3369 ut
2932 3314 2988 3368 in
3022 3315 3142 3385 ejus
3177 3313 3421 3369 favorem
3468 3314 3732 3368 vehemetk

2178 3417 2263 3463 ter
2292 3408 2636 3473 incumbant,
2666 3417 2721 3462 ut
2755 3422 2806 3464 te
2834 3424 2934 3479 pro
2957 3407 3109 3463 nullo
3133 3419 3188 3463 et
3211 3409 3557 3480 supposititio
3580 3407 3727 3476 palam

2175 3512 2459 3572 spernant.
2495 3501 2636 3569 Quid
2666 3502 2991 3558 saeculares?
3026 3501 3214 3558 dicere
3242 3502 3339 3558 tibi
3374 3519 3565 3558 vereor
3585 3517 3725 3572 quam

2174 3594 2453 3651 indivulse
2503 3596 2824 3652 adhaereant
2864 3594 3172 3668 llyacintbo
3200 3607 3254 3652 et
3311 3597 3728 3666 Nastongonissre

2181 3691 2492 3756 monachae,
2554 3706 2717 3760 quam
2793 3689 3117 3746 Theodosia:
3180 3706 3246 3746 ac
3302 3689 3534 3747 Joannis
3594 3691 3728 3746 modo

2181 3795 2609 3838 memoratarum
2639 3798 2887 3840 sororem
2914 3785 3084 3841 nosti.
3123 3783 3263 3850 Quid
3295 3785 3464 3855 igitur
3521 3786 3608 3840 tibi
3654 3783 3729 3838 ﬁet

2182 3872 2400 3943 reliqui,
2432 3875 2474 3928 si
2526 3877 2805 3944 Augustus
2858 3887 3006 3931 metu
3052 3875 3370 3932 schismatis
3403 3879 3638 3949 adigatur
3673 3876 3727 3929 ad

2180 3976 2231 4020 te
2259 3968 2664 4023 deserendum?
2702 3969 2997 4036 Praeverte,
3051 3970 3097 4025 si
3125 3971 3259 4025 mihi
3299 3972 3502 4035 credis,
3529 3970 3727 4042 ignomi-

2174 4058 2621 4124 niam,etfes1ina
2640 4076 2764 4114 eum
2782 4062 2989 4115 honore
3009 4061 3138 4116 inde
3152 4062 3472 4132 exire,undc
3489 4077 3606 4116 mox
3623 4076 3723 4113 cum

2179 4148 2341 4221 293
2381 4148 2647 4206 dedecore
2690 4152 3070 4209 extrudendus
3124 4168 3207 4209 es.
3247 4152 3424 4210 Breve
3462 4162 3619 4211 restat
3653 4164 3727 4205 tuo

2182 4242 2422 4311 spatium
2451 4241 2703 4307 arbitrio,
2759 4243 2944 4298 brevis
2974 4253 3059 4299 est
3106 4247 3326 4301 occasio
3354 4246 3649 4303 voluntarie
3673 4259 3726 4296 ac

2175 4333 2397 4411 laudate
2420 4334 2776 4406 del‘ungendi.
2800 4335 2857 4391 Si
2877 4336 3318 4408 negligis,statim
3345 4349 3556 4410 tempus
3577 4336 3727 4392 aderit

2184 4442 2293 4496 quo
2333 4427 2447 4497 jam
2472 4437 2698 4483 coactus
2722 4438 2778 4483 et
2820 4444 2946 4484 cum
2982 4431 3098 4485 risu
3141 4431 3468 4487 aemulorum
3524 4430 3723 4487 ecclesia
3816 4506 3821 4511 1

2176 4519 2384 4574 invitus
2444 4521 2711 4576 excedere
2769 4522 3138 4592 conipellaris.
3176 4541 3197 4576 ο
3228 4523 3358 4579 Haec
3407 4524 3520 4589 ille,
3549 4523 3629 4578 ﬁdi
3678 4534 3725 4577 se

2178 4610 2390 4666 consilii
2415 4611 2741 4667 benevolum
2778 4621 3064 4669 auctorem
3090 4614 3299 4681 ferens,
3333 4614 3723 4686 patriarcbalent

2177 4704 2503 4776 dignitatem
2574 4707 2788 4778 gerenti
2842 4706 3137 4779 suggessit.
3197 4707 3305 4763 Sed
3373 4726 3483 4764 non
3551 4706 3723 4779 reperit

2175 4797 2385 4854 aditum
2441 4799 2495 4854 in
2555 4800 2829 4855 audientis
2898 4807 3083 4856 animo
3153 4803 3417 4858 aviditate
3476 4804 3528 4857 in
3581 4810 3719 4872 gustu

2176 4891 2465 4960 praesentis
2524 4890 2657 4947 boni
2719 4892 2897 4948 deﬁxa
2959 4903 3343 4965 praeoccupato
3405 4895 3575 4965 qualis
3628 4892 3715 4946 ista

2175 4997 2394 5053 cunque
2449 4984 2777 5056 suggestio:
2828 4986 3106 5055 quomodo
3160 4988 3309 5041 enim
3346 4988 3396 5043 id
3437 4978 3716 5058 persuaderi

2176 5073 2281 5127 sibi
2329 5072 2637 5130 Germanus
2686 5075 2917 5141 sineret,
2978 5079 3242 5148 ignorans
3299 5093 3409 5149 quo
3464 5079 3717 5132 inclinaret

2175 5165 2499 5237 imperator,
2539 5181 2604 5221 ac
2642 5183 2712 5222 ne
2778 5169 3048 5239 suspicari
3095 5171 3318 5240 quidem
3373 5172 3567 5225 valens,
3613 5167 3714 5222 talia

2177 5257 2287 5311 sibi
2312 5269 2450 5312 nutu
2495 5259 2741 5329 ejusdem
2783 5277 2847 5315 ac
2887 5261 3127 5330 impulsu
3173 5263 3448 5334 proponi?
3503 5260 3716 5317 Perstiiit

2174 5349 2345 5420 igitur
2398 5351 2581 5407 adhuc
2642 5352 2703 5406 in
2760 5354 3049 5423 pmposito
3114 5356 3333 5411 tuendae
3396 5352 3715 5425 possessionis

2175 5447 2362 5519 throni
2393 5460 2563 5515 seque
2592 5447 2647 5500 in
2673 5459 2736 5500 ea
2782 5444 3062 5513 ﬁrmandi,
3093 5447 3160 5502 ad
3193 5449 3296 5503 hoc
3335 5448 3585 5503 aﬂcctans
3607 5454 3715 5499 tunc

2172 5524 2315 5597 cuml
2354 5539 2592 5594 maxime
2628 5554 2788 5593 usum
2835 5548 3117 5596 ostentare
3152 5538 3390 5596 labantis
3442 5535 3709 5611 potestatis.

2174 5634 2329 5704 quasi
2358 5647 2480 5687 eam
2533 5630 2637 5687 sibi
2685 5632 2856 5687 multo
2889 5633 3039 5688 illius
3077 5634 3345 5689 exercitio
3385 5632 3549 5704 magis
3580 5643 3709 5683 asse-

2175 5735 2345 5783 reret.
2384 5726 2725 5797 Frequentes
2766 5741 2897 5799 ergo
2928 5727 3255 5783 clericorum
3283 5737 3341 5786 et
3366 5727 3706 5798 episcoporum

2170 5806 2564 5876 ordinationes
2612 5820 2929 5887 celebravit,
2980 5823 3155 5877 tretus
3215 5821 3425 5877 scilicet
3470 5821 3705 5890 ostentato

2175 5911 2445 5986 principis
2491 5910 2698 5982 favore,
2748 5912 2840 5982 qui
2878 5923 3062 5969 tamen
3115 5911 3408 5969 ludibrium
3448 5907 3707 5966 metumet
3795 5981 3799 5984 ν
