3926 6524
205 443 290 509 741
1125 438 1224 497 DE
1281 431 1674 495 MllillAELE
1728 423 2197 490 PALAZOLOGO
2240 424 2388 486 LlB.
2431 425 2521 486 ιν.

3331 410 3439 480 742

206 561 292 630 τὴν
317 555 404 611 τοῦ
445 550 774 624 κρατοῦντος
807 548 1114 620 εὐμένειαν.
1164 549 1237 600 Τὸ
1284 549 1329 602 δ’
1375 548 1464 617 ἄρ’
1493 542 1560 616 ἦν
1591 544 1756 616 χλεύη
1789 547 1828 600 Α
1862 538 2048 602 κινθος
2081 537 2312 607 μοναχδς
2335 531 2402 607 ἦν
2430 537 2492 589 ὲκ
2518 535 2744 600 δύσεως,
2776 534 2870 588 καί
2882 550 2956 630 ,γε
2993 531 3255 590 Νικαιαθι
3283 549 3446 602 γεγο-

205 653 285 706 καὶ
312 647 493 715 γέλως,
529 643 626 697 ml.
659 641 720 696 τδ
752 642 830 705 είς
859 642 1066 695 ἐκεῖνον
1104 639 1347 704 ἐλπίζειν
1391 639 1513 692 ὅσον
1546 640 1640 692 καὶ
1673 637 1752 705 τῷ

206 745 254 795 ὲν
287 737 447 809 μνίοις
497 734 792 803 Θαλάσσης,
841 733 966 785 sitsi.
1012 732 1281 800 τῆςνεὼς
1318 731 1608 796 ἀπο-πέσοι,
1665 728 1749 800 [Ρ.

207 827 316 900 198]
341 825 624 898 ’Ἀρροῦντι
657 823 948 887 σώζεσθαι.
1002 823 1145 876 Ἀλλ’
1186 825 1213 877 ὁ
1241 822 1461 892 κρατῶν
1493 822 1592 890 τὴν
1618 821 1752 874 ὑπο-

205 923 320 994 ψίαν
361 919 629 973 ἐκκλίνειν
683 918 883 971 ὲθέλων
941 917 1030 971 καὶ
1083 917 1327 986 συνέχειν
1375 918 1757 986 προσεποιεῖτο

205 1015 290 1071 καὶ
344 1011 582 1081 εὐμενῶς
646 1010 1037 1080 προσεφέρετο,
1106 1013 1201 1062 καὶ
1261 1013 1522 1079 παρεῖχεν
1565 1007 1758 1076 ἐκείνῳ

208 1111 431 1172 πλεῖστα,
466 1105 551 1173 ἐφ’
576 1098 620 1172 ᾧ
651 1105 818 1174 διδοίη
850 1106 946 1157 καὶ
985 1105 1086 1164 τὰς
1128 1104 1236 1156 τῶν
1271 1103 1482 1156 πολλῶν
1506 1102 1759 1167 ἐξωνοῖτο

206 1201 432 1270 γνώμας,
457 1199 598 1251 ὥστε
631 1198 844 1267 καὶτῆς
879 1196 987 1250 τῶν
1018 1197 1185 1267 βαῒων
1211 1197 1403 1264 ἑορτῆς
1433 1196 1756 1264 ἐπιστάσης,

209 1297 282 1349 ὅτε
314 1293 404 1346 καὶ
434 1294 464 1362 ἡ
502 1292 742 1362 συνήθης
777 1292 836 1356 ἐξ
863 1291 1062 1361 ὄρθρου
1096 1291 1340 1344 λιτανεία
1370 1290 1758 1350 τελεῖται,ἀύ-

207 1385 283 1446 τὺς
320 1382 534 1451 πέμψας
567 1381 797 1434 πλεῖστα
845 1381 903 1448 ἐξ
940 1381 1184 1452 ἀργύρου
1215 1382 1308 1433 καὶ
1352 1379 1556 1451 χαλκοῖ)
1603 1381 1760 1448 νομί-

215 1493 377 1546 σματα
409 1475 542 1544 πρὸς
575 1473 670 1526 τοῦ
702 1474 1034 1543 κρατοῦντος
1069 1474 1366 1543 ἐλάμϐανε.
1401 1474 1494 1526 καὶ
1527 1471 1762 1542 apt-.556-

215 1585 288 1618 σιν
309 1564 566 1619 ἐνδεῖσθαι
619 1568 1046 1634 παρασκευάσας
1076 1565 1147 1618 τὰ
1198 1565 1444 1637 συνήθως
1489 1564 1764 1633 λεγόμενα

212 1658 494 1722 ἑπικόμπια
523 1657 617 1709 καὶ
647 1658 830 1721 αὐτὸς,
873 1659 1034 1728 μέχρι
1077 1658 1170 1712 καὶ
1203 1659 1310 1711 τῶν
1349 1659 1765 1729 τεσσαράκοντα

215 1749 484 1818 μαέτὺρων
537 1748 636 1818 τὴν
684 1749 837 1818 λιτὴν
874 1751 1232 1814 κατατείνων,
1290 1751 1504 1819 ῥιπτεῖν
1544 1749 1764 1803 ἐκέλευε

213 1842 277 1913 τῷ
307 1840 434 1910 λαῷ.
469 1842 580 1894 Καὶ
619 1841 826 1896 τοιαῦτ’
854 1840 994 1913 ἦσαν
1026 1844 1094 1896 τὰ
1129 1843 1266 1912 πρὸς
1296 1844 1504 1898 ἐκεῖνον
1534 1843 1628 1896 τοῦ
1667 1842 1767 1913 βα·

221 1934 392 1996 σιλέως
443 1935 910 2005 ἐπικαλύμματα,
957 1937 1044 2006 ἐφ’
1196 1937 1271 2008 μὴ
1326 1935 1594 2008 γνωσθείη
1646 1955 1720 2007 μη

213 2027 574 2098 ἀμηγέπη-τὴν
605 2030 818 2083 ἐκείνου
845 2028 1018 2082 θέλων
1050 2030 1348 2094 ὲξέλευσιν.

215 2139 287 2193 ιϐ’.
317 2141 448 2210 Περὶ
488 2141 819 2206 Ὑακίνθου,
849 2141 1018 2265 ὅστιὲ
1051 2142 1148 2196 καὶ
1178 2142 1338 2210 ὅθεν,
1363 2141 1459 2195 καὶ
1485 2141 1605 2197 τῶν
1638 2141 1771 2212 περὶ

870 2230 982 2265 αυτ
1019 2230 1077 2265 ν.

870 2230 1077 2266 αυτον.

274 2305 340 2358 Οὖ
371 2308 546 2376 χεῖρον
593 2306 651 2360 δὲ
685 2306 866 2375 λέγειν
916 2309 1008 2360 καλ⁴
1057 2306 1126 2360 τὰ
1182 2307 1311 2377 περὶ
1354 2306 1643 2361 Ὑακίνθου
1676 2307 1773 2360 καὶ

212 2395 366 2464 αὐτῆς
399 2397 458 2469 δὴ
491 2399 780 2462 Θεοδοσίας
838 2399 935 2452 καὶ
1001 2399 1250 2452 Ἰωάννου
1303 2401 1396 2453 καὶ
1446 2400 1546 2469 τῆς
1594 2400 1772 2454 αὐτῶν

215 2489 544 2561 ἑτεροθαλοῦς
574 2493 676 2563 τῆς
729 2491 1227 2563 Νοστογγονίσσης.
1271 2493 1332 2544 '0
1384 2493 1484 2562 μὲν
1517 2487 1610 2546 οὖν
1647 2491 1774 2545 ’Υά-

215 2671 378 2726 irrisio
432 2681 582 2738 erat;
636 2675 723 2727 cui
777 2689 932 2728 vanaa
975 2672 1318 2727 simulationi
1372 2673 1775 2734 benevolentiae

216 2765 304 2819 niti
337 2782 453 2821 eum
487 2783 822 2839 magnopere
851 2768 1032 2823 simile
1067 2767 1328 2821 nimirum
1381 2767 1486 2822 fuit
1513 2768 1772 2838 quiddam

220 2874 276 2914 ac
311 2861 498 2930 siquis
546 2863 819 2932 navigans
870 2871 1129 2929 spumosa
1180 2859 1467 2929 superﬁcie
1517 2862 1774 2917 undantis

217 2953 385 3016 maris,
407 2968 586 3008 crusta
619 2959 856 3022 quadam
892 2953 1036 3006 fluxa
1084 2953 1450 3006 innatantium
1508 2954 1769 3019 sordium,

218 3045 436 3100 muscosi
466 3046 696 3116 cespitis
727 3056 822 3099 aut
855 3045 1076 3115 ingesta:
1106 3045 1287 3098 arenis
1344 3045 1477 3116 algae
1528 3047 1776 3101 solidita-

220 3148 311 3189 tem
337 3138 668 3201 mentientis,
707 3138 964 3192 sustineri
998 3153 1056 3192 se
1087 3149 1328 3206 speraret
1382 3154 1563 3208 posse,
1612 3149 1774 3208 atque

1725 1905 1842 1990 δςΒ

1858 635 1962 697 νὼς
1989 635 2044 687 ἐν
2071 652 2180 687 τινι
2201 631 2294 686 τοῦ
2316 632 2760 702 ἀρχιστρατήγου
2786 629 2918 699 ναῷ,
2943 630 3113 697 ἐγγὺς
3137 629 3234 682 τοῦ
3263 630 3446 682 ἐκεῖσε

1860 727 2254 800 πατριαρχείου
2303 724 2683 794 προσκαθίσας
2731 724 2876 788 ξένος
2926 739 2984 775 τε
3027 723 3121 776 καὶ
3165 721 3346 788 ἀγνὼς
3375 725 3447 776 τὰ

1859 823 2108 886 πλεῖστα,
2141 819 2338 881 παῖδάς
2375 835 2436 871 τε
2463 816 2804 884 ἐπισυνάγει,
2841 816 2938 868 καὶ
2967 813 3193 878 τούτους
3227 816 3449 883 ἀνάγων

1861 919 1928 969 τὰ
1957 915 2036 976 είς
2059 911 2425 982 προπαιδείαν
2450 908 2735 982 ἐπορίζετο
2771 910 2871 969 τὰς
2905 910 3132 978 τροφάς.
3178 909 3340 962 Ἀλλὰ
3371 906 3451 978 τῷ

1861 1009 2180 1078 πατριάρχῃ
2229 1004 2700 1076 προσαγγέλλεται
2751 1003 2825 1066 ὡς
2859 1003 3021 1074 δῆθεν
3060 1003 3314 1056 ἁτακτιῗνν
3351 1020 3452 1072 μο-

1864 1101 2024 1171 ναχδς
2063 1100 2261 1162 παῖδας
2298 1098 2666 1151 ἐκδιδάσκωνο
2703 1097 2796 1149 καὶ
2827 1095 2884 1158 ὃς
2921 1095 3319 1166 προσεκαλεῖτο
3349 1095 3448 1149 καὶ

1863 1191 2142 1261 ἀνηρώτα,
2175 1191 2266 1243 καὶ
2293 1191 2418 1244 ἐπεὶ
2447 1190 2619 1254 δεξιὸν
2646 1188 2792 1260 ἐώρα
2825 1189 2918 1242 τὸν
2946 1189 3113 1260 ἄνδρα
3148 1188 3240 1240 xxi
3273 1188 3450 1249 ἄλλως

1863 1285 1996 1354 ἀδεῆ
2021 1301 2078 1336 τε
2126 1285 2222 1337 καὶ
2251 1284 2307 1346 ἐς
2345 1281 2663 1355 παρρησίαν
2715 1282 2954 1351 ἕτοιμον,
2989 1278 3056 1353 ἦν
3103 1283 3147 1335 δ’
3177 1282 3250 1344 ὡς
3293 1284 3452 1350 ἔλεγε

1868 1378 1963 1430 καὶ
1992 1376 2101 1430 τῶν
2132 1376 2470 1447 ἱερωμένων,
2509 1374 2922 1444 προσλαμϐάνει
2946 1393 3004 1428 τε
3029 1374 3217 1428 τοῦτον
3254 1360 3452 1439 κα“ι’ὠς

1869 1469 2057 1540 οἰκείῳ
2093 1469 2314 1537 ἐχρῆτο.
2349 1463 2481 1520 Εἶτα
2512 1466 2837 1536 συμϐάντων
2870 1467 2978 1520 τῶν
3010 1468 3154 1521 κατὰ
3181 1468 3455 1538 πατριάρ-

1869 1579 1992 1632 χην,
2021 1561 2144 1613 ἐπεὶ
2172 1562 2263 1614 καὶ
2287 1562 2448 1622 αὐτὸς
2473 1560 2700 1630 δόκιμος
2721 1560 2899 1630 ἐφάνη
2923 1561 3064 1631 ὑπὲρ
3102 1561 3212 1614 τῶν
3239 1561 3452 1614 ἐκείνου

1871 1653 2070 1724 ζηλῶν,
2107 1653 2186 1706 ἔτι
2224 1653 2426 1724 μᾶλλον
2458 1654 2524 1707 τὰ
2555 1656 2635 1716 είς
2676 1654 2857 1724 φιλίαν
2890 1654 3086 1723 ἐκείνῳ
3120 1658 3453 1723 συνήπτετο.

1870 1749 1981 1802 Καὶ
2014 1749 2133 1801 ἐπεὶ
2165 1747 2247 1821 [Ρ.
2282 1745 2407 1819 199]
2446 1750 2500 1799 ἐν
2532 1749 2596 1816 τῇ
2648 1748 3064 1800 Κωνσταντίνου
3093 1748 3254 1801 πάλιν
3285 1750 3314 1801 ὁ
3347 1767 3458 1801 πα-

1873 1842 2144 1912 τριάρχης
2193 1841 2448 1911 ἀνήγετο,
2491 1841 2656 1908 συνῆν
2704 1841 2900 1910 ἐκείνῳ
2952 1841 3277 1904 πιστότατος
3345 1842 3461 1894 τῶν

1871 1934 2111 2000 οἰκείων,
2171 1934 2389 2003 συνάμα
2448 1935 2541 1984 καὶ
2611 1932 2858 2002 ἰγνατίῳ
2889 1932 3106 2002 Ῥοδίῳ,
3164 1935 3319 2004 ἀνδρὶ
3361 1938 3457 1988 καὶ

1870 2025 2020 2094 αὐτῷ
2084 2023 2371 2086 εὐλαϐείας
2422 2023 2623 2095 πλήρει
2684 2025 2774 2076 καὶ
2835 2027 3138 2096 μοναχικῆς
3183 2029 3457 2078 καταστὶ-

1872 2135 2030 2180 σεως.
2073 2119 2320 2185 Συνήτην
2363 2112 2455 2169 οὖν
2488 2117 2659 2186 ἄμφω
2693 2116 2771 2187 τῷ
2825 2119 3139 2188 πατριάρχῃ
3199 2119 3456 2171 κοινωνοὶ

1873 2212 1971 2264 καὶ
1998 2212 2107 2264 τῶν
2137 2211 2369 2282 θλίψεων
2410 2213 2502 2264 καὶ
2536 2211 2644 2264 τῶν
2677 2212 3084 2282 βουλευμάτων,
3116 2212 3211 2268 καὶ
3249 2213 3456 2283 μᾶλλον

1873 2306 2222 2375 ὲδεικνυέτην
2271 2303 2528 2375 ζηλοῦντε
2582 2304 2722 2369 ὑπὲρ
2778 2299 2853 2357 ὦν
2897 2304 2990 2358 καὶ
3039 2307 3066 2357 ὁ
3108 2307 3457 2376 πατριάρχης

1874 2399 2054 2468 ζηλῶν
2103 2398 2425 2467 ἠγωνίζετο.
2487 2398 2638 2449 Ἐπεὶ
2687 2396 2732 2448 δ’
2763 2397 2973 2460 ἐκεῖνος
3003 2397 3325 2468 ὲξεὸἑῦλητο
3355 2400 3456 2467 τῆς

1873 2488 2268 2559 πατριαρχίας,
2320 2489 2564 2542 κάκεῖνοι
2608 2487 2681 2550 ὼς
2720 2482 2868 2559 εἶχον
2907 2490 3302 2558 παρεισδύντες
3349 2509 3460 2559 γως

1872 2667 2052 2722 dicere
2081 2668 2148 2722 de
2170 2667 2473 2738 liyacintho
2503 2668 2678 2738 deque
2709 2667 2825 2738 ipsa
2850 2668 3153 2723 Theodosia
3178 2677 3230 2722 et
3251 2667 3462 2723 Joanne

1877 2775 2175 2828 sororeque
2215 2761 2410 2814 horum
2445 2777 2508 2815 ex
2542 2775 2696 2830 patre
2738 2762 3187 2830 Nostongonissa.
3225 2760 3463 2832 Hyacin-

1877 2859 2003 2911 thus
2056 2856 2362 2909 monachus
2419 2854 2519 2908 fuit
2585 2870 2649 2908 ex
2713 2852 3033 2916 Occidente,
3077 2853 3171 2922 qui
3218 2854 3461 2908 Nicaeam

1874 2949 2167 3019 profectus,
2227 2949 2281 3002 in
2314 2948 2549 3018 quodam
2579 2947 2750 3002 sancti
2783 2947 3020 3002 cmlestis
3073 2947 3278 3001 militia:
3306 2949 3462 3018 prin-

1875 3043 2012 3112 cipis
2043 3042 2262 3112 templo,
2297 3041 2478 3096 vicino
2522 3042 2722 3112 palatio
2753 3041 3102 3111 patriarchali
3138 3041 3283 3110 quod
3309 3041 3361 3094 in
3393 3057 3458 3095 ea

1877 3137 2008 3192 urbe
2062 3145 2167 3200 est,
2212 3138 2436 3206 degens,
2499 3136 2662 3190 homo
2713 3136 3032 3206 peregrinus
3075 3144 3130 3190 et
3183 3136 3464 3206 plerisque

220 3228 276 3280 ad
322 3239 618 3284 extremum
677 3246 706 3282 a
759 3229 1101 3284 demersione
1168 3232 1391 3294 servari,
1437 3233 1525 3285 ubi
1571 3247 1602 3286 e
1649 3235 1768 3286 navi
1801 3258 1842 3314 Ο
1877 3229 2092 3300 ignotus
2123 3245 2322 3300 pueros
2358 3228 2410 3282 in
2442 3229 2861 3282 contubernium
2912 3228 3281 3299 congregavit,
3334 3228 3460 3296 qui-

220 3323 504 3377 excidisset.
577 3323 856 3378 Caeterum
937 3323 1235 3392 imperator
1297 3338 1427 3378 suas
1504 3325 1769 3393 quasdam

223 3424 418 3469 secutus
480 3408 763 3482 ratioiies,
831 3415 902 3469 ob
977 3431 1114 3485 quas
1190 3417 1464 3470 vitandam
1548 3419 1773 3486 putabat

223 3509 569 3576 suspicionem
613 3526 817 3562 aversa:
845 3524 874 3561 a
904 3507 1178 3564 Germano
1207 3509 1524 3574 voluntatis,
1560 3512 1774 3581 egregie

222 3600 433 3668 perSIitit
503 3603 555 3655 in
638 3600 990 3656 simulatione
1054 3601 1270 3656 fovendi
1350 3603 1773 3670 protegendiqne

224 3691 400 3760 ipsum,
439 3709 542 3747 non
585 3694 766 3747 solum
797 3695 950 3747 vultu
1010 3709 1376 3763 sermoneque
1418 3694 1472 3747 in
1512 3710 1772 3765 congres-

224 3783 375 3848 sibus,
398 3787 611 3840 cunctis
643 3801 782 3841 verae
810 3786 1202 3840 benevolentia:
1231 3787 1448 3841 indiciis
1475 3799 1778 3841 monstran-

225 3873 519 3938 dis,verum
555 3878 722 3931 etiam
757 3877 1007 3946 pecuniis
1058 3878 1200 3946 large
1229 3877 1517 3942 donaudis,
1575 3881 1774 3948 quibus

225 3965 304 4020 ille
332 3968 573 4024 videlicet
608 3969 870 4023 adver~as
899 3969 1002 4022 sibi
1033 3969 1414 4024 reconciliaret
1445 3971 1773 4025 voluntates.

225 4053 328 4122 Quo
363 4059 414 4113 in
454 4077 652 4130 genere
682 4061 908 4130 etntigit
964 4061 1202 4122 instante
1256 4061 1564 4116 Palmarum
1612 4063 1772 4129 festo,

225 4163 319 4216 quo
345 4153 604 4208 solemnis
633 4154 758 4208 duci
789 4169 887 4223 per
917 4153 1106 4208 urbem
1145 4155 1472 4223 supplicatio
1522 4157 1777 4226 precibus

226 4241 557 4300 decantandis
593 4248 900 4310 consuevit,
961 4255 1022 4300 ut.
1063 4263 1184 4300 cum
1221 4247 1406 4302 missis
1440 4250 1504 4302 ad
1540 4249 1777 4319 impera-

224 4339 373 4388 torem
395 4337 506 4391 suis
532 4338 844 4407 patriarcha
872 4336 919 4391 ei
950 4336 1283 4392 conﬁdenter
1307 4339 1604 4393 indicasset
1630 4340 1774 4393 indi-

224 4439 333 4493 gere
354 4443 408 4482 se
421 4427 578 4484 lineis
601 4429 763 4482 hamo
791 4444 914 4483 esca
939 4429 1127 4482 induto
1154 4430 1454 4494 instructis,
1481 4431 1676 4499 quibus
1709 4431 1774 4485 ad

224 4529 276 4568 se
301 4517 539 4576 homines
575 4520 832 4586 traheret,
860 4520 1167 4590 intelligens
1203 4521 1295 4574 ille
1348 4532 1535 4591 petere
1591 4523 1772 4592 ipsum

1877 3325 1978 3376 bus
2009 3338 2114 3376 non
2171 3331 2380 3375 tantum
2435 3322 2736 3375 litterarum
2789 3321 3060 3374 elementa
3121 3329 3174 3373 et
3206 3319 3464 3374 liberales

1874 3422 2020 3466 artes
2044 3429 2139 3482 per
2166 3427 2224 3465 se
2249 3413 2504 3474 traderet,
2545 3412 2642 3466 sed
2686 3389 2864 3466 etiam.
2901 3411 3160 3464 alimenta
3192 3411 3454 3480 suppedi-

1880 3513 2041 3558 taret.
2084 3503 2139 3557 ld
2198 3504 2326 3557 dum
2371 3503 2478 3573 agit
2525 3503 2741 3557 delatus
2769 3502 2836 3556 ad
2871 3501 3260 3571 patriarcbam,
3303 3501 3460 3568 quasi

1877 3606 2064 3650 contra
2093 3597 2339 3650 ordinem
2371 3597 2672 3666 disciplina:
2728 3611 2888 3664 quam
2940 3596 3288 3664 profiteretur
3343 3610 3461 3648 mo-

1876 3690 2086 3743 nachus
2120 3705 2316 3757 pueros
2372 3689 2613 3752 doceret,
2672 3689 2902 3757 ideoque
2938 3690 3136 3743 citatus
3202 3690 3269 3743 ab
3315 3705 3379 3742 eo
3407 3697 3462 3741 et

1877 3798 2118 3852 pra-sens
2143 3783 2526 3852 interrogatus,
2558 3798 2766 3852 gnavus
2807 3782 3215 3851 industriosque
3264 3783 3347 3834 vir
3378 3791 3464 3835 est

1879 3877 2048 3938 visus,
2105 3885 2474 3944 prwtereaque
2538 3874 2859 3943 intrepidus,
2912 3885 2962 3927 et
3019 3875 3086 3927 ad
3136 3875 3278 3943 quod
3324 3890 3468 3943 opus

1881 3977 2028 4021 esset
2084 3969 2253 4022 libere
2322 3968 2592 4037 agendum
2650 3977 2702 4020 et
2755 3952 3088 4036 loquendum
3150 3969 3460 4037 expeditus.

1879 4058 2058 4124 Quare
2086 4073 2208 4111 cum
2245 4057 2289 4111 is
2318 4065 2583 4126 prreterea
2611 4072 2669 4111 se
2691 4057 2998 4111 sacerdotio
3033 4058 3306 4112 initiatum
3368 4059 3457 4112 di-

1881 4160 2048 4214 ceret,
2108 4151 2404 4220 assumpsit
2455 4149 2523 4203 ad
2554 4164 2613 4202 se
2647 4150 2794 4202 illum
2822 4162 2877 4203 et
2908 4149 2962 4202 in
2993 4150 3335 4205 familiarium
3367 4168 3467 4205 nu-

1883 4257 2033 4296 mero
2071 4242 2281 4296 habuit.
2318 4242 2521 4297 Deinde
2542 4259 2665 4297 cum
2695 4242 3016 4298 incidissent
3046 4259 3108 4298 ea
3136 4244 3464 4314 patriarcha:

1885 4343 2137 4408 tempora
2156 4334 2223 4388 de
2256 4334 2455 4404 quibus
2483 4334 2739 4397 diximus,
2770 4349 2891 4389 cum
2921 4335 2974 4388 in
3005 4335 3071 4390 iis
3117 4322 3464 4406 Hyacinthus

1882 4427 2040 4481 ﬁdem
2076 4437 2418 4482 constantem
2479 4437 2533 4482 et
2562 4428 2800 4482 studium
2830 4436 3061 4497 patrono
3101 4427 3300 4482 ardens
3332 4444 3466 4498 pro-

1878 4521 2078 4586 hasset,
2131 4523 2346 4576 aretiori
2377 4522 2424 4576 ei
2477 4503 2730 4575 amicitiae
2777 4519 3182 4574 necessitudine
3237 4521 3468 4589 junctus

225 4625 476 4676 nummos,
511 4616 714 4684 quibus
757 4615 1078 4668 imminente
1125 4631 1318 4684 pompa
1372 4617 1690 4686 spargendis
1719 4618 1770 4669 in
1808 4631 1850 4684 υ
1880 4624 1981 4668 est.
2014 4613 2086 4668 Ac
2127 4613 2214 4667 ubi
2273 4613 2746 4684 Constantinopoli
2778 4628 2970 4667 rursus
3033 4614 3337 4683 patriarcha
3370 4629 3465 4666 re-

224 4702 417 4771 plebam
467 4707 643 4760 stultia
676 4723 865 4776 parum
923 4707 1026 4762 sibi
1095 4706 1392 4761 faventium
1430 4717 1770 4773 emerentur,

225 4799 460 4852 continuo
491 4799 652 4870 29!;
672 4801 816 4854 misit
851 4816 1096 4870 magnam
1134 4801 1346 4870 copiam
1392 4817 1542 4855 {crete
1584 4819 1776 4873 argen-

228 4899 661 4961 tetequetnunctzr
689 4909 795 4962 qua
818 4895 904 4946 ille
927 4911 1046 4962 qum
1071 4894 1230 4963 vulgo
1257 4904 1447 4946 vocant
1471 4896 1773 4964 epicotnpia

229 4986 522 5040 rom-iuuari
585 5002 786 5042 curans
835 5002 896 5039 ea
946 4987 1141 5056 jactari
1194 4987 1363 5056 jussit
1414 4989 1466 5041 in
1510 4989 1775 5058 populum

229 5083 326 5130 toto
357 5079 528 5146 Spatia
585 5094 694 5148 quo
745 5093 939 5148 pompa
1001 5076 1424 5146 supplicantium
1486 5078 1770 5146 processit,

229 5165 284 5218 ad
340 5180 645 5224 sanctorum
716 5169 1072 5240 quadraginta
1151 5178 1447 5237 martyrum
1511 5169 1771 5235 templum

230 5266 384 5328 usque
435 5264 721 5331 producta.
781 5261 897 5316 Tali
937 5263 1165 5316 callidus
1226 5263 1522 5330 imperator
1582 5268 1774 5314 astutae

233 5347 666 5409 dissimulationis
727 5353 958 5408 artiﬁcio
1015 5352 1200 5408 fucum
1246 5352 1482 5408 faciebat
1543 5353 1772 5407 nimium

228 5444 428 5501 credulo
456 5448 703 5511 antistiti,
742 5453 812 5502 ne
842 5447 1091 5501 subolere
1122 5446 1222 5515 ipsi
1258 5446 1552 5515 quidquam
1591 5455 1776 5515 pOSSt'l

228 5546 418 5592 arcana:
467 5539 777 5606 voluntatis,
830 5556 935 5609 qua
983 5539 1233 5610 cupiebat
1283 5539 1522 5593 amoveri
1577 5555 1700 5593 eum
1746 5556 1774 5592 a

231 5628 342 5680 sede
383 5631 754 5698 patriarchali.

235 5735 310 5790 l9.
342 5738 408 5796 De
436 5745 745 5816 Hyacinthe,
797 5747 912 5816 quis
942 5755 989 5798 et
1040 5745 1174 5797 unde
1219 5756 1390 5810 esset;
1448 5763 1509 5799 ac
1562 5745 1625 5800 de
1675 5746 1773 5809 ipsi

273 5852 280 5859 ι
787 5817 1201 5870 art/mirantibus.

292 5901 396 5960 Non
424 5908 880 5984 intempestivum,
915 5909 1128 5980 opinor,
1167 5908 1331 5963 fuerit
1383 5909 1632 5978 quaedam
1687 5910 1774 5964 hic

1880 4708 2087 4777 positus
2113 4708 2166 4761 in
2201 4707 2459 4761 thronum
2501 4716 2605 4772 est,
2643 4706 2812 4760 adfuit
2852 4706 2928 4760 illi
2959 4706 3309 4760 familiarium
3370 4705 3464 4758 in-

1881 4803 2062 4865 timus,
2115 4810 2172 4855 et
2205 4801 2293 4855 cui
2340 4801 2634 4871 plurimum
2696 4800 2908 4862 ﬁderet,
2967 4799 3128 4868 295
3199 4815 3305 4852 una
3336 4813 3467 4851 cum

1880 4890 2091 4962 lgnatio
2123 4890 2354 4955 Rhodio,
2389 4891 2504 4944 viro
2533 4899 2588 4944 et
2619 4890 2738 4958 ipso
2762 4888 2982 4957 pietatis
3021 4901 3076 4942 et
3119 4887 3452 4940 monachum

1879 4982 2123 5037 decentis
2170 4983 2453 5053 gravitatis
2504 4983 2686 5053 pleno.
2741 4982 2837 5036 His
2891 4981 3123 5035 maxime
3156 4979 3372 5033 duobus
3405 4978 3464 5030 in

1879 5073 1984 5128 illis
2021 5075 2286 5146 angustiis
2315 5091 2494 5130 rerum
2529 5090 2754 5129 suarum
2809 5073 3170 5144 participibus
3191 5071 3464 5124 malorum

1878 5175 1933 5222 et
1971 5167 2322 5222 consiliorum
2359 5169 2674 5223 auctoribus
2733 5182 2866 5221 usus
2891 5176 3007 5232 est;
3075 5179 3312 5235 quorum
3360 5179 3464 5218 ex-

1879 5262 2095 5314 stabant
2156 5261 2439 5315 amborum
2503 5261 2683 5315 studia
2741 5259 2995 5315 sensibus
3069 5256 3467 5326 allectilmsque‘

1881 5354 2205 5423 patriarcha:
2255 5354 2658 5408 consentientia
2716 5368 2813 5422 per
2849 5352 3054 5406 omnia.
3111 5350 3209 5404 Illo
3239 5348 3462 5403 demum

1878 5447 2054 5515 ejecto
2105 5461 2135 5501 e
2182 5447 2532 5517 patriarchali
2572 5446 2700 5500 sede
2728 5445 3053 5499 abdiderunt
3079 5445 3134 5499 bi
3166 5458 3287 5498 sese
3309 5457 3464 5495 amo-

1880 5549 2187 5610 veruntque
2224 5556 2253 5594 a
2304 5548 2601 5609 conspectu
2639 5556 2651 5592 :
2687 5553 2797 5592 non
2844 5538 2988 5592 enim
3018 5548 3101 5593 est
3132 5537 3197 5591 iis
3224 5536 3462 5608 permis-

1879 5649 1997 5686 sum
2025 5633 2328 5687 exsulatum
2361 5631 2512 5686 eunti
2541 5647 2598 5686 se
2619 5633 2848 5687 comites
2879 5631 3102 5697 addere,
3138 5631 3465 5699 clademque

1880 5726 2022 5779 illam
2064 5741 2127 5780 ac
2175 5724 2540 5780 calamitatem
2598 5725 2702 5778 rati
2771 5724 3070 5794 propriam,
3129 5726 3182 5777 in
3211 5721 3359 5776 luctu
3395 5736 3464 5775 ac

1878 5819 2066 5872 dolore
2110 5816 2309 5870 malum
2339 5816 2693 5872 ineluctabile
2727 5817 2998 5872 ferebant.
3050 5815 3166 5871 Non
3191 5816 3282 5871 diu
3334 5819 3462 5884 post

1879 5911 1993 5965 hzec
2028 5908 2266 5981 lgnatius
2295 5908 2464 5965 vitam
2486 5925 2610 5965 cum
2669 5920 2842 5967 morte
2875 5909 3234 5968 commutavit
3267 5927 3278 5962 :
3315 5905 3460 5977 llya-
