3926 6532
463 388 568 451 753

1683 382 2011 462 GEORGII
2052 404 2534 467 mammam:

3455 296 3484 320 ο

3586 418 3677 482 Ἠι

463 509 593 562 νιῶν
623 507 855 577 ἀφανείᾳ
913 507 996 575 (οὑ
1041 505 1152 578 γὰρ
1185 507 1376 563 εῑῶντο
1416 510 1491 582 τῷ
1534 515 1848 587 πατριάρχῃ
1894 535 2048 572 συνο-
2073 519 2122 579 Α
2152 525 2243 576 καὶ
2286 524 2424 591 πρὸς
2466 524 2522 576 r6
2548 522 2840 593 μοναχικὸν
2876 516 3265 578 ἀποκλίνουσα.
3298 524 3464 594 Συνῆν
3498 524 3552 580 δὲ
3579 535 3684 583 τοῦ-

374 622 392 643 ι
464 603 677 660 παδεῖν)
695 600 763 655 τὰ
778 601 877 672 τῆς
894 601 1141 671 ἀνάγκης
1158 602 1424 672 ἀλγεινῶς
1442 606 1566 675 μὲν,
1586 607 1700 661 ἀλλ’
1728 611 2043 679 ἀναγκαίως

462 696 727 762 διέφερον.
761 694 869 747 Καὶ
895 694 922 747 6
955 694 1055 764 μὲν
1089 693 1281 763 φθάνει
1308 696 1402 748 τὸν
1436 696 1549 763 βίον
1583 700 1646 751 ὲκ
1678 700 1772 753 τοῦ
1814 700 2041 770 πλησίον

464 785 797 852 ὑπεξελθὼν,
838 784 1121 849 Ὑάκινθος
1152 786 1210 840 δὲ
1260 785 1358 840 σὺν
1392 790 1506 852 τοῖς
1534 789 1674 859 ἀμφ’
1714 792 1919 846 ἐκεῖνον
1946 792 2041 846 τὸν

465 878 744 949 βασιλικὸν
782 878 1138 950 ὑφορώμενος
1167 879 1356 947 φόϐον,
1391 881 1516 934 ἐπεὶ
1551 885 1644 937 καὶ
1677 883 1773 954 τὴν
1798 885 2039 954 ἀδελφὴν

464 972 672 1023 ἐκείνου
708 970 939 1040 Μάρθαν
970 971 1120 1043 ἑώρα
1149 972 1228 1043 τῷ
1263 974 1581 1048 πατριάρχῃ
1626 978 2037 1046 προσκειμένην

464 1067 534 1120 τὰ
563 1066 821 1135 μάλιστα,
857 1066 1038 1138 ἐκείνῃ
1076 1067 1140 1138 δὴ
1173 1071 1501 1140 προσφοιτᾷ,
1534 1071 1629 1125 καί
1670 1088 1773 1124 που
1805 1089 2034 1142 παρεισκ

461 1159 553 1221 δὺς
586 1160 653 1211 τὰ
688 1161 743 1221 ἐς
787 1160 991 1229 τροφὴν
1032 1160 1247 1213 ἐκεῖθεν
1272 1158 1404 1232 εἶχε,
1439 1164 1604 1232 μηδὲν
1634 1164 1726 1216 τοῦ
1773 1164 2037 1233 βασιλέως

461 1251 685 1313 εἰδότος.
720 1247 826 1303 THV
859 1247 953 1305 οὖν
990 1254 1055 1322 τῇ
1101 1257 1311 1324 μοναχῇ
1344 1255 1679 1326 Μάροᾳ,καὶ
1714 1259 1742 1309 6
1785 1240 2037 1326 Ἰωάννῆς

460 1347 597 1406 υίὸς.
648 1344 829 1411 Τριῶν
867 1346 975 1415 γὰρ
1010 1345 1146 1414 αὑτῇ
1187 1344 1295 1398 τῶν
1339 1346 1585 1416 ἀρρένων
1630 1346 1819 1413 ὄντων,
1855 1350 1883 1401 6
1937 1350 2035 1418 μὲν

459 1438 680 1507 Μιχαὴλ
708 1454 767 1489 τε
807 1439 900 1490 καὶ
938 1438 1276 1506 ⁹Λνδρόνικος
1300 1441 1538 1509 συνῆσαν
1569 1441 1646 1509 τῷ
1686 1441 2036 1512 βασιὶεῖ,καὶ

465 1528 586 1597 μετ’
611 1532 672 1583 οὑ
699 1530 834 1584 πολὺ
865 1530 1070 1582 τούτων
1098 1533 1125 1583 6
1156 1532 1257 1599 μὲν
1283 1531 1341 1583 τὸ
1371 1532 1465 1584 τοῦ
1498 1532 1739 1602 μεγάλου
1768 1552 2037 1605 πριμικη-

465 1622 583 1691 ρίου
614 1620 829 1690 ἀξίωμα
858 1621 885 1671 ὀ
917 1618 1156 1689 arma,
1191 1618 1417 1690 ὕστερον
1446 1619 1502 1673 δὲ
1536 1619 1614 1674 ὢν
1643 1619 1738 1675 τοῦ
1776 1621 2040 1691 Ἀνδρονί-

459 1736 581 1787 κου,
612 1721 764 1789 παρά
803 1718 899 1772 τοῦ
929 1717 1261 1789 κρατοῦντος
1303 1718 1633 1788 ἐλάμϐανεν,
1672 1720 1866 1790 ἅτερος
1904 1720 1960 1773 δὲ
2005 1720 2035 1773 6

471 1810 813 1881 Ἀνδρόνικος
846 1812 1019 1880 μέγας
1048 1810 1409 1874 κονοσταῦλος
1434 1812 1845 1883 προεχειρίζετο
1862 1828 1878 1847 ·
1904 1810 2034 1884 παρ’

2142 632 2254 677 τοις
2299 617 2365 669 τὰ
2405 617 2545 670 αὑτά
2584 616 2861 685 φρονοῦσα
2916 619 2948 688 ή
2994 617 3431 686 Νοστογγόνισσα
3472 623 3684 692 μοναχῆ,

2142 708 2209 779 ἢν
2240 708 2535 780 ἐτεροθαλῆ
2567 711 2597 763 6
2628 709 2782 778 λόγος
2820 710 3056 778 ἐδείκνυ,
3088 711 3169 765 ὅτι
3213 714 3277 765 ὲκ
3309 712 3567 781 προτέρας
3595 731 3685 783 γυ-

2141 802 2325 864 ναικὸς
2351 803 2430 873 τῷ
2459 802 2850 876 Ταρχανειώτῃ
2881 805 3196 874 γεγέννητο.
3226 800 3405 857 Ἦσαν
3437 803 3530 859 οὑν
3557 800 3688 862 οὗτοι

2142 892 2346 956 πάντες
2378 892 2455 960 τῷ
2498 894 2769 964 Ὑακίνθῳ
2811 895 3087 962 συνόντες,
3143 898 3233 949 καὶ
3276 894 3556 963 ζηλοῦντες
3608 898 3690 951 ἐκ·

2138 985 2320 1047 τόπως
2349 985 2489 1052 ὑπὲρ
2537 986 2633 1040 τοῦ
2676 986 3021 1056 πατριάρχου
3064 987 3270 1051 κακῶς,
3313 979 3357 1039 ὦ
3388 986 3537 1057 νόμοι
3569 987 3688 1041 θεῖοι

2140 1080 2236 1131 καὶ
2267 1078 2414 1147 δίκη,
2471 1078 2867 1150 ἐξορισθέντος.
2914 1077 3078 1132 Ἀλλά
3121 1078 3292 1133 ταῦτα
3338 1079 3442 1150 μὲν
3498 1081 3574 1145 είς
3609 1099 3685 1134 το-

2142 1190 2354 1229 σουτον.

2136 1336 2208 1386 κ’.
2234 1294 2435 1397 ζὈπως
2475 1330 2571 1383 καὶ
2606 1330 2703 1384 διὰ
2730 1332 2836 1385 τοῦ
2864 1331 3137 1399 Σάρδεων
3157 1330 3390 1389 Χαηὶηζὰ
3428 1329 3694 1397 ἐπιχειρεῖ

2245 1402 2602 1468 όβασιλεὺς
2664 1399 2744 1467 τῷ
2791 1401 3255 1472 πατριαρχοῦντι
3299 1400 3595 1469 Pergam}.

2207 1539 2296 1613 [Ρ.
2324 1538 2454 1611 εοο]
2500 1518 2560 1594 ’ό
2587 1540 2642 1594 δέ
2673 1557 2739 1609 γε
2787 1539 3039 1609 βασιλεὺς
3070 1538 3163 1592 καὶ
3208 1536 3373 1605 ἄλλην
3405 1538 3595 1605 πεῖρ;ν
3621 1533 3689 1603 τῷ

2136 1634 2573 1704 πατριαρχοὺντι
2596 1633 2810 1704 ἀρτύει.
2834 1632 2948 1685 Τοῦ
2973 1632 3082 1702 γὰρ
3105 1627 3329 1693 Χαλαζὶ
3354 1629 3592 1699 Σάρδεων
3613 1626 3687 1693 ἐφ’

2138 1726 2319 1780 ἱκανὸν
2349 1729 2414 1796 τῇ
2446 1725 2861 1778 Κωνσταντίνου
2890 1720 3570 1792 προσδιατρίψαντος,ὲπεὶ
3594 1719 3689 1772 ἔδει

2140 1820 2276 1891 πρὸς
2304 1819 2400 1889 τὴν
2450 1817 2722 1888 λαχοῦσαν
2778 1819 2985 1869 ἐκεῖνον
3042 1813 3369 1883 ἀποδημεῖν,
3421 1812 3501 1874 είς
3548 1810 3691 1865 τοῦτο

456 1904 528 1975 ἢν
553 1904 733 1957 αἰτίαν
768 1907 861 1957 καὶ
898 1905 989 1956 ἐπὶ
1023 1907 1146 1967 ταῖς
1194 1907 1383 1974 τιμαῖς
1417 1882 1708 1972 ξήλοῦντος
1741 1906 1835 1958 τοῦ
1885 1882 2038 1976 πρῶ-
2069 1882 2110 1937 Β
2143 1882 2704 1984 παρασκευαζομένου
2728 1948 2744 1971 ,
2804 1907 3086 1978 ὑποθήκας
3153 1882 3477 1976 ἐμπιστεὺει
3530 1904 3577 1957 oi
3630 1904 3691 1957 δι’

454 2009 555 2047 του
584 1994 809 2047 πλεῖστα
853 1993 1217 2064 ξυμϐεὸήκει,
1278 1995 1354 2059 ὡς
1412 1987 1566 2048 κατα
1609 1995 1775 2048 τόπον
1836 1997 2035 2062 ἱκανῶς

459 2084 717 2155 ἐροῦμεν.
760 2086 870 2138 Καὶ
900 2088 949 2140 oi
986 2086 1086 2157 μὲν
1124 2086 1218 2140 δύο
1249 2084 1393 2139 οὑςω
1426 2088 1662 2158 συνήτην
1691 2088 1768 2159 τῷ
1800 2088 2035 2159 βασιλεῖ,

459 2179 628 2247 μηδὲν
672 2178 1305 2250 πολυπραγμονοῦντεςο
1342 2182 1371 2234 6
1417 2182 1464 2235 δ’
1508 2182 1761 2253 Ἰωάννης
1806 2182 2036 2253 ὕστερος

454 2270 531 2326 ὢν
556 2274 693 2337 τέως
731 2274 831 2339 μὲν
878 2274 1013 2344 πρὸς
1046 2273 1142 2327 τοῦ
1174 2274 1319 2326 θείου
1349 2275 1444 2327 καὶ
1474 2274 1737 2329 δεσπότου
1788 2276 2033 2330 Ἰωάννου

447 2366 649 2438 ἐκείνῳ
676 2366 1233 2438 καθυπηρετοὺμενος
1258 2368 1596 2432 ἐπαιδεύετο,
1618 2368 1716 2439 τὴν
1738 2369 1791 2421 δὲ
1824 2369 2035 2439 μητέρα

455 2463 861 2531 προσκειμένην
897 2458 1116 2530 βλέπων
1147 2458 1224 2530 τῷ
1267 2460 1586 2533 πατριάρχῃ
1629 2464 1721 2514 καὶ
1750 2462 1913 2526 αὑτὸς
1943 2464 2036 2515 ὲκ-

454 2553 639 2614 τδπως
677 2551 896 2621 ἐζήλου,
934 2570 953 2604 r
983 2551 1075 2622 Μὴ
1104 2552 1239 2624 ἅψῃ.
1270 2552 1345 2622 μὴ
1372 2552 1529 2625 θίγῃς
1561 2571 1578 2602 ι
1622 2554 1782 2623 μέχρι
1810 2553 2036 2607 καὶτῶν

458 2643 867 2696 εὐτελεστάτων
922 2642 1225 2712 rimamini»
1276 2644 1371 2697 καὶ
1430 2643 1877 2715 διατηρούμενος,
1931 2645 2037 2697 Σὺν

455 2736 655 2804 ἐκείνῳ
674 2731 741 2806 ἦν
770 2734 865 2788 καὶ
898 2736 931 2805 ἠ
969 2735 1172 2804 ἀδελφὴ
1208 2734 1468 2788 Θεοδοσία
1508 2738 1618 2798 τοῖς
1649 2736 1831 2799 αὑτοῖς
1865 2753 2037 2807 προσ-

454 2829 681 2899 έχουσα,
715 2827 815 2899 ήδη
847 2828 1215 2897 κεχηρωμένη
1246 2826 1343 2880 τοῦ
1368 2827 1561 2898 ἀνδρὸς
1603 2827 2034 2885 Βαλανειδιῶτου

455 3005 675 3063 cinthus
725 3015 908 3061 autem
943 3021 1066 3061 cum
1118 3006 1235 3061 suis
1267 3016 1324 3061 et
1359 3005 1601 3062 defuncti
1652 3008 2037 3078 superstitibus

453 3100 646 3157 amicis
725 3102 858 3155 iram
941 3098 1291 3169 imperatoris
1372 3110 1647 3166 metuens,
1711 3101 2031 3171 praesidium

2137 2003 2465 2073 ἀπορρήτων
2490 2001 2519 2052 6
2546 1999 2799 2070 βασιλεὺς
2830 1998 2913 2067 ἐφ’
2944 1993 2987 2067 ᾧ
3020 1997 3052 2069 ἢ
3082 1994 3526 2066 αὑτοπροσώπως
3554 1996 3690 2046 ἐντυ-

2136 2096 2253 2164 χεῖν
2283 2092 2360 2163 τῷ
2401 2094 2712 2163 πατριάρχῃ
2751 2088 2843 2143 καὶ
2889 2090 2957 2142 τὰ
2986 2088 3122 2143 αὑτά
3168 2086 3247 2157 τῷ
3283 2084 3484 2156 Ἰωσὴφ
3532 2086 3692 2139 εἰπεῖν

2136 2189 2275 2259 πρὸς
2319 2190 2547 2252 ἐκεῖνον,
2586 2186 2619 2257 ἢ
2650 2187 2743 2238 καὶ
2775 2183 2983 2255 γράψαι
3012 2183 3108 2237 καὶ
3159 2182 3466 2236 ἐπιστεῖλαι
3512 2179 3691 2249 μᾶλλον

2136 2279 2200 2331 ὲκ
2226 2277 2564 2347 Χαλκηδόνος
2591 2275 2907 2346 ἐξορμῶντα
2942 2276 3080 2343 πρὸς
3107 2272 3207 2343 τὴν
3249 2272 3542 2341 ἀνατολήν.
3594 2271 3688 2324 Καὶ

2135 2372 2195 2423 τὸ
2222 2371 2445 2439 σκέμμα
2477 2370 2552 2432 ὡς
2591 2365 2725 2438 βαθὺ
2784 2383 2842 2419 τε
2892 2367 2988 2420 καὶ
3042 2364 3342 2438 εὐπρεπές.
3379 2362 3454 2417 T6
3508 2380 3564 2415 τε
3596 2365 3690 2434 γὰρ

2138 2463 2426 2532 ὑψίθρονον
2461 2460 2613 2531 παρά
2648 2462 2772 2522 τοὺς
2797 2458 2987 2521 ἄλλους
3018 2456 3196 2524 λέγειν
3224 2456 3363 2527 πρὸς
3409 2456 3602 2508 ἐκεῖνον
3633 2455 3692 2506 τὰ

2136 2557 2275 2612 αὑτά
2301 2554 2489 2618 ἐδίδου,
2522 2555 2614 2606 καὶ
2638 2553 2699 2606 τδ
2723 2552 3061 2623 χειροτονίας
3091 2548 3222 2604 ὄντα
3260 2548 3352 2604 τὸν
3378 2547 3612 2605 Σάρδεων
3634 2548 3691 2617 ἢν

2136 2655 2165 2706 6
2190 2650 2464 2722 Ἀρσένιος
2481 2648 2582 2701 οὐκ
2606 2645 2842 2716 ἐδέχετο,
2867 2644 3094 2699 τοιαῦτα
3115 2643 3193 2715 τῷ
3223 2643 3536 2714 πατριάρχῃ
3565 2656 3691 2712 παρ-

2138 2746 2329 2806 αινεῖν,
2368 2742 2486 2796 δέον
2508 2738 2638 2809 παρ’
2660 2738 2827 2792 αὑτοῦ
2882 2737 3091 2807 δεχθεὶς
3124 2736 3374 2806 ἀγαπᾷν,
3410 2734 3691 2795 δεικνύντος

2139 2839 2206 2892 ἂν
2235 2836 2319 2905 εἴη
2348 2835 2420 2899 ὡς
2445 2833 2569 2888 ἀλλο
2595 2848 2647 2885 τι
2680 2829 2978 2900 βαθύτερον
3010 2827 3337 2900 ὑπορύσσων
3372 2825 3585 2880 τοιαῦτα
3613 2824 3685 2879 λὲ·

2138 3000 2353 3083 studiis,
2404 3030 2526 3086 quae
2551 3012 2715 3069 vidua
2749 3010 2936 3066 relicta
2975 3018 3148 3065 morte
3199 3006 3551 3062 Balanidiota:
3574 3020 3691 3060 con-

2136 3116 2281 3187 jugis
2331 3112 2400 3167 ad
2465 3107 2823 3165 monasticam
2893 3119 2952 3160 se
3016 3103 3181 3158 vitam
3256 3109 3555 3170 receperat.
3612 3098 3692 3154 llis

453 3194 715 3249 adversus
777 3209 900 3248 eam
954 3192 1057 3248 sibi
1134 3192 1490 3262 querendum
1555 3192 1699 3262 apud
1764 3192 2028 3248 llartham

2139 3197 2453 3265 adha'rebat
2482 3198 2742 3258 concordi
2775 3196 3046 3253 sententia
3075 3194 3507 3267 Nostongonissa
3545 3192 3690 3247 etiam

454 3287 666 3357 putavit
690 3287 811 3355 ejus
836 3302 1107 3353 sororem,
1138 3302 1301 3356 quam
1332 3287 1682 3342 commodum
1737 3304 2031 3359 perspexe-

455 3390 541 3434 rat
566 3379 748 3433 favere
779 3376 1158 3447 plurimumet
1211 3380 1501 3435 conilolerc
1548 3381 1774 3450 expulso
1800 3384 2030 3452 patriar.

451 3472 592 3525 clue.
635 3470 777 3535 Ergo
801 3469 868 3523 ad
922 3483 1042 3523 eam
1084 3471 1361 3525 ventitans
1394 3472 1529 3526 adeo
1560 3488 1619 3527 se
1645 3474 1943 3529 insinuavit
1974 3476 2026 3528 in

453 3563 572 3630 eius
606 3560 855 3631 gratiam,
889 3561 1135 3616 utetiam
1166 3562 1366 3617 victum
1397 3562 1523 3618 inde
1549 3565 1793 3631 haberet,
1833 3565 2028 3621 homin

452 3654 644 3726 ignaro
683 3654 929 3710 funditus
969 3655 1233 3727 principe.
1276 3656 1407 3711 Erat
1454 3673 1619 3726 porro
1647 3658 1873 3714 Martha:
1916 3676 2031 3714 nio-

455 3747 645 3802 nacha:
684 3746 923 3804 Joannes
978 3748 1143 3804 ﬁlins.
1201 3748 1338 3805 Tres
1385 3753 1529 3806 enim
1575 3752 1665 3808 illa
1702 3770 1826 3810 cum
1850 3771 2029 3810 mares

452 3836 752 3905 genuisset,
786 3851 974 3890 eorum
1007 3830 1236 3894 Michael
1278 3849 1333 3894 et
1363 3841 1711 3898 Andronicus
1763 3844 1905 3915 apud
1930 3846 2029 3899 im-

455 3935 611 3995 perat
634 3944 763 3982 irem
812 3937 989 3994 erant,
1019 3946 1157 4000 quos
1220 3931 1385 3986 etiam
1422 3932 1510 3986 ille
1561 3950 1671 3988 non
1699 3937 1873 3990 multo
1904 3949 2032 4008 post

453 4019 569 4075 inec
602 4021 900 4075 honoribus
951 4025 1208 4078 ornavit:
1255 4041 1381 4079 nam
1424 4024 1659 4082 Michael
1710 4028 1889 4083 minor
1916 4028 2032 4083 An-

450 4114 677 4170 dronico
733 4114 911 4185 magni
956 4115 1255 4187 primicerii
1303 4117 1626 4188 dignitatem
1667 4119 1737 4176 ab
1781 4120 2030 4193 Augusto

450 4207 686 4277 accepit,
730 4206 1082 4267 Andronicus
1122 4224 1353 4280 magnus
1393 4213 1754 4268 conostaulus
1778 4214 2031 4269 declara-

453 4308 542 4354 tus
573 4308 691 4365 est;
721 4315 819 4370 per
839 4317 1009 4371 quam
1021 4301 1379 4358 ambitionem
1412 4304 1706 4371 honorum,
1734 4307 2032 4363 azmulante

454 4392 632 4461 primo
651 4392 904 4457 alierum,
962 4394 1133 4449 multa
1189 4394 1335 4449 inter
1389 4395 1583 4451 fratres
1620 4398 2029 4469 contigerunta

453 4483 615 4536 nobis
652 4484 1002 4538 memoranda
1030 4492 1297 4553 quantum
1329 4486 1434 4539 erit
1472 4501 1616 4555 opus
1667 4502 1767 4541 suo
1798 4487 1937 4543 loco.
1968 4487 2029 4543 In

2133 3299 2424 3362 monacha,
2484 3310 2645 3365 quam
2679 3292 2874 3347 horum
2940 3304 3003 3343 ex
3041 3296 3195 3360 patre
3237 3304 3483 3343 sororem
3544 3300 3689 3357 supra

2132 3390 2454 3452 memoravi,
2487 3384 2744 3458 quoniam
2777 3397 2841 3437 ex
2893 3380 3063 3450 priori
3120 3380 3353 3450 conjuge
3392 3396 3421 3434 a
3469 3378 3687 3455 Tarcha-

2132 3488 2278 3541 niota
2319 3482 2501 3554 genita
2526 3478 2724 3533 fuerat.
2762 3476 2969 3529 florum
2997 3481 3113 3527 erat
3144 3472 3394 3526 omnium
3439 3479 3550 3524 arta
3574 3485 3690 3524 con-

2131 3579 2433 3636 suetudinis
2460 3587 2518 3633 et
2543 3577 2896 3632 consiliorum
2946 3586 3069 3629 cum
3114 3569 3420 3640 Hyacintho
3471 3564 3691 3621 necessi-

2133 3673 2282 3739 tudo,
2323 3669 2534 3726 ardenti
2575 3669 2778 3739 pariter
2809 3666 3007 3721 allectu
3031 3660 3450 3741 condolentibus
3504 3656 3693 3713 cunctis

2132 3765 2334 3820 misero
2370 3761 2623 3826 Arsenio,
2676 3760 2879 3829 injuste
2918 3759 2973 3828 (0
3016 3756 3108 3826 jus
3160 3753 3353 3822 fasque
3388 3753 3401 3806 !
3434 3766 3466 3805 ο
3514 3748 3689 3803 divina:

2128 3853 2280 3924 leges
2308 3852 2347 3923 ί)
2384 3868 2414 3907 e
2443 3852 2568 3906 sede
2605 3846 2949 3926 patriarchali
2995 3845 3049 3901 in
3098 3844 3352 3901 exsilium
3379 3843 3568 3914 eiecto.
3599 3836 3689 3894 Sed

2131 3943 2249 3998 haec
2281 3943 2566 3998 hactenus.

2131 4096 2220 4155 20.
2271 4095 2337 4153 Ut
2369 4114 2460 4167 per
2508 4096 2829 4153 Sardensem
2863 4093 3159 4167 Chalazam
3200 4090 3686 4167 iterumAimperatar

2378 4168 2703 4223 Germanum
2734 4165 3096 4236 potriarcham
3151 4162 3458 4216 tentooerit.

2201 4304 2272 4360 At
2300 4303 2597 4375 imperator
2622 4302 2949 4374 patriarchae
2971 4316 3171 4376 novam
3198 4299 3423 4355 alteram
3456 4293 3688 4353 tentatio-

2131 4414 2260 4455 nem
2284 4398 2593 4455 adornavit.
2628 4396 2766 4453 Cum
2791 4396 2937 4452 enim
2970 4394 3222 4450 Sardium
3258 4393 3543 4464 episcopus
3568 4387 3688 4443 Cha-

2132 4491 2248 4546 laza
2278 4499 2363 4546 sat
2383 4490 2477 4546 diu
2526 4488 3000 4559 Constantinopoli
3055 4494 3301 4541 moratus
3327 4483 3540 4538 differre
3588 4494 3683 4533 non

455 4572 603 4628 hunc
633 4574 855 4628 modum
891 4574 944 4628 hi
976 4574 1194 4644 quidem
1240 4574 1349 4630 duo
1372 4576 1426 4629 in
1464 4575 1809 4645 imperatoris
1857 4577 2029 4632 comi—
2055 4588 2312 4651 nposset
2345 4597 2501 4636 suum
2534 4581 2588 4635 in
2632 4581 2910 4650 propriam
2941 4576 3227 4632 ecclesiam
3257 4576 3518 4639 reditum,
3541 4581 3684 4640 atque

455 4673 571 4720 tatu
624 4667 1000 4729 versabantur,
1061 4668 1214 4722 “nihil
1280 4668 1365 4722 his
1420 4683 1479 4723 se
1517 4668 1909 4724 immiscentes.
1962 4671 2030 4725 At

453 4755 698 4815 Joannes
752 4761 1020 4815 ambobus
1052 4762 1233 4816 minor
1265 4772 1392 4816 natu
1428 4763 1697 4818 hactenus
1733 4762 1789 4816 in
1827 4762 2029 4818 familia

454 4862 511 4909 et
547 4852 812 4923 obsequio
847 4854 1027 4908 aulico
1061 4854 1227 4924 296
1245 4855 1503 4908 avunculi
1532 4855 1776 4924 despota:
1800 4845 2031 4911 Joannis

453 4946 808 5002 educabatur.
842 4944 942 5001 llic
968 4955 1195 5001 matrem
1226 4947 1526 5002 observans
1557 4946 1821 5002 benevole
1860 4948 2028 5003 allec-

454 5052 565 5096 tam
622 5039 945 5110 patriarcha:
1008 5038 1068 5093 in
1122 5039 1266 5095 hanc
1299 5054 1359 5094 se
1387 5048 1619 5109 partem,
1675 5040 2029 5095 vehementer

451 5132 617 5188 etiam
648 5132 972 5187 incumbens
1004 5116 1375 5199 aemulansque
1400 5145 1563 5199 supra
1596 5130 1838 5197 modum,
1874 5132 2028 5187 addi-

451 5221 625 5287 derat,
658 5224 795 5279 adeo
826 5232 886 5278 ut
913 5238 1075 5277 nemo
1108 5237 1174 5276 eo
1202 5221 1562 5290 frequentius,
1613 5236 1777 5276 nemo
1823 5238 2029 5294 pugna-

449 5315 569 5372 cius
599 5316 780 5371 tritam
835 5315 979 5369 illam
1011 5314 1298 5370 forniulam
1362 5313 1726 5368 aversantium
1776 5329 2025 5368 commu-

447 5410 670 5465 nionem
702 5409 944 5464 adversaa
975 5418 1234 5478 tanquam
1279 5404 1523 5476 profanae
1553 5394 1810 5460 factionis
1844 5396 2026 5460 verbis

448 5500 716 5570 factisque
770 5508 1080 5571 usurparet.
1116 5498 1184 5553 ad
1232 5511 1452 5553 omnem
1502 5510 1791 5551 occursum
1846 5506 2026 5566 partes

449 5593 719 5649 tuentium
747 5591 1003 5648 Germani
1032 5607 1046 5643 :
1082 5609 1102 5642 ι
1133 5589 1278 5645 Cave
1301 5588 1606 5659 contingas,
1641 5607 1659 5638 ι
1698 5589 2020 5652 inclamans.

449 5684 841 5756 superstitione
870 5697 1044 5754 usque
1069 5681 1140 5737 ad
1168 5678 1379 5734 minimi
1414 5694 1634 5750 quoque
1666 5695 1729 5735 ac
1759 5679 2021 5735 levissimi

448 5792 586 5833 usus
635 5776 1128 5833 fastidiosissirnam
1182 5772 1609 5827 declinationem
1683 5772 2018 5833 abundante.

451 5870 589 5929 Cum
613 5885 680 5927 eo
710 5871 769 5926 in
790 5868 875 5924 his
905 5876 1021 5923 erat
1050 5862 1354 5921 Theodosia
1385 5877 1542 5918 soror
1576 5862 1767 5921 iisdem
1799 5864 2021 5933 praedita

2133 4674 2269 4728 adeo
2300 4674 2353 4726 in
2397 4672 2677 4741 procinctu
2702 4670 2819 4740 ejus
2842 4666 3194 4739 profectionis
3231 4675 3396 4733 esset,
3432 4661 3683 4731 egitclam

2132 4781 2256 4820 cum
2299 4779 2365 4817 eo
2398 4763 2693 4832 imperator
2744 4770 2803 4816 nt
2831 4769 2924 4817 aut
2947 4759 3115 4814 verbo
3162 4773 3367 4819 coram,
3415 4764 3681 4821 antequam

2131 4856 2325 4917 abiret,
2361 4865 2455 4908 aut
2507 4852 2728 4923 scriptis
2766 4851 3114 4907 Chalcedone
3145 4849 3200 4903 in
3227 4848 3475 4921 digressu
3513 4857 3682 4898 versus

2130 4946 2408 5002 Orientem
2438 4945 2635 4999 litteris
2662 4944 2852 4998 eadem
2886 4940 3210 5011 patriarchae
3239 4943 3549 5009 suggereret
3578 4946 3682 5002 qua:

2128 5036 2328 5091 frustra
2354 5034 2624 5106 Iosephus
2672 5041 2936 5090 suaserat.
2968 5030 3173 5087 Callide
3232 5029 3288 5085 id
3320 5025 3678 5099 excogitatum,

2129 5141 2319 5200 utpote
2346 5130 2411 5185 ad
2436 5144 2588 5200 spem
2627 5142 2914 5183 successus
2951 5141 3061 5181 non
3095 5139 3283 5196 parum
3308 5116 3675 5178 accommoda-

2129 5231 2268 5287 tum,
2303 5222 2590 5281 consilium
2620 5218 2721 5274 fuit
2756 5238 2771 5287 ;
2803 5235 2927 5273 nam
2958 5230 3014 5273 et
3065 5215 3412 5273 auctoritatis
3442 5212 3674 5269 habitura

2128 5313 2421 5383 plurimum
2482 5312 2667 5367 suasio
2717 5311 2879 5381 297
2946 5309 3233 5365 videbatur
3289 5308 3359 5363 ab
3412 5299 3676 5362 eminentis

2128 5406 2312 5463 throni
2369 5406 2612 5461 antistite
2660 5405 2925 5475 profecta,
2952 5414 3007 5460 et
3060 5403 3292 5458 maxime
3320 5407 3591 5472 purgatam
3615 5394 3675 5448 ab

2126 5494 2275 5551 omni
2331 5495 2641 5567 suspicione
2707 5495 2942 5567 partium
2996 5495 3232 5551 futuram
3283 5492 3523 5548 eamdem
3570 5493 3675 5544 erat

2082 5625 2093 5639 .
2125 5596 2572 5652 consentaneum,
2604 5586 2805 5641 idcirco
2831 5585 2975 5656 quod
3004 5602 3128 5641 cum
3174 5583 3437 5640 Arsenius
3463 5580 3673 5638 Sarden-

2125 5678 2201 5734 sis
2229 5679 2626 5733 ordinationem
2658 5679 2948 5735 admittere
2988 5694 3087 5750 pro
3114 5665 3355 5750 legitime
3404 5674 3665 5731 renuisset.

2124 5771 2301 5841 palam
2332 5771 2421 5825 hic
2449 5772 2515 5826 ab
2543 5772 2844 5827 Arseniana
2903 5772 3137 5829 factione
3162 5770 3523 5827 alienissimus
3583 5780 3670 5835 pu-

2127 5865 2361 5920 tabatur.
2418 5863 2558 5930 Quin
2618 5865 2720 5921 hac
2778 5864 2892 5937 ipsa
2967 5880 3029 5920 ex
3094 5880 3259 5920 causa
3321 5859 3669 5918 insinuabant:
