3926 6550
233 366 346 433 745

1195 375 1292 434 DE
1348 369 1743 437 MICHAELE
1779 373 2241 435 PAL/‘EOLOGO
2281 373 2423 435 LIB.
2468 367 2564 431 IV.

3389 367 3490 429 7-16

226 495 321 548 τοι
355 497 417 534 τε
442 485 530 534 καὶ
555 478 913 550 συμϐουλεύοι
940 481 988 533 οἱ
1020 480 1238 549 ἀφεῖναι
1263 483 1355 536 τὸν
1388 483 1598 553 θρόνον.
1637 483 1700 537 El
1731 484 1805 552 μή
1837 487 1884 544 Α
1911 481 2000 534 τὸν
2026 480 2312 551 γράψαντα
2331 481 2416 548 ἐφ’
2437 474 2588 548 ᾧπερ
2607 476 2822 547 κριθείη
2835 474 3061 529 τοιαῦτα
3085 475 3318 543 πρδςτδν
3343 479 3492 546 πρῶ·

225 589 280 625 τι
314 573 447 624 ἄλλο
473 573 601 641 γὰρ.
625 573 742 626 ἀλλ’
763 573 857 627 οὖν
879 573 938 625 τὸ
957 573 1055 641 τῆς
1083 573 1430 643 μεταθέσεως
1461 577 1528 629 ἂν
1549 576 1644 629 καὶ
1674 576 1806 647 παρ’

222 665 413 724 ἄλλοις
441 665 514 726 ὼς
549 664 799 734 ἔγκλημα
820 663 896 733 τῷ
929 665 1337 734 μετατιθεμένῳ
1369 666 1584 737 ἰσχυρὸν
1608 667 1803 731 ἐδόκει,

221 755 369 808 ὥστε
405 756 495 809 καὶ
543 757 806 824 ἐκχωρεῖν
835 755 1244 823 ἀναγκάζεσθαι
1269 772 1284 788 ο
1337 757 1455 809 ἀλλ’
1484 753 1578 812 οὖν
1610 759 1806 828 ἐκείνῳ

223 849 382 920 παρὰ
408 847 652 900 τοιούτου
678 847 773 901 τοῦ
829 848 921 899 ἀπ’
968 849 1195 916 Ἑφέσου
1223 849 1541 919 Νικηφόρον
1572 850 1673 918 τὴν
1705 853 1808 920 ἀρ-

221 941 568 1010 χιερωσύνην
618 939 837 993 λαϐόντι
888 942 1224 1012 προσίστατο
1251 941 1318 995 ἂν
1345 947 1415 995 τὰ
1462 943 1696 1012 μεγάλα,
1731 942 1809 1006 ὡς

218 1031 279 1083 οὐ
317 1031 518 1101 μᾶλλον
538 1033 743 1084 ἐκεῖνον
764 1031 1143 1094 καταδικάζειν
1165 1032 1197 1101 ἢ
1221 1033 1436 1096 ἑαυτὸν,
1467 1031 1690 1087 τοιαῦτα
1716 1032 1805 1086 λέ-

219 1138 400 1190 γοντι.
433 1124 500 1174 Ἀ
526 1121 592 1193 δὴ
631 1123 726 1175 καὶ
749 1122 840 1174 τὸν
872 1124 1317 1193 πατριαρχοῦντα
1341 1124 1462 1176 τότε
1487 1123 1722 1176 λαϐόντα
1737 1122 1807 1176 τὰ

219 1212 355 1280 παρ’
382 1213 593 1265 ἐκείνου
623 1211 946 1282 γράμματα,
991 1213 1183 1283 ἐπειδὴ
1226 1214 1318 1266 τὸν
1351 1213 1625 1283 Θρᾳκικὺν
1665 1215 1808 1265 ἐκεῖ·

217 1321 310 1367 νος
344 1305 676 1374 περαιωθεὶς
702 1307 978 1375 Βόσπορον
1012 1306 1109 1376 ἅμ’
1134 1305 1390 1360 ἐπέϐαινε
1419 1308 1518 1376 τῆς
1545 1306 1682 1368 νεὼς
1710 1307 1805 1358 καὶ

217 1397 338 1466 ἅμα
380 1397 586 1450 τοιαῦτ’
620 1398 758 1452 ἄττα
805 1399 1064 1469 κινητικὰ
1095 1401 1229 1469 πρδς
1276 1398 1609 1466 παραίτησιν
1641 1397 1804 1467 ἔγρα-

219 1509 344 1567 φεν,
376 1493 458 1552 είς
484 1491 583 1544 οὐκ
613 1491 823 1558 ἀγαθὰς
869 1492 1124 1554 ὑπονοίας
1160 1491 1343 1560 ἐνῆγε,
1383 1492 1474 1543 καὶ
1501 1490 1576 1551 ὡς
1607 1490 1708 1542 οὐκ
1740 1489 1804 1542 ἂν

217 1583 432 1646 ἐκεῖνος
461 1581 681 1653 τολμῴη
704 1583 928 1636 τοιαῦτα
961 1584 1195 1652 γράφειν
1218 1584 1312 1635 καὶ
1339 1582 1430 1634 τὸν
1459 1581 1674 1649 πρῶτον
1708 1597 1805 1633 κα-

218 1673 528 1743 θυϐρίζειν,
570 1676 618 1726 εξ
655 1676 727 1744 μή
761 1675 812 1742 γ’
837 1675 1059 1729 ἄλλοθεν
1095 1670 1207 1744 εἶχε
1237 1675 1296 1726 τὸ
1319 1671 1616 1743 ἐγχωροῦν.
1652 1671 1804 1732 Τέως

215 1763 272 1814 δὲ
304 1765 477 1833 πείρᾳ
503 1765 560 1816 τὸ
593 1768 822 1833 πρᾶγμα
848 1765 1026 1827 διδοὺς
1059 1764 1311 1833 παραυτά
1363 1763 1500 1833 πρὸς
1530 1761 1619 1814 τὸν
1652 1762 1805 1831 βασι-

1917 590 2008 624 τον
2042 573 2358 642 ἐκθέμενος,
2391 572 2546 642 δῆλον
2573 565 2714 625 εἶναι
2745 569 2820 633 ὠς
2852 569 2951 622 οὐκ
2977 568 3178 630 εἰδότος
3207 569 3301 622 τοῦ
3334 568 3490 639 βασι-ι

1915 666 2052 728 λέως
2087 663 2294 732 προέϐη
2326 663 2521 727 ταῦτα,
2550 663 2644 715 καὶ
2675 661 2934 729 ἀσφαλῶς
2967 660 3112 730 ἔχειν
3139 662 3394 716 ἐντεῦθεν
3415 660 3494 716 εἴ-

1915 774 2002 809 ναι
2028 757 2127 825 τῆς
2161 755 2546 817 καταστάσεως
2569 770 2583 784 ’
2618 754 2666 805 εί
2697 753 2754 806 δὲ
2787 751 2973 820 μαθὼν
3003 755 3130 822 παρ’
3159 753 3312 808 οὐδὲν
3335 754 3492 823 θήσει

1915 849 1984 901 τὰ
2009 849 2393 918 γεγραμμένα,
2416 849 2906 918 ἀλλὰπροφάσεσιν
2930 847 3171 902 ὲπειλύει
3196 851 3291 902 καὶ
3322 851 3493 922 ἀναρ-

1913 941 1982 1009 τᾷ
2014 939 2089 1002 ὡς
2120 940 2260 992 κατὰ
2297 939 2487 1011 καιρὸν
2519 941 2648 1002 ἴσως
2678 939 2951 1008 ζητήσων,
2987 939 3019 1010 ἦ
3049 939 3143 994 καὶ
3170 942 3341 1004 ἄλλως
3375 943 3492 1008 πῶς

1916 1029 2276 1083 ἐπιστείλειεν
2333 1030 2408 1093 ὡς
2457 1031 2616 1101 δῆθεν
2678 1031 3014 1084 καταπαύων
3086 1034 3180 1085 καὶ
3241 1032 3488 1104 ἡμερῶν,

1913 1119 2234 1174 τούντεῦθεν
2270 1121 2344 1191 μὴ
2377 1117 2515 1174 εἶναι
2543 1122 2705 1174 πλέον
2730 1123 2809 1196 είς
2849 1123 2911 1176 τὸ
2943 1123 3134 1191 μαθεῖν
3177 1123 3253 1186 ὡς
3281 1127 3308 1178 ὁ
3335 1125 3493 1195 βασις

1914 1212 2038 1274 λεὺς
2098 1212 2226 1283 περὶ
2269 1213 2432 1266 αὑτὸν
2483 1212 2791 1283 ὴψικόρησε
2849 1217 2943 1265 καὶ
2989 1214 3151 1284 βουλῇ
3205 1216 3396 1270 τούτου
3422 1218 3494 1271 τὰ

1912 1302 2132 1357 τοιαῦτα
2155 1304 2487 1373 γέγραπται.
2534 1303 2702 1358 Ταῦτ’
2739 1308 2796 1356 ἐν
2827 1304 2903 1374 νῷ
2957 1304 3203 1374 θέμενος,
3238 1308 3492 1376 προσθεὶς

1913 1396 1977 1446 ὲκ
2004 1394 2336 1464 μηνυμάτων
2384 1395 2478 1447 καὶ
2508 1394 2732 1461 ἀλγεινὰ
2765 1394 2838 1456 ὡς
2866 1394 3091 1450 λυποῖτο
3143 1397 3210 1449 τὰ
3237 1397 3489 1460 πλεῖστα,

1913 1486 2186 1554 ἐκπέμπει
2220 1485 2309 1538 τὸν
2335 1485 2396 1537 τὸ
2424 1485 2656 1555 γράμμα
2681 1485 3092 1556 διακομίσοντα.
3138 1486 3196 1541 '0
3225 1487 3281 1541 δὲ
3309 1489 3491 1542 λαϐὼν

1911 1594 1971 1630 τε
1999 1578 2092 1630 καὶ
2132 1579 2396 1645 ἀναγνοὺς
2431 1577 2527 1646 οὐχ
2558 1578 2708 1638 ὅπως
2745 1579 2855 1640 τοῖς
2883 1579 3290 1648 γεγραμμένοις
3321 1581 3494 1650 ἐπήλ-

1911 1686 2102 1738 γησεν,
2132 1669 2247 1722 ἀλλ’
2292 1663 2402 1721 οἷον
2435 1667 2629 1720 ἑαυτὸν
2664 1669 3057 1739 ἐπαλαστήσας
3105 1672 3153 1722 εἰ
3182 1670 3324 1724 οὕτω
3372 1673 3495 1736 ταῖς

1911 1759 2020 1812 τῶν
2051 1761 2248 1813 κοινῶν
2274 1763 2483 1828 σειραῖς
2502 1763 2937 1830 συσφιγγόμενος
2969 1763 3064 1814 καὶ
3098 1765 3224 1834 περὶ
3259 1765 3352 1817 τοῦ
3385 1781 3494 1818 πα-

217 1854 315 1905 λέα
377 1856 614 1923 πέμπειν
650 1855 725 1917 ὡς
751 1850 896 1924 εἶχεν
923 1855 1063 1922 ἔγνω
1095 1854 1154 1906 τὸ
1209 1856 1466 1923 γράμμα,
1503 1853 1806 1922 μαρτύριον
1838 1845 1881 1898 Β
1909 1855 2172 1923 τριάρχου
2205 1853 2510 1923 φροντίζειν
2541 1852 3004 1920 ὲπαναγκάζοιτο,
3061 1856 3266 1908 αὐτίκα
3327 1857 3494 1928 μηδὲν
3542 1928 3544 1931 _

215 1947 277 1998 τὺ
303 1946 520 1998 ἐκεῖθεν
551 1947 922 2015 ἐκϐησόμενον
943 1947 1051 1998 τῶν
1073 1946 1359 2016 παρόντων
1386 1946 1611 2016 θέμενος
1638 1944 1805 2014 ἀψευ-

213 2040 500 2102 δέστατον,
535 2040 608 2101 ὡς
641 2041 689 2091 εί
729 2039 828 2107 μὲν
862 2039 1160 2106 ὲπαλγήσει
1194 2040 1310 2100 τοῖς
1341 2039 1631 2107 γραφεῖσιν
1660 2038 1689 2089 ό
1713 2037 1805 2107 βα-

219 2132 409 2193 σιλεὺς
441 2134 542 2182 κᾶν
572 2129 731 2199 δεινῷ
763 2130 915 2199 θήσει
945 2130 1006 2182 τὸ
1064 2130 1318 2199 πρᾶγμα,
1346 2128 1487 2181 ὥστε
1524 2130 1620 2182 καὶ
1673 2132 1808 2181 ἀπο-

220 2223 469 2276 στέλλειν
501 2223 596 2275 καὶ
647 2223 1010 2293 ὑποστρέφειν
1052 2220 1140 2293 [Ρ.
1172 2219 1333 2292 201]-
1363 2220 1807 2289 καταναγκάζειν

216 2402 815 2470 commendabaturqm
844 2399 1118 2455 Germano
1144 2401 1292 2455 velut
1322 2401 1600 2455 sincerum
1642 2410 1691 2455 cl
1739 2414 1807 2453 ex

217 2512 360 2548 vero
385 2497 564 2549 studio
600 2495 900 2564 profectum
943 2495 1236 2548 consilium
1274 2494 1396 2548 talis
1432 2493 1695 2558 auctoris,
1717 2494 1805 2548 cui

221 2587 480 2653 privatim
525 2587 654 2640 utile
709 2592 998 2655 appareret
1049 2585 1377 2655 perstarein
1417 2585 1798 2655 patriarchatu

217 2678 588 2745 Ger-manum,
641 2695 670 2732 ιι
700 2693 808 2748 quo
843 2679 1032 2748 utique
1062 2693 1162 2747 pro
1191 2693 1319 2733 vero
1351 2679 1610 2748 episcopo
1636 2693 1807 2746 agno-

217 2783 491 2826 sceretur.
533 2772 710 2837 Quare
743 2779 800 2827 ut
830 2773 877 2828 is
918 2779 1102 2826 tamen
1131 2771 1248 2842 ipse
1306 2781 1497 2826 contra
1560 2772 1808 2842 proprias

219 2866 494 2920 utilitates
523 2881 802 2921 secessum
821 2865 948 2921 inde
974 2865 1307 2930 consuleret,
1341 2879 1512 2934 prona
1536 2874 1656 2920 erat
1684 2879 1811 2919 con-

217 2957 436 3026 jectura
462 2959 854 3014 occultioribus
877 2974 1003 3014 eum
1034 2958 1360 3028 quibusdam
1393 2967 1449 3012 et
1478 2957 1712 3012 diversis
1740 2957 1809 3013 ab

222 3052 290 3106 iis
345 3067 463 3120 qua:
492 3053 651 3122 vulgo
680 3053 1045 3122 allegarentur
1078 3051 1388 3106 rationibus
1413 3052 1643 3106 moveri.
1675 3051 1806 3104 Nam

221 3144 371 3210 quod
405 3145 472 3196 ab
499 3143 618 3196 aliis
649 3142 822 3212 excipi
877 3142 1081 3196 soleret
1123 3149 1314 3196 contra
1367 3141 1702 3196 Germanum
1741 3143 1807 3196 de

226 3235 586 3289 translatione
639 3235 802 3300 sedis,
865 3233 1008 3302 apud
1056 3231 1384 3287 Sardensem
1467 3245 1806 3288 momentum

228 3327 429 3380 habere
460 3327 666 3380 nullum
701 3325 1048 3380 manifestum
1078 3331 1217 3388 erat,
1253 3341 1378 3380 cum
1412 3326 1557 3380 hunc
1587 3334 1810 3380 consta-

227 3431 311 3473 ret
345 3422 414 3474 ab
440 3437 504 3475 co
535 3420 846 3490 patriarcha
882 3435 1037 3474 suam
1093 3419 1290 3487 ipsius,
1328 3433 1492 3487 quam
1541 3428 1638 3486 pro
1669 3417 1807 3488 legi—

227 3513 357 3566 tima
391 3515 662 3566 tuebatur.
702 3512 1100 3566 oulinatiouem
1131 3511 1435 3576 accepisse,
1493 3525 1654 3579 quem
1689 3525 1810 3563 om-

229 3622 326 3658 nes
355 3605 559 3657 scirent
595 3604 660 3656 ab
688 3603 959 3672 Ephesina
989 3603 1116 3657 sede
1150 3602 1203 3656 in
1244 3599 1809 3670 Constantinopolita-

229 3715 353 3750 nam
381 3697 554 3751 fuisse
597 3698 942 3750 translatum.
979 3693 1265 3759 Quomodo
1319 3694 1466 3746 enim
1529 3693 1574 3745 is
1603 3708 1669 3746 ex
1706 3693 1808 3746 ista

229 3789 606 3845 translationis
681 3803 747 3842 ex
800 3787 1293 3857 Adrianopolitane
1386 3786 1589 3840 throno
1645 3801 1808 3840 causa

228 3879 484 3937 Germani
527 3882 921 3950 promotionem
968 3889 1151 3949 posset
1188 3879 1398 3932 irritam
1431 3879 1634 3932 ducere
1665 3878 1713 3929 vi
1738 3879 1808 3930 lc-

230 3977 295 4040 ri,
325 3976 417 4044 qui
438 3975 732 4044 Nicephori
762 3974 1051 4028 transitum
1083 3989 1148 4026 ex
1184 3972 1462 4042 Ephesina
1491 3972 1544 4025 in
1579 3970 1808 4039 patriar-

231 4067 440 4120 chalem
481 4066 632 4120 urbis
660 4066 843 4120 sedem
875 4081 984 4118 non
1016 4066 1189 4119 solum
1226 4079 1324 4134 pro
1349 4063 1616 4118 canonico
1641 4077 1808 4132 agno-

233 4167 404 4219 verat,
434 4158 529 4211 sed
557 4158 718 4211 etiam
765 4174 793 4210 a
828 4158 917 4210 tali
971 4167 1195 4224 accepta
1225 4171 1322 4209 sua
1352 4155 1522 4224 ipsius
1566 4154 1804 4223 inaugu-

231 4249 526 4302 rationein
562 4248 888 4303 Sardeusem
954 4249 1157 4313 sedem,
1199 4248 1356 4315 cujus
1399 4262 1456 4300 se
1491 4261 1682 4300 verum
1721 4247 1810 4315 ju-

227 4351 484 4406 stumque
517 4342 860 4409 proﬁteretur
880 4356 1274 4411 possessorem,
1300 4339 1526 4410 rejicere
1559 4339 1811 4407 nequiret

230 4435 359 4504 quin
393 4450 449 4488 se
481 4434 592 4503 ipse
617 4435 919 4488 tlainnaret.
943 4433 1120 4498 Quare
1150 4433 1294 4486 aliud
1318 4431 1598 4502 quidpiam
1630 4431 1806 4485 idem-

1911 1945 2184 2015 μελλήσας
2233 1944 2427 2014 μηνύει
2460 1944 2535 2006 ὡς
2603 1945 2731 1996 «Ἐν
2762 1947 2950 2014 χερσὶν
2998 1947 3158 2010 αὐτὸς
3209 1948 3353 2017 ἔχεις
3401 1951 3494 2001 τὸν

1908 2038 2098 2107 ἄνδρα,
2141 2036 2282 2090 οὕτω
2309 2036 2420 2089 τῶν
2450 2037 2692 2090 κανόνων
2722 2036 2998 2104 διδόντων,
3033 2039 3128 2092 καὶ
3163 2043 3210 2092 οἱ
3246 2042 3374 2109 περὶ
3432 2041 3492 2093 σὲ

1910 2129 2095 2182 πολλοὶ
2126 2131 2234 2182 τῶν
2265 2130 2522 2184 τοιούτων
2554 2130 2758 2199 κριταὶ,
2796 2129 2890 2182 καί
2917 2147 2998 2184 σοι
3032 2131 3098 2183 τὰ
3123 2133 3252 2202 περὶ
3283 2133 3494 2186 τούτων

1910 2222 2094 2292 ζητεῖν
2147 2222 2434 2292 ἐφειμένον
2483 2221 2626 2274 ποίει
2669 2219 2744 2282 ὡς
2777 2219 2993 2289 βούλει⁸
3028 2222 3240 2291 βασιλεῖ
3282 2226 3391 2293 γαρ
3427 2226 3489 2276 οὐ

1910 2399 2055 2458 clare
2087 2401 2415 2472 intelligeret
2447 2400 2578 2470 quid
2615 2416 2830 2454 arcanae
2856 2401 2941 2454 his
2985 2401 3052 2454 de
3084 2401 3245 2456 rebus
3278 2413 3496 2457 sentcn-

1913 2496 2002 2551 tite
2025 2495 2375 2565 imperatoris
2417 2493 2604 2547 animo
2635 2493 2903 2547 subesset.
2962 2493 3020 2546 Si
3059 2494 3206 2547 enim
3249 2493 3380 2548 visis
3406 2494 3495 2547 lit-

1913 2595 2048 2649 teris
2079 2593 2324 2648 dolorem
2357 2590 2694 2661 signiﬁcaret
2730 2595 2787 2642 et
2817 2588 3111 2658 displicere
3148 2587 3252 2642 sibi
3293 2588 3495 2641 factum

1911 2685 2244 2746 ostenderet,
2298 2682 2655 2751 mitteretque
2729 2689 2850 2750 post
2901 2679 3148 2749 epistola:
3210 2690 3490 2733 auctorem

1911 2778 2005 2849 qui
2028 2793 2154 2832 eum
2196 2791 2263 2832 ex
2301 2775 2502 2830 itinere
2541 2781 2842 2828 retractum
2889 2771 3365 2840 Constantinopoli
3417 2770 3494 2824 εἰσ

1912 2878 2140 2932 sterent,
2173 2868 2532 2937 repetendum
2565 2865 2752 2934 utique
2793 2864 3059 2919 rationem
3089 2864 3143 2916 in
3178 2863 3384 2933 judicio
3414 2864 3495 2917 le-

1911 2962 2104 3034 gitimo
2154 2959 2513 3016 irreverentis
2543 2959 2682 3019 ausi,
2720 2973 2830 3028 quo
2864 2958 2930 3010 ad
2963 2956 3266 3026 principem
3305 2971 3494 3011 sacro-

1881 3069 2030 3110 -rum
2063 3057 2170 3110 tale
2199 3055 2460 3123 scriptum
2481 3068 2582 3108 suo
2616 3053 2841 3107 nomine
2864 3067 2976 3106 non
2993 3051 3302 3106 dubitasset
3341 3053 3493 3118 dare,

1836 3186 1882 3248 ο
1915 3157 2046 3204 tunc
2109 3163 2240 3202 sane
2290 3147 2406 3202 fore
2453 3146 2821 3201 “manifestum
2884 3145 3077 3215 ignaro
3161 3145 3498 3214 imperatore

1913 3240 2210 3310 contigisse
2260 3238 2384 3304 ista,
2416 3246 2472 3292 et
2503 3251 2762 3291 securum
2793 3235 2895 3289 sibi
2931 3243 3131 3288 statum
3157 3248 3220 3288 ea
3245 3249 3311 3286 ex
3344 3240 3499 3302 parte

1912 3348 2052 3390 esse.
2098 3332 2156 3386 Si
2188 3332 2367 3386 autem
2416 3346 2475 3385 re
2503 3329 2720 3400 cognita
2754 3337 2928 3383 totum
2977 3326 3108 3381 illud
3162 3325 3496 3395 scriptarum

1913 3435 2119 3482 temere
2151 3425 2454 3480 litterarum
2486 3423 2694 3477 crimen
2729 3421 3006 3475 videretur
3046 3419 3204 3473 nihili
3274 3420 3495 3484 ducere,

1912 3521 2006 3575 sed
2054 3529 2348 3590 praitcxtus
2376 3516 2426 3571 ei
2468 3516 2786 3571 excusando
2812 3523 3191 3582 qua-reretaut
3219 3512 3491 3582 judicium

1915 3614 2278 3683 suspenderet
2304 3621 2560 3679 tauquam
2593 3610 2852 3664 videlicet
2877 3608 2934 3662 in
2972 3618 3219 3676 tempore
3252 3609 3319 3660 de
3348 3606 3495 3660 facto

1915 3705 2296 3774 inquisiturus,
2341 3703 2422 3756 vel
2457 3703 2502 3757 si
2530 3703 2700 3757 etiam
2757 3684 2877 3755 non.
2907 3701 3094 3771 ignoto
3123 3698 3229 3768 ipsi
3258 3697 3495 3751 artiﬁcio

1915 3798 2244 3853 rescriberet
2293 3795 2608 3849 humaniter
2655 3794 2810 3863 quasi
2860 3792 3209 3847 demulcendi
3241 3807 3304 3846 ac
3348 3790 3496 3844 miti-

1917 3889 2081 3957 g‘andi
2117 3888 2312 3949 cilicio,
2337 3898 2450 3939 tum
2483 3901 2618 3939 sane
2646 3901 2754 3938 non
2780 3884 2897 3937 fore
2927 3883 3030 3937 sibi
3061 3882 3493 3950 exspectandum

1913 3981 2175 4034 iudiclttm
2212 3979 2418 4033 certius
2452 3979 2516 4030 ad
2548 3978 2708 4047 plane
2742 3973 3158 4045 intelligendum
3193 3973 3494 4041 inperato-

1914 4073 1989 4126 ris
2041 4072 2291 4125 satietate
2332 4070 2442 4139 jam
2492 4069 2577 4122 sui
2628 4069 2769 4138 capti
2807 4067 3036 4122 consilio
3092 4077 3146 4119 ct
3207 4065 3490 4118 voluntate

1915 4162 2040 4215 ta‘ia
2073 4161 2242 4215 fuisse
2292 4161 2516 4230 scripta.
2570 4161 2686 4213 Hoc
2744 4158 2929 4212 animo
2981 4157 3318 4225 consilioque
3350 4155 3491 4210 Ger-

1915 4266 2106 4304 manus
2155 4261 2436 4320 acceptam
2490 4264 2519 4303 a
2580 4247 2862 4316 Sardensi,
2914 4249 3172 4318 adjuncta
3221 4247 3327 4301 alia
3376 4261 3492 4302 ase

1913 4345 2134 4413 scripta,
2189 4359 2294 4413 qua
2344 4343 2680 4414 signiﬁcaret
2726 4343 3086 4396 vehementer
3117 4354 3181 4393 ea
3217 4355 3276 4394 sc
3333 4357 3391 4394 re
3412 4341 3492 4393 of-

1914 4436 2128 4490 fensum
2164 4437 2218 4490 in
2260 4453 2360 4490 suo
2396 4435 2724 4503 gravissimo
2751 4433 2940 4488 dolore
2962 4433 3028 4488 ad
3065 4443 3255 4486 notum
3290 4448 3491 4502 exper-

231 4539 336 4597 quc
357 4543 610 4596 magnum
648 4542 743 4594 par
763 4524 1203 4579 eratexiStimari
1228 4524 1430 4578 vidisse
1455 4524 1806 4585 Sardensem,
1842 4538 1885 4592 υ
1917 4537 2144 4591 tumque
2185 4525 2554 4595 imperatoria:
2594 4524 2777 4594 gratiae
2822 4523 3136 4593 prmsidium
3171 4522 3490 4591 confugere,

231 4634 338 4686 quo
364 4618 430 4671 ad
459 4629 562 4670 tam
593 4617 924 4687 inepinatam
956 4617 1358 4687 suggestionem
1400 4615 1804 4684 impelleretur.

232 4707 382 4763 Talis
411 4725 539 4779 ergo
600 4710 882 4778 epistolam
936 4709 1221 4763 sententia:
1254 4724 1373 4776 qua:
1401 4708 1804 4763 abdicationem

232 4801 636 4870 patriar‘chatus
690 4799 1019 4863 consuleret,
1071 4797 1326 4866 sei-iptatn
1365 4797 1431 4850 ad
1485 4812 1544 4851 se
1577 4798 1807 4866 traiecto

231 4890 478 4962 Bosporo
505 4907 534 4944 a
562 4904 752 4944 navem
785 4891 848 4944 ad
880 4890 1181 4944 discessum
1247 4889 1648 4943 conscendente
1675 4887 1807 4941 Sar-

231 4987 406 5049 densi,
442 4984 746 5039 Germanus
776 4983 1073 5051 accipiens,
1131 4982 1184 5034 in
1226 4981 1538 5052 perplexam
1593 4981 1804 5048 ingres-

233 5094 323 5132 sus
370 5075 739 5144 suspicionem
793 5081 896 5138 est,
952 5071 1149 5126 merito
1209 5081 1469 5140 reputans
1523 5085 1803 5138 nunquam

233 5171 399 5225 fuisse
429 5168 670 5222 futurmn
713 5177 770 5220 ut
794 5167 883 5221 ille
930 5166 1155 5219 auderet
1182 5164 1284 5217 ista
1327 5163 1570 5217 seri-bere
1600 5177 1671 5216 ac
1705 5161 1806 5231 pri-

235 5278 380 5315 mum
410 5275 470 5315 se
503 5267 778 5313 auctorem
826 5258 968 5312 ferre
1017 5255 1231 5312 consilii
1286 5255 1665 5312 contumeliosi
1707 5270 1806 5324 pa-

237 5353 504 5415 triarchat,
528 5368 686 5422 quem
713 5352 886 5422 palam
921 5350 1174 5421 probaret
1205 5349 1520 5419 imperator,
1545 5345 1650 5400 nisi
1677 5345 1806 5400 huic

235 5446 369 5504 hami
398 5449 668 5518 ingratum
727 5447 778 5499 id
812 5460 932 5498 esse
967 5443 1349 5513 perspexisset.
1403 5443 1541 5513 Ergo
1593 5439 1805 5509 expetis

237 5554 478 5597 mentum
510 5540 685 5595 dubia:
721 5539 796 5593 rei
846 5553 1041 5606 capere
1084 5545 1293 5592 certum
1328 5536 1537 5598 volens,
1596 5534 1806 5602 episto—

233 5635 336 5690 lam
369 5650 490 5688 cam
525 5632 707 5686 statim
759 5631 826 5684 ad
867 5631 1258 5700 imperatorem
1288 5627 1475 5689 mittit,
1511 5625 1678 5694 298
1723 5633 1805 5678 te-

237 5727 549 5783 stimonium
581 5741 646 5778 cx
701 5731 899 5777 eventu
928 5721 1342 5776 veracissimam
1388 5718 1633 5773 omnium
1681 5733 1803 5786 qua:

241 5834 364 5879 tunc
414 5819 603 5877 haberi
668 5826 887 5888 possent
941 5816 1249 5870 eliciturum
1318 5829 1437 5869 sese
1497 5819 1665 5880 ratus,
1697 5826 1802 5880 quo

565 5914 832 5974 PATROL.
877 5913 994 5974 Gn.
1045 5910 1290 5973 CXLIII

1912 4633 2010 4687 per
2029 4619 2194 4671 lidum
2224 4616 2504 4670 hominem
2533 4615 2600 4670 ad
2630 4615 3018 4683 imperatorem
3052 4614 3238 4668 mittit.
3274 4614 3370 4669 llle
3397 4629 3496 4669 auo

1914 4720 2022 4765 tem
2055 4708 2294 4780 acceptis
2338 4708 2604 4778 lectisque
2655 4707 2856 4762 litteris
2891 4709 3028 4761 adeo
3083 4722 3193 4761 non
3251 4706 3494 4762 indoluit

1911 4801 2074 4856 amici
2103 4817 2286 4864 causa,
2323 4813 2384 4856 ut
2429 4816 2526 4856 sua
2555 4800 2738 4870 potius
2767 4815 2915 4870 aegre
2958 4800 3140 4854 ferens
3169 4809 3496 4868 quereretur

1911 4893 2098 4962 inique
2128 4907 2313 4946 secum
2346 4892 2454 4961 agi,
2486 4891 2575 4946 cui
2601 4890 2750 4945 curis
2787 4889 3107 4959 reipublicae
3154 4888 3494 4958 gravissimis

1910 4999 2173 5054 oppresso
2203 4984 2366 5038 etiam
2410 4984 2714 5037 alienarum
2766 4982 2832 5037 de
2865 4981 3172 5049 patriarcha
3219 4979 3492 5034 sollicitu-

1909 5077 2100 5131 dinum
2133 5076 2278 5130 nulla
2313 5075 2693 5129 misericordia
2729 5088 2873 5128 onus
2903 5073 3238 5142 injiceretur.
3289 5071 3493 5141 Hisque

1913 5168 2261 5240 indignanter
2305 5167 2470 5223 dictis
2522 5167 2704 5221 statim
2756 5180 3061 5221 conversus
3112 5165 3179 5218 ad
3232 5164 3490 5220 nuntium

1911 5277 2239 5333 responsum
2297 5260 2348 5316 ei
2384 5259 2527 5329 quod
2569 5259 2798 5314 referret
2859 5256 3186 5327 patriarcha:
3240 5256 3298 5310 in
3350 5257 3494 5311 hanc

1910 5353 2238 5409 sententiam
2296 5351 2553 5418 reddidit,
2587 5351 2791 5403 habere
2851 5347 3032 5417 ipsum
3094 5347 3374 5402 hominem
3433 5347 3491 5402 in

1910 5463 2099 5511 manu,
2125 5446 2382 5516 potestati
2414 5445 2600 5514 utique
2626 5443 2773 5513 juxta
2792 5440 3174 5511 prtescriptum
3208 5456 3491 5496 sacrorum

1908 5555 2178 5593 canonum
2216 5539 2519 5608 subjectum
2550 5552 2682 5592 suae.
2718 5535 2882 5606 299
2933 5535 3139 5590 Adesse
3197 5534 3298 5606 ipsi
3349 5535 3493 5589 anti-

1912 5627 2072 5682 stites
2132 5629 2356 5695 multos,
2387 5627 2659 5698 legitimos
2686 5626 2874 5680 talium
2899 5625 3133 5692 iudices.
3176 5627 3308 5687 Iret,
3337 5640 3490 5694 qua:-

1911 5722 2144 5776 stionem
2193 5722 2534 5786 institueret,
2569 5731 2754 5793 ageret
2777 5721 2920 5790 quod
2957 5721 3116 5773 vellet
3150 5740 3161 5773 :
3199 5721 3492 5788 imperato-

1910 5829 2024 5869 rem
2066 5814 2211 5870 enim
2266 5815 2322 5870 in
2353 5815 2627 5887 ejusmodi
2684 5815 2900 5888 negotia
2953 5828 3063 5866 non
3099 5828 3156 5866 se
3211 5813 3483 5884 ingerere,

3014 5905 3088 5964 2's
