3926 6520
427 341 552 405 ’747

1646 335 1978 396 GEORGII
2019 337 2499 398 PACIIYMEIL’E

3583 341 3686 403 ⁸148

452 453 615 528 μετὸν
645 451 873 516 τούτων,
923 449 1060 504 ἀλλά
1115 450 1457 522 πραγμάτων
1505 449 1600 504 καὶ
1635 450 1881 523 θορύϐων
1913 451 2021 504 τῶν
2051 452 2100 510 Λ
2130 448 2585 520 προσϐιάζεσθαι,
2625 450 2672 501 εἰ
2701 447 2774 518 μή
2809 465 2870 516 γε
2911 448 3122 513 ἀκούοι,
3157 447 3252 504 καὶ
3283 449 3434 505 οὐδὲν
3469 449 3694 508 ἐλλείπει

443 547 564 602 κατ’
587 545 771 613 αὑτὸν,
789 542 996 596 πολλῶν
1022 543 1192 596 ὅντων
1208 542 1302 596 καὶ
1325 541 1498 596 ταῦτα
1516 541 1610 596 καὶ
1639 542 2006 611 ἀναγκαίων.»

442 635 611 692 Ταῦτ’
663 631 977 703 ἀντιμαθὼν
1013 632 1257 695 ἀκούσας
1290 633 1317 686 ό
1367 632 1718 702 πατριάρχης
1749 632 1890 700 ἔγνω
1917 632 2017 700 τὴν

446 727 670 798 σκῆψιν,
705 727 797 778 καὶ
832 725 1138 792 ἀντιλέγειν
1180 723 1318 786 ὅλως
1364 724 1464 777 οὐκ
1521 724 1657 794 ἔχων
1703 723 1862 794 (μηδὲ
1907 724 2018 792 γὰρ

441 821 634 892 ἐριστά
664 819 734 872 τὰ
782 818 919 888 πρὸς
966 816 1195 887 βασιλέα
1249 811 1390 868 εἶναι
1426 815 1642 886 ἐκείνῳ)
1701 812 2017 879 ἐξίστασθαι

438 913 534 967 τοῦ
575 910 972 982 πατριαρχείου
1007 907 1473 978 παρεσκευάζετο.

439 1069 545 1126 κα⁰.
609 1072 803 1134 Ὅπως
853 1068 1074 1149 ἐξῆλᾴε
1126 1066 1236 1120 τοῦ
1268 1063 1724 1149 ,πατριαρχείου
1783 1066 1816 1118 ὀ
1877 1065 2018 1131 Pep-

1122 1138 1331 1205 μανός.

509 1278 598 1352 [Ρ.
643 1275 771 1349 202]
805 1274 929 1345 Μὴν
991 1273 1091 1343 μὲν
1152 1271 1468 1341 ἐφειστήκει
1527 1272 1650 1323 τότε
1704 1268 2018 1339 Γαμηλιὼν,

440 1373 607 1443 ἤγετο
630 1370 687 1424 δὲ
712 1371 745 1438 ἡ
784 1367 879 1421 τοῦ
913 1365 1095 1435 τιμίου
1129 1363 1362 1434 σταυροῦ
1400 1361 1582 1434 ἑορτὴ,
1603 1362 1669 1431 ἣν
1703 1360 1797 1414 καὶ⁵
1833 1359 2020 1428 ’Υψωο

441 1480 526 1516 σιν
551 1461 912 1530 ὀνομάζομεν.
951 1458 1038 1510 Ἑν
1072 1457 1244 1528 ταύτῃ
1277 1453 1408 1523 γοῦν
1433 1456 1501 1508 τά
1531 1453 1739 1506 ῦστατα
1775 1450 2022 1505 στολισά-

443 1571 627 1626 μενος,
662 1551 757 1604 καὶ
811 1550 1032 1612 τελέσας
1068 1549 1185 1620 άμα
1223 1547 1322 1618 μὲν
1349 1548 1448 1617 τὴν
1483 1544 1695 1615 ὕψωσιν
1725 1543 1818 1597 τοῦ
1854 1561 2020 1596 σταυ-

441 1644 560 1715 ροῦ,
588 1645 703 1714 ἆμα
722 1642 777 1696 δέ
805 1643 896 1696 καὶ
923 1641 1020 1711 τὴν
1039 1641 1187 1693 θείαν
1211 1637 1545 1709 ἱερουργίαν,
1569 1637 1666 1705 τῆς
1695 1635 1864 1704 αὐτῆς
1887 1633 2023 1703 ὴμέ-

441 1756 541 1810 ρας
596 1737 756 1806 ὸψίας
803 1735 981 1797 δείλης
1038 1731 1339 1801 ἀποχωρεῖ,
1377 1729 1644 1798 καὶπρὸς
1694 1727 1762 1781 τὰ
1821 1728 1880 1779 ἐν
1908 1728 2021 1788 τοῖς

436 1793 752 1898 λία-γγάνοις
777 1793 1184 1880 αὑτοῦ-*κελλίί
1209 1793 1278 1876 τά
1327 1793 1467 1892 πρὸς
1499 1793 1779 1874 θάλασσαν
1811 1817 2014 1888 ᾠκοδο-
2052 1793 2093 1851 Β

441 1920 662 1991 μημένα
692 1916 864 1969 ἐλθὼν
893 1915 1111 1982 ἡσύχως
1143 1913 1352 1980 διάγειν
1383 1912 1500 1964 ἐκεῖ
1527 1908 1623 1963 τοῦ
1655 1908 1772 1979 βίου
1807 1908 2015 1978 ᾑρεῖτο.

450 2010 590 2063 Ἀλλ’
614 2009 730 2078 ἅμα
768 2007 843 2076 ἐῳ
867 2003 1161 2074 φωσκούσῃ
1191 2004 1284 2055 καὶ
1322 2004 1350 2056 ό
1374 2001 1628 2071 βασιλεὺς
1660 1998 1901 2060 ἀκούσας
1928 1997 2020 2049 εύ-

440 2101 836 2170 θῦςέφισταται
863 2099 981 2168 ἅμα
1016 2098 1114 2168 μὲν
1138 2095 1450 2164 συγκλήτῳ,
1475 2094 1591 2164 ἅμα
1619 2093 1666 2146 δ’
1697 2088 2018 2160 ἀρχιερεῦσι

437 2191 534 2248 καὶ
564 2191 728 2244 παντί⁵
768 2189 846 2258 τῷ
882 2189 982 2258 τῆς
1034 2185 1330 2256 ἐκκλησίας
1381 2181 1730 2253 πληρῴματι,
1786 2179 1880 2231 καὶ
1925 2177 2020 2230 τὸν

439 2283 779 2354 λυπούμενον
825 2281 1229 2353 προσποιεῖται,
1295 2279 1390 2330 καὶ
1447 2276 1612 2341 ἀξιοῖ,
1667 2275 1758 2328 καὶ
1807 2271 2021 2326 ἀπειλεῖ

438 2466 573 2523 satis
597 2465 890 2520 habentem
923 2459 1052 2514 alibi
1087 2457 1230 2528 quod
1280 2463 1460 2517 curet,
1495 2452 1857 2524 plurimisque
1908 2460 2017 2505 tam

442 2557 801 2614 tumultuosis
836 2569 998 2624 quam
1033 2549 1365 2606 necessariis
1399 2547 1628 2616 publica:
1664 2544 2019 2598 administra-

442 2653 608 2708 tionis
633 2649 825 2706 ofiiciis
858 2647 1188 2702 districtum.
1221 2642 1318 2698 His
1346 2640 1676 2696 renuntiatis
1705 2637 2016 2709 patriarcha

451 2745 674 2816 agnovit
715 2741 932 2796 tandem
955 2737 1085 2807 quid
1127 2737 1413 2805 princeps,
1466 2730 1868 2801 quantumlibet
1916 2728 2020 2783 dis-

441 2836 729 2896 simulans,
798 2837 1042 2900 cuperet.
1088 2827 1166 2882 Ac
1219 2833 1399 2880 certus
1431 2839 1544 2878 non
1602 2821 1859 2877 reluctari
1897 2824 2017 2890 (va-

439 2946 567 2985 nam
606 2928 750 2983 enim
783 2935 838 2980 et
868 2925 1090 2978 stultam
1151 2932 1345 2977 contra
1411 2919 1746 2974 intellectam
1779 2918 2018 2987 impera-

441 3021 576 3076 toris
605 3020 940 3074 voluntatem
969 3014 1381 3069 contentionem
1412 3011 1553 3082 fore)
1585 3011 1652 3065 ad
1711 3011 2014 3066 cedendum

441 3110 809 3183 patriarchatu
836 3123 893 3162 se
924 3106 1182 3170 accinxit.
2042 3148 2085 3204 ο

620 3267 709 3318 21.
750 3264 812 3318 Ut
857 3263 1149 3318 Germanus
1181 3264 1550 3330 patriarchatu
1575 3264 1806 3316 cesserit.

514 3381 715 3434 Mensis
747 3382 943 3434 inierat
963 3378 1304 3447 September,
1336 3389 1389 3432 et
1413 3376 1671 3446 agebatur
1701 3375 2022 3430 venerandae

442 3478 620 3528 erucis
639 3472 855 3532 festum,
881 3468 1027 3538 quod
1054 3467 1444 3522 Exaltationem
1478 3467 1842 3536 appellamus.
1879 3465 1938 3519 ln
1961 3481 2024 3519 ea

442 3566 611 3620 sacris
650 3564 900 3616 ultimum
957 3559 1203 3614 vestibus
1246 3559 1490 3621 indutus,
1531 3558 1718 3626 sicque
1755 3557 2057 3631 celebrata,

442 3656 620 3711 crucis
659 3653 1007 3716 exaltatione,
1048 3665 1308 3718 sacraque
1352 3649 1458 3703 diei
1499 3650 1619 3718 ejus
1661 3649 1876 3719 liturgia
1924 3649 2027 3700 rite

445 3745 687 3808 functus,
712 3758 938 3812 vespere
955 3741 1057 3796 sub
1085 3745 1466 3809 crepusculum
1482 3739 1776 3803 recedit,et
1800 3741 1852 3793 in
1881 3755 2023 3801 suas,

445 3849 582 3905 quas
610 3833 710 3887 sibi
738 3832 805 3885 ad
843 3846 989 3884 mare
1029 3834 1080 3882 in
1110 3830 1403 3900 ,Manganis
1441 3838 1776 3893 extruxerat,
1812 3828 2030 3882 cellulas

447 3941 567 3981 sese
591 3923 860 3992 recipiens
885 3921 1067 3990 quiete
1091 3920 1200 3974 illic
1226 3920 1486 3990 deinceps
1509 3921 1692 3973 vivere
1723 3918 2024 3972 constituit.

444 4019 511 4070 At
539 4015 778 4071 diluculo
806 4022 1035 4083 posterae
1067 4011 1177 4065 diei
1205 4011 1390 4066 audita
1423 4026 1481 4065 re
1513 4011 1814 4080 imperator,
1848 4011 2029 4063 statim

444 4109 636 4167 adluit,
678 4123 786 4160 una
837 4122 959 4162 cum
999 4115 1192 4160 senatu
1243 4115 1297 4158 et
1341 4103 1615 4173 episcopis
1669 4103 2032 4170 universoque

442 4199 574 4254 cleri
610 4211 857 4267 corpore,
896 4212 959 4250 ac
983 4195 1171 4250 dolere
1217 4209 1276 4249 se
1309 4194 1574 4248 simulans
1607 4199 1727 4247 orat
1758 4202 1814 4245 ut
1850 4208 2034 4246 rever-

446 4301 612 4353 tatur,
656 4298 711 4343 et
759 4298 1077 4342 coacturum
1132 4302 1192 4342 se
1231 4285 1495 4350 minatur,
1521 4284 1624 4338 nisi
1650 4283 1902 4352 precibus
1934 4297 2034 4335 an-

447 4391 610 4446 nuat;
640 4380 876 4448 denique
918 4378 1058 4432 nihil
1087 4378 1156 4432 ad
1182 4392 1399 4432 omnem
1436 4375 1549 4429 veri
1583 4375 1749 4429 studii
1785 4375 2036 4429 volunta-

2125 540 2432 610 προθυμίας
2460 557 2518 593 τε
2545 539 2638 594 καὶ
2669 539 2942 611 θελήσεως
2972 539 3068 594 τοῦ
3101 542 3175 611 μὴ
3209 541 3436 610 ἀνάγειν
3468 544 3562 597 καὶ
3588 545 3688 602 πά-

2121 630 2208 682 λιν
2241 630 2422 684 αὐτόν.
2453 629 2595 701 Πρὸς
2643 631 2834 701 Κρῆτα
2863 630 2908 684 δ’
2959 630 3216 702 ἐκρήτιζε
3249 633 3491 696 πάντως.
3531 634 3690 690 Ταῦτ’

2121 725 2229 796 ἄρα
2277 726 2526 789 κάκεῖνος
2578 725 2668 778 τὸν
2703 727 2800 793 μὲν
2829 726 3131 794 ἀγνοοῦντα
3163 731 3570 797 προσεποιεῖτο,
3602 731 3692 783 καὶ

2123 816 2282 887 χάριν
2309 816 2407 883 τῆς
2439 816 2729 884 εὐμενείας
2755 816 2936 886 λέγειν
2971 818 3067 871 καὶ
3095 819 3171 880 είς
3205 819 3266 871 τὸ
3297 819 3423 889 ἑξῆς
3458 823 3688 890 εἰδήσειν

2121 907 2219 959 οὐκ
2253 907 2434 970 ὤκνει,
2480 909 2642 961 αὐτὸν
2672 909 2714 962 δ’
2759 904 2896 962 εἶναι
2924 911 3071 979 γήρᾳ
3106 913 3576 980 κατειργασμένον
3601 915 3693 967 καὶ

2121 997 2397 1068 ἀσθενείᾳ,
2455 999 2714 1069 καὶπρὸς
2757 1001 2818 1052 τὸ
2864 1001 3068 1054 διδόναι
3112 1001 3205 1053 καὶ
3241 1004 3575 1074 παραίτησιν
3604 1003 3698 1060 τοῦ

2119 1088 2219 1158 τῆς
2245 1090 2869 1153 Κωνσταντινουπόλεως
2906 1094 3098 1164 θρόνου
3136 1097 3230 1148 καὶ
3277 1097 3398 1148 λίαν
3443 1098 3698 1163 ἀσμένως

2122 1180 2333 1250 ἔχοντα,
2393 1181 2462 1250 ἢν
2515 1182 2610 1235 καὶ
2637 1182 2890 1250 δέχεσθαι
2920 1185 3174 1254 ἀντηξίου
3212 1189 3308 1240 καὶ
3343 1188 3566 1258 βασιλέα
3602 1191 3695 1242 καὶ

2121 1275 2249 1335 τοὺς
2274 1273 2546 1342 παρόντας
2593 1275 2894 1346 ἀρχιερεῖς,
2943 1277 3038 1346 ἅμ’
3068 1279 3313 1333 ἐκϐαλὼν
3349 1283 3446 1333 καὶ
3484 1281 3697 1345 δεικνὺς

2121 1364 2182 1418 τὸ
2207 1365 2463 1434 γράμμα·
2494 1367 2629 1436 μηδέ
2664 1367 2774 1436 γὰρ
2805 1369 2872 1422 ἂν
2903 1371 2998 1423 τοῦ
3024 1370 3232 1437 λοιποῦ,
3264 1371 3368 1425 κᾶν
3397 1374 3449 1426 εί
3479 1390 3531 1426 τι
3566 1390 3697 1442 συμ-

2121 1455 2276 1522 ϐαίη,
2307 1455 2404 1526 τὴν
2435 1458 2770 1526 προστασίαν
2797 1459 3119 1530 λαμϐάνειν,
3151 1462 3255 1516 κᾶν
3277 1463 3436 1527 αὐτὸς
3459 1465 3699 1533 ἀναγκὰ·

2123 1546 2207 1612 ζοι
2235 1549 2262 1600 ό
2289 1547 2562 1616 βασιλεύς.
2593 1549 2726 1602 Τότε
2775 1551 3068 1623 τοιγαροῦν
3095 1552 3126 1605 ό
3179 1554 3402 1623 κρατῶν
3457 1556 3594 1624 ἔχων
3642 1556 3698 1607 ἐν

2123 1641 2282 1711 χερσὶ
2307 1640 2556 1710 φανερῶς
2595 1641 2624 1694 ὅ
2654 1642 2713 1695 ἐν
2759 1643 2939 1713 ἀδήλῳ
2967 1643 3239 1710 ἐϐούλετο,
3271 1646 3366 1699 τοῦ
3411 1647 3510 1714 μὲν
3535 1645 3694 1701 αὐτὸν

2123 1731 2218 1784 καὶ
2247 1731 2413 1785 πάλιν
2469 1734 2948 1803 προσαναγκάζειν
3000 1736 3191 1804 ἀνῆκε,
3251 1737 3442 1806 σχῆμα
3488 1737 3694 1798 δεικνὺς

2122 1822 2470 1885 ἀπειπόντος,
2499 1823 2560 1874 τὸ
2585 1822 2630 1875 δ’
2665 1824 2921 1891 ἀγάλλειν
2954 1824 3131 1888 άλλως
3155 1827 3249 1878 καὶ
3279 1828 3446 1897 τιμᾷν
3487 1827 3694 1897 ᾑρεῖτο.

2121 1912 2230 1965 Καὶ
2258 1912 2327 1964 τὰ
2356 1911 2551 1982 πρῶτα
2587 1913 2687 1982 μὲν
2720 1915 2790 1967 τά
2817 1915 3082 1970 δοκοῦντά
3110 1917 3161 1968 οί
3191 1917 3320 1985 περὶ
3353 1920 3692 1988 πατριάρχου

2120 2004 2326 2056 ἐκεῖνον
2378 2005 2589 2074 ἠρώτα,
2621 2005 2697 2076 τῷ
2735 2006 3039 2075 σύμϐουλον
3091 2007 3376 2072 ἀξιοῦσθαι
3430 2009 3517 2060 ἐπ’
3559 2007 3695 2080 ἄλλῳ

2121 2097 2550 2167 προστησομὲνῳ
2605 2098 2890 2170 ἐξημερῶν
2946 2100 3012 2153 τά
3061 2100 3161 2170 τῆς
3197 2100 3359 2153 αὑτοῦ
3415 2102 3688 2170 παραιτή-

2121 2205 2258 2253 σεως
2281 2205 2294 2218 '
2332 2184 2450 2243 εἶτα
2481 2192 2578 2244 καὶ
2606 2191 2666 2244 τδ
2714 2191 2925 2261 πατέρα
2964 2191 3110 2260 ἔχειν
3144 2191 3308 2245 αὑτὸν
3340 2193 3434 2245 καὶ
3465 2193 3697 2260 γράφειν

2123 2283 2650 2352 προσεφιλοτιμεῖτο,
2705 2281 2763 2336 δν
2822 2284 3050 2346 ἐκεῖνος,
3100 2282 3174 2346 ὡς
3203 2283 3446 2351 λέγεται,
3486 2283 3696 2355 πρῶτος

2119 2457 2364 2522 omnino,
2397 2468 2484 2510 aut
2525 2457 2785 2527 quidquid
2813 2458 3175 2528 contingeret,
3220 2459 3583 2513 remissurum
3633 2460 3699 2516 de

2119 2550 2400 2618 proposito
2437 2557 2531 2603 aut
2582 2549 2780 2603 iterum
2809 2550 3176 2604 admissurum
3210 2551 3588 2620 patriarcbalis
3615 2567 3701 2606 ec-

2119 2640 2298 2694 clesia:
2320 2641 2584 2711 regimen,
2631 2641 2715 2695 vel
2739 2641 2798 2694 si
2827 2641 3100 2712 Augustus
3137 2657 3255 2696 sese
3283 2642 3346 2696 ad
3380 2643 3432 2696 id
3486 2642 3702 2712 adigere

2119 2743 2428 2786 conaretur.
2473 2733 2627 2786 Tunc
2654 2732 2952 2802 imperator
2984 2734 3320 2802 habensjam
3356 2734 3410 2786 in
3451 2735 3702 2788 manibus

2118 2824 2261 2892 quod
2290 2824 2429 2877 votis
2453 2823 2630 2878 tacitis
2649 2832 2884 2892 optarat,
2912 2833 3094 2892 partes
3117 2833 3296 2878 tamen
3325 2825 3495 2879 semel
3519 2840 3702 2879 susce-

2120 2917 2237 2976 ptas
2276 2925 2435 2978 agere
2481 2908 2872 2977 perseveravit,
2913 2909 3272 2972 contendens,
3320 2909 3456 2962 citra
3521 2919 3699 2963 tamen

2119 3001 2410 3069 itnperium
2438 3018 2501 3055 ac
2527 3003 2653 3065 vim,
2679 3016 2748 3054 ne
2771 3001 2828 3053 in
2854 3001 3138 3054 recusandi
3166 3002 3395 3055 consilio
3417 3009 3697 3070 perstaret,

2120 3093 2440 3161 cunctisque
2458 3093 2699 3162 gestibus
2715 3105 2778 3144 ac
2802 3091 2977 3145 modis
3001 3105 3288 3160 personam
3310 3107 3451 3160 aegre
3479 3090 3698 3148 ferentis

2122 3187 2455 3256 exprimens,
2480 3200 2542 3239 ac
2561 3200 2683 3238 cum
2705 3184 2797 3238 diu
2829 3184 2969 3238 nihil
2992 3184 3294 3253 proﬁceret,
3317 3183 3468 3252 quasi
3507 3184 3696 3242 victus.

2121 3281 2206 3334 ad-
2239 3279 2577 3349 propositum
2623 3286 2770 3332 certe
2809 3277 3170 3347 proﬁtendum
3213 3277 3560 3332 verissimum
3615 3278 3698 3332 de-

2123 3374 2387 3428 seendens
2436 3387 2650 3442 semper
2691 3373 2809 3442 ejus
2861 3370 3060 3424 eximie
3121 3369 3474 3438 impenseque
3530 3371 3698 3423 hono-

2123 3467 2299 3521 randi.
2337 3467 2488 3532 Quod
2517 3463 2738 3532 exsequi
2783 3463 2947 3532 erepit
2987 3470 3113 3516 ante
3157 3462 3339 3515 omnia
3373 3461 3699 3515 benevolen-

2128 3563 2334 3617 tissime
2365 3560 2599 3628 roganda
2619 3558 2877 3613 Germani
2905 3556 3174 3612 sententia
3202 3557 3344 3609 circa
3375 3554 3697 3611 electionem

2127 3651 2458 3708 successoris
2485 3651 2625 3719 ejus,
2652 3651 2810 3719 plane
2843 3665 2950 3717 pr.e
2981 3663 3039 3701 se
3077 3646 3298 3700 ferendo
3325 3648 3399 3716 (et
3426 3663 3492 3700 eo
3517 3648 3701 3701 videli-

2127 3755 2213 3799 cet
2240 3745 2358 3813 ipso
2382 3742 2615 3796 delinire
2643 3739 2956 3810 satagendo,
2997 3738 3040 3790 si
3069 3753 3171 3806 qua
3207 3737 3257 3791 ei
3303 3747 3611 3807 superesset
3646 3738 3698 3791 in

2129 3837 2305 3904 ipsum
2332 3833 2560 3888 offensio
2581 3840 2860 3902 penetrata
2889 3829 3114 3883 forsitan
3143 3829 3368 3899 Augusti
3391 3844 3585 3884 arcana
3607 3844 3698 3882 vo-

2129 3930 2358 3990 luntate,
2400 3927 2556 3997 cujus
2585 3933 2729 3979 esset
2758 3932 3010 3992 respectu
3034 3923 3102 3976 ad
3139 3921 3540 3975 abdicationem
3581 3936 3700 3974 coa-

2129 4018 2268 4087 etus)
2294 4019 2474 4087 plane,
2495 4017 2735 4084 inquam,
2757 4013 3082 4068 declaranda
3107 4027 3164 4069 se
3189 4013 3412 4066 omnino
3441 4013 3575 4067 velle
3601 4011 3699 4080 ple.

2134 4123 2264 4161 num
2333 4107 2382 4160 ei
2442 4105 2730 4160 arbitrium
2785 4103 2993 4158 servari
3048 4102 3192 4155 circa
3258 4102 3530 4155 delectum
3580 4103 3696 4155 novi

2132 4202 2478 4272 patriarcha’.
2536 4197 2760 4252 Addidit
2813 4196 2946 4265 quin
3007 4195 3171 4249 etiam
3234 4210 3293 4249 se
3343 4196 3512 4264 patris
3553 4195 3698 4248 dein-

2134 4310 2262 4362 ceps
2317 4292 2439 4346 loco
2494 4291 2674 4359 ipsum
2737 4288 2936 4341 habere
2990 4287 3330 4350 decrevisse‘,
3382 4284 3697 4340 celebravit-

2134 4401 2238 4456 que
2279 4385 2441 4438 istum
2474 4384 2736 4436 honorem
2794 4380 3012 4449 scriptis
3065 4379 3114 4432 ei
3166 4379 3454 4432 ambitiose
3513 4377 3700 4432 litteris

449 4473 624 4539 lisque
661 4468 1118 4538 significationem
1151 4467 1255 4521 sibi
1299 4465 1428 4519 facit
1467 4463 1700 4533 reliqui,
1741 4464 2024 4533 quominus

2139 4479 2230 4534 tali
2264 4477 2442 4540 titulo,
2465 4491 2626 4544 quem
2659 4473 3084 4544 splendidiorem
3111 4471 3342 4525 faciebat
3365 4471 3699 4535 attributum,

445 4579 510 4618 ex
549 4562 732 4616 animo
753 4574 954 4630 cupere
984 4571 1388 4628 procurareque
1438 4555 1574 4609 velle
1609 4563 1892 4623 putaretur
1939 4568 2026 4607 re-

445 4655 618 4708 ditum
655 4653 774 4721 ejus
798 4652 863 4704 ad
894 4651 1172 4704 thronum.
1195 4648 1274 4700 Ad
1299 4661 1360 4700 ea
1391 4645 1713 4707 Germanus,
1745 4659 1868 4697 eum
1898 4643 2020 4698 Cre-

447 4744 610 4809 tensi,
643 4753 701 4797 ut
727 4741 948 4805 dicitur,
975 4739 1274 4804 cretizans,
1298 4748 1354 4792 et
1392 4738 1446 4790 in
1473 4736 1823 4791 simulatione
1857 4735 2028 4806 igno-

450 4834 605 4889 randi
629 4843 865 4888 mentem
892 4831 1140 4886 intimam
1163 4828 1427 4898 principis
1442 4828 1690 4896 gnaviter
1703 4826 2026 4897 persistens,

449 4924 712 4996 plurimas
737 4939 795 4977 se
819 4920 1145 4992 benignitati
1174 4920 1294 4988 ejus
1333 4927 1494 4973 tantae
1527 4926 1580 4972 et
1627 4932 1787 4988 agere
1827 4917 1938 4987 jam
1974 4925 2030 4971 et

451 5017 715 5085 deinceps
735 5030 950 5084 semper
967 5012 1280 5067 habiturum
1309 5011 1622 5080 referreque
1640 5009 1783 5065 haud
1804 5017 2029 5064 cuncta-

449 5119 652 5170 turum,
677 5106 768 5160 ubi
787 5115 993 5175 posset,
1023 5102 1224 5172 gratias
1255 5104 1533 5172 respondit
1558 5120 1568 5156 :
1596 5102 1755 5172 300
1772 5111 2029 5158 caeterum

450 5202 606 5255 senio
653 5218 710 5254 se
760 5210 814 5254 et
872 5198 1186 5252 inﬁrmitate
1218 5195 1472 5259 fractum,
1496 5196 1730 5266 indeque
1765 5196 2029 5266 imparem

451 5293 605 5348 oneri
634 5302 793 5347 tanta:
837 5289 1350 5355 administrationis,
1393 5289 1459 5342 ad
1503 5289 1858 5344 libentissime
1895 5291 2029 5345 dan-

452 5388 578 5440 dam
607 5385 706 5438 rite
735 5394 1055 5452 conceptam
1084 5382 1386 5436 cessionem
1421 5383 2030 5451 ConstantinOpOIitante

451 5477 596 5532 sedis
626 5486 935 5545 promptum
969 5483 1328 5545 paratumque
1358 5491 1496 5540 esse,
1531 5491 1754 5544 eamque
1780 5487 1837 5529 ut
1883 5476 2028 5530 acci-

451 5580 647 5639 perent
680 5583 868 5637 rogare
897 5567 1283 5638 imperatorem
1316 5579 1370 5622 et
1402 5577 1692 5636 prmscntes
1719 5568 2027 5638 episcopos.

451 5658 626 5713 Simul
670 5673 732 5711 ea
760 5657 948 5712 dicens
982 5658 1238 5729 scriptam
1271 5658 1538 5713 cessionis
1571 5657 1858 5713 formulam
1899 5660 2048 5731 por?

453 5762 622 5816 rextt,
651 5751 887 5823 graviter
907 5750 1130 5808 edicens
1160 5767 1230 5806 ne
1251 5765 1532 5822 sperarent
1565 5754 1944 5822 acquieturum
1969 5772 2028 5812 se

2135 4580 2194 4628 ut
2226 4569 2523 4631 ferebatur,
2551 4567 2870 4623 aGermano
2900 4565 3077 4635 primo
3109 4563 3352 4618 omnium
3380 4562 3703 4632 imperatori

2129 4659 2423 4733 gloriosum
2463 4671 2765 4728 cognomen
2809 4655 2937 4710 novi
2981 4654 3325 4709 Constantini
3359 4673 3372 4708 :
3404 4653 3532 4723 quid
3563 4654 3702 4728 enim

2128 4751 2307 4821 majus
2354 4749 2526 4804 videri
2572 4754 2782 4820 poterat
2817 4763 2979 4816 quam
3027 4746 3082 4800 in
3123 4745 3292 4816 patris
3335 4746 3589 4802 allectum
3653 4753 3706 4800 et

2129 4841 2506 4896 auctoritatem
2540 4857 2569 4895 a
2595 4857 2737 4896 novo
2769 4838 3126 4895 Constantino
3152 4838 3388 4907 suscipi?
3415 4837 3524 4892 Nec
3551 4839 3704 4892 omit-

2132 4942 2241 4988 tam
2279 4934 2645 5004 qualicunque
2679 4930 2968 4986 occasione
3010 4928 3076 4983 de
3127 4927 3229 4981 ista
3272 4927 3702 4980 nomenclatione

2131 5024 2403 5094 explicare
2433 5022 2638 5092 aliquid
2661 5019 2996 5075 distinctius.
3042 5018 3175 5087 Ejus
3209 5017 3461 5070 inventor
3491 5017 3701 5086 quidem

2131 5126 2186 5171 et
2216 5116 2426 5186 primus
2457 5113 2645 5170 artifex
2669 5113 2971 5168 Germanus
3008 5109 3130 5177 fuit,
3163 5125 3259 5164 sua
3292 5111 3522 5179 quadam
3555 5109 3606 5163 in
3652 5108 3701 5162 id

2131 5208 2548 5278 excogitandum
2577 5214 2868 5276 provectus
2899 5205 3084 5258 innata
3117 5203 3298 5257 indole
3338 5202 3700 5269 obsequiosis-

2133 5301 2268 5354 sime
2296 5296 2635 5370 gratiﬁcandi
2666 5294 3037 5365 regnantibus.
3072 5293 3299 5361 Excepit
3327 5303 3507 5347 autem
3534 5294 3700 5362 impe-

2131 5398 2279 5444 rator
2304 5405 2412 5442 non
2433 5397 2490 5441 ut
2519 5385 2752 5456 elogium
2775 5394 2980 5438 temere
3003 5383 3265 5445 delatum,
3286 5383 3378 5437 sed
3398 5393 3455 5437 ut
3479 5382 3629 5454 301
3650 5381 3699 5434 id

2133 5483 2190 5536 in
2217 5497 2324 5551 quo
2342 5478 2576 5550 perspici
2605 5476 2865 5547 gauderet
2895 5490 3054 5544 quam
3074 5473 3176 5527 sibi
3194 5489 3302 5528 non
3324 5490 3518 5527 vanum
3547 5489 3697 5528 omen

2131 5574 2326 5629 fuisset
2360 5569 2645 5625 domestici
2679 5568 2877 5622 veteris
2911 5567 3190 5638 cujusdam
3231 5567 3465 5637 augurii,
3497 5581 3600 5636 quo
3624 5581 3697 5629 se,

2134 5676 2193 5722 ut
2220 5667 2418 5730 aiebat,
2467 5662 2851 5718 recordabatur
2894 5659 3309 5714 Constantinum
3341 5676 3371 5713 a
3397 5661 3698 5729 parentibus

2133 5758 2360 5814 vocitari
2410 5756 2698 5826 puerulum
2753 5755 2991 5809 solitum.
3048 5753 3184 5806 Sunt
3233 5764 3412 5806 tamen
3463 5754 3553 5819 qui
3599 5769 3700 5806 non
