3926 6528
251 344 349 405 ’1ί9

1172 343 1270 404 DE
1309 343 1704 406 MICHAELE
1742 343 2206 407 PALBOLOGO
2247 345 2396 409 LIB.
2440 346 2534 408 ιν.

3383 345 3487 402 τῧῖὶ

251 459 349 510 τὼν
377 455 548 508 ἄλλων
579 456 698 506 νέον
723 454 1132 508 Κωνσταντῖνον
1163 451 1638 524 προσεπευφήμει.
1674 455 1738 508 Τί
1759 455 1815 509 δὲ
1845 460 1890 518 Α
1923 459 2171 524 προνοεῖν
2199 458 2451 526 περιττὸν
2480 457 2655 519 ἄλλως
2678 456 2771 511 καὶ
2797 457 2896 510 οὐκ
2929 456 3226 526 ἀναγκαῖον
3258 462 3372 521 τοῖς
3395 465 3491 511 καὶ

255 549 426 618 μεῖζον
452 539 596 600 εἶναι
625 545 718 597 τοῦ
749 549 826 608 είς
872 548 1083 617 πατέρα
1113 546 1376 613 τετάχθαι
1405 546 1482 615 τῷ
1526 545 1630 612 νέῳ
1661 547 1815 599 Κων-

253 641 504 707 σταντίνῳ
540 640 634 691 καὶ
664 638 913 705 βασιλεῖς
951 639 1032 690 Τὰ
1069 638 1177 707 γὰρ
1214 639 1344 704 περὶ
1368 637 1558 689 τούτου
1597 636 1810 688 πλατυ-

251 733 355 793 κῶς
378 733 571 792 εἰπεῖν,
607 730 759 792 ἔταξε
796 730 893 796 μὲν
925 731 1198 799 Γερμανὸς
1235 730 1450 796 πρῶτος
1483 727 1560 796 τῷ
1602 727 1814 796 βασιλεῖ

251 820 627 890 χαριζόμενος,
665 816 774 882 οἷος
808 823 1011 883 ἐκεῖνος
1067 820 1164 888 τὴν
1205 820 1340 889 πρὸς
1387 819 1513 880 τοὺς
1543 817 1810 885 ἄρχοντας

251 912 558 982 θεραπείαν,
579 911 1015 979 ὑπεραπεδέξατο
1035 909 1090 961 δὲ
1112 912 1202 961 καὶ
1221 909 1472 978 βασιλεὺς
1490 908 1564 970 ὡς
1580 906 1665 978 [Ρ.
1683 905 1810 978 205]

249 1005 337 1071 οὐχ
369 1001 556 1063 ἁπλῶς
590 1000 915 1070 συμϐάντος,
965 999 1078 1051 ἀλλ’
1103 1001 1184 1050 ὅτι
1214 998 1344 1049 ποτὲ
1373 995 1629 1064 νηπιόθεν
1656 996 1812 1046 Κωνο

251 1095 516 1150 σταντῖνος
551 1097 699 1157 παρὰ
737 1091 1012 1158 πατέρων,
1049 1089 1123 1150 ὡς
1177 1088 1385 1154 ἔλεγεν,
1420 1087 1603 1156 ἤκουε.
1655 1086 1718 1135 0i
1753 1083 1810 1134 δὲ

251 1187 495 1251 Μανουὴλ
524 1185 772 1250 λέγουσιν
798 1201 812 1214 ο
838 1184 864 1234 ὃ
898 1184 992 1233 καὶ
1032 1181 1431 1250 ἀληθινώτερον
1456 1175 1609 1247 οἶμαι
1635 1178 1723 1229 διὰ
1755 1176 1813 1226 τὸ

250 1275 374 1344 παρ’
402 1275 537 1326 αὐτὸ
574 1273 967 1343 προφοίδασμα
1027 1271 1388 1338 ίσαριθμῆσον
1416 1267 1483 1320 τὰ
1537 1266 1710 1336 μέτρα
1746 1265 1812 1315 τὰ

250 1367 333 1420 τοῦ
362 1366 501 1437 βίον,
534 1370 633 1434 τῆς
662 1366 905 1433 κλήσεως
939 1366 994 1415 τὲ
1032 1381 1172 1433 φημι
1206 1363 1300 1416 καὶ
1331 1359 1710 1428 τοὺπωνύμου.
1749 1359 1812 1408 ’Ὀ

249 1461 304 1529 δὴ
334 1461 422 1511 καί
450 1477 603 1519 τινας
627 1458 888 1524 ἕσφαλλεν
929 1458 1190 1518 ἱστῶντας
1222 1457 1348 1518 τοὺς
1379 1455 1605 1524 χρόνους
1638 1455 1693 1513 ἐς
1726 1451 1811 1503 δε-

250 1553 470 1604 καεπτά.
501 1552 576 1601 Τὸ
626 1553 731 1619 γὰρ
784 1549 1146 1614 ιιαλαιολόγος
1199 1546 1418 1615 Μιμὴλ
1479 1546 1718 1612 στοιχεῖα
1751 1540 1812 1604 λζ’

250 1647 411 1712 φέρει.
441 1645 841 1711 Ιιροσκείμενον
864 1643 918 1694 δὲ
951 1643 1008 1693 τδ
1038 1638 1294 1707 Μινουὴλ
1320 1639 1412 1689 τὸν
1443 1635 1814 1703 είκοσιτέτςιρ-

245 1753 327 1786 τον
356 1736 451 1802 τῆς
485 1735 765 1803 βασιλεὶας
806 1735 992 1803 χρόνον
1027 1733 1295 1800 ἐδήλωσεν
1342 1731 1622 1799 ἅντικρυέ.
1677 1728 1811 1780 Τότε

1914 546 2006 600 τὸν
2033 547 2161 609 τοὺς
2202 548 2456 610 νεοσσοὺς
2514 548 2622 600 τῶν
2657 549 2908 616 κοράκων
2960 548 3233 618 τρέφοντα
3284 548 3492 618 έχουσι.

1917 636 2064 706 Πλὴν
2089 635 2224 688 ἀλλά
2274 619 2366 688 και
2411 637 2443 706 ἡ
2503 637 2610 706 ἐμὴ
2657 637 2921 706 ἐκκλησία
2959 656 2975 688 ι
3022 637 3236 708 (ἐδήλου
3277 638 3331 689 δὲ
3391 639 3490 708 τὴν

1928 726 2381 796 Ἀδριανούπολιν)
2447 746 2464 778 ι
2529 729 2618 780 τὸν
2671 718 2802 796 ἐμὸν
2853 731 3110 798 ἀρχιερέα
3159 730 3488 788 πλοηοῦτα.

1916 818 2028 888 ἔχει
2057 819 2277 889 τρέφειν
2317 820 2410 872 καὶ
2437 820 2624 888 ἄμτω,
2663 821 2880 888 σύναιμα
2931 825 3022 873 καὶ
3048 822 3164 890 Θεῷ
3195 823 3463 889 χιρηγοῦν
3483 851 3494 860 -

1915 925 1990 962 τι.
2030 928 2048 962 ι
2090 909 2276 964 Ταῦτα
2306 910 2404 980 μὲν
2453 907 2544 964 οὖν
2571 913 2690 964 τότε
2718 915 2743 964 ὁ
2785 913 3063 981 Γερμανὸς
3089 915 3179 965 ἐπὶ
3215 916 3347 966 πᾶσι
3377 918 3493 976 τοῖς

1917 998 2267 1068 προδληθεῖσι
2309 1001 2741 1070 παραιτούμενος
2769 1002 2972 1067 ἔλεγεν.
2996 998 3104 1053 Ἠν
3144 1002 3186 1054 δ’
3217 1001 3273 1055 ὃν
3304 1004 3490 1068 ἔλεγεν

1918 1089 2112 1142 ἑαυτοῦ
2138 1092 2203 1159 τῇ
2241 1091 2672 1157 Ἀδριανουπόλει
2704 1094 3139 1164 ἐπ.κηρυχθέντα
3172 1094 3287 1162 μετ’
3326 1095 3490 1146 αὐτὸν

1919 1183 2052 1250 παρ’
2077 1182 2240 1234 αὑτοῦ
2273 1183 2300 1232 ὁ
2332 1184 2549 1252 ἀνεψιὸς
2582 1185 2790 1237 ἐκείνου
2845 1186 3108 1255 Βαρλαὰμ
3141 1187 3239 1238 εἴτ’
3265 1184 3356 1239 οὖν
3391 1188 3496 1237 B1-

1922 1273 2137 1338 σίλειος,
2163 1273 2220 1334 ὃς
2250 1274 2386 1343 πρὸς
2437 1275 2535 1344 μὲν
2563 1276 2633 1328 τὰ
2667 1279 2747 1339 εἰς
2801 1280 3181 1349 πνευματικὴν
3212 1282 3490 1334 πολιτείαν

1921 1367 2015 1416 καὶ
2047 1366 2163 1418 λίαν
2200 1367 2414 1436 ἀμελῶς
2452 1364 2615 1438 εἶχεν.
2791 1352 2799 1358 ’

1919 1521 2020 1590 κβν.
2055 1524 2188 1590 Περὶ
2228 1524 2332 1577 τοῦ
2383 1525 2937 1596 Ἀδριανουπόνῑεως
3015 1535 3338 1588 Βασιλειόυ
3391 1533 3500 1588 εἴτ’

2476 1595 2588 1652 οὖν
2621 1595 2925 1669 Rapiatur.

1987 1731 2071 1804 [Ρ.
2100 1732 2228 1805 204]
2268 1734 2477 1798 Ἀλλως
2501 1736 2555 1789 δὲ
2591 1737 2918 1806 φιλόκοσμος
2947 1739 3022 1792 ὢν
3053 1740 3241 1802 ἵπποις
3272 1742 3495 1810 ἐχρῆτο,

245 1824 367 1886 γοῦν
389 1827 482 1878 καὶ
514 1828 642 1895 περὶ
674 1825 774 1893 τῆς
806 1824 926 1876 κατ’
963 1826 1168 1876 ἐκεῖνον
1201 1819 1638 1892 προσκοποῦντος
1673 1833 1801 1886 προ·
1843 1797 1884 1851 Β
1914 1823 2030 1878 ἔστι
2068 1825 2114 1878 δ’
2152 1827 2240 1878 ὅτε
2295 1827 2388 1880 καὶ
2432 1828 2638 1891 ὅπλοις,
2675 1831 2770 1882 καὶ
2797 1832 3303 1902 προσεφιλοτιμεῖτο
3335 1836 3497 1902 ὁμόσε

245 1915 378 1977 νοίας
399 1916 491 1968 καί
520 1932 587 1983 γε
618 1916 720 1968 οὑκ
748 1915 901 1983 ὀλίγα
934 1912 1572 1983 προσεπαγγελλομένου,
1613 1909 1812 1990 «Ὀψε-

244 2026 327 2061 ται
358 2007 484 2070 Θεὸς
510 2009 604 2060 τὸν
633 2010 713 2070 εἰς
743 2007 800 2058 τὸ
831 2006 1142 2075 ποιμαίνειν
1171 2005 1444 2074 αὐτάρκη.
1478 2003 1610 2070 πρὸς
1641 2001 1695 2054 δὲ
1717 1999 1812 2053 καὶ

247 2101 662 2170 σννεπιλήῲεταί
691 2101 738 2153 oi
767 2099 876 2153 τῶν
902 2099 1065 2167 ἱερῶν
1101 2099 1406 2168 μεριμνῶν.
1431 2097 1503 2147 Τὸ
1528 2095 1572 2146 δ’
1605 2095 1684 2155 εἰς
1709 2109 1812 2144 πα-

244 2192 364 2256 τέρα
407 2190 672 2258 τετάχθαι
696 2190 773 2258 τῷ
812 2188 1023 2258 βασιλεί
1064 2190 1206 2258 μέγα
1245 2187 1344 2258 μὲν
1378 2187 1469 2238 καὶ
1500 2185 1675 2247 ἄλλως
1725 2200 1813 2235 σε-

248 2280 370 2349 μνόν
388 2294 401 2307 ·
435 2279 577 2349 πλὴν
601 2278 661 2332 ὃν
690 2278 938 2340 καὶ’Θεὸς
961 2280 1038 2341 εἰς
1052 2277 1329 2330 υἱοθεσίαν
1343 2272 1807 2346 προσεπελάϐετο,

243 2371 321 2434 τίς
353 2371 534 2432 ἱκανὸς
589 2373 670 2434 εἰς
719 2372 931 2440 πατέρα
983 2369 1285 2438 κεκλῆσθαι
1337 2367 1531 2437 τούτῳ,
1562 2369 1611 2418 εἰ
1647 2364 1723 2435 μὴ
1751 2364 1811 2417 ὃν

244 2463 440 2524 ἐκεῖνος
475 2463 581 2532 μὲν
614 2462 769 2531 μόνος
797 2461 946 2526 ἄξιον
973 2462 1048 2523 είς
1087 2459 1186 2528 τὴν
1213 2460 1282 2511 ὲπ
1306 2459 1566 2528 τροπείαν
1593 2457 1766 2526 κρινεί
1791 2471 1806 2520 ;

243 2554 296 2605 τὸ
321 2555 498 2623 μέντοι
530 2570 598 2624 γε
633 2552 740 2606 τῶν
784 2551 1097 2621 ἀναγκαίων
1133 2547 1578 2621 προμηθεύεσθαί
1629 2563 1683 2600 τι
1715 2547 1810 2598 καὶ

243 2734 676 2793 Constantinum,
714 2733 809 2787 sed
857 2731 1160 2785 Manuelem
1222 2727 1552 2798 appellatum
1615 2725 1670 2779 in
1704 2725 1808 2778 in-

241 2826 400 2880 fantia
479 2823 802 2878 ltlit-haelem
882 2822 1239 2890 Palwologum
1321 2816 1680 2888 prodiderint.
1750 2814 1809 2869 Id

241 2917 372 2985 quod
433 2916 689 2984 equidem
766 2923 896 2983 puto
973 2912 1176 2973 verius.
1255 2910 1400 2979 quod
1456 2908 1536 2962 sic
1606 2917 1808 2962 eventu

241 3018 602 3078 perpetratum
634 3016 892 3076 appareat
919 3004 1222 3075 auspicium
1247 3017 1278 3057 e
1322 3016 1552 3055 numero
1599 3000 1806 3053 littera-

1912 1921 2026 1980 τοῖς
2054 1917 2327 1987 πολεμίοις
2360 1921 2874 1994 χωρῶν.Ταῦτ’άρα
2916 1931 3005 1978 καὶ
3037 1925 3233 1990 ζῶντος
3274 1929 3370 1994 μὲν
3398 1929 3490 1982 τοῦ

1916 2009 2060 2061 Οείου
2095 2011 2152 2061 ὲν
2182 2009 2524 2078 καταγνώσει
2548 2012 2719 2065 ταῦτα
2748 2016 3002 2084 πράττων
3033 2020 3459 2085 συνεγινώσκετο
3480 2037 3493 2051 ο

1915 2096 2038 2149 ὕστε
2050 2115 2138 2166 ρον
2158 2098 2212 2150 δὲ
2232 2101 2324 2152 καὶ
2344 2100 2517 2154 ἄλλων
2546 2105 2982 2172 προστριϐἐντων
3009 2107 3156 2177 αὑτῷ
3187 2127 3500 2180 κατηγορη-

1918 2188 2125 2256 μάτων,
2161 2189 2253 2242 τοῦ
2297 2191 2548 2260 γέροντος
2581 2195 3034 2262 μεταλλάξαντος,
3064 2199 3185 2250 ἐπεὶ
3209 2203 3287 2262 εἰς
3314 2203 3497 2272 κρίσιν

1913 2276 2247 2348 καλούμενος
2276 2281 2368 2334 ὲπὶ
2390 2283 2606 2346 πολλαῖς
2641 2287 2878 2356 ἡμέραις
2906 2289 2999 2342 τὸν
3035 2292 3332 2360 ἐπίληπτον
3361 2295 3493 2346 ὑπε-

1913 2371 2128 2439 κρίνετο
2155 2373 2230 2436 ὡς
2265 2377 2685 2444 προσποιεῖσθαι
2715 2380 2881 2449 μηδὲν
2910 2381 3020 2434 τῶν
3054 2384 3176 2437 καθ’
3208 2386 3375 2438 αὑτὸν
3407 2390 3487 2438 εί-

1912 2458 2085 2526 δέναι,
2117 2463 2267 2526 τέλος
2297 2464 2560 2532 ὑφίστατο
2584 2468 2683 2537 τὴν
2721 2470 2824 2522 άπδ
2849 2471 2949 2539 τῆς
2978 2475 3198 2526 συνόδου
3229 2476 3487 2546 καθαίρε-

1913 2568 2018 2607 σιν.
2052 2557 2159 2608 Καὶ
2181 2557 2343 2620 εὐθὺς
2375 2558 2494 2627 μεθ’
2525 2559 2785 2629 ἡμέραςὸ
2815 2564 3012 2626 ἐκστὰς
3053 2565 3213 2633 δῆοεν
3239 2569 3492 2638 ἔμφρων,

1910 2743 2053 2797 ctus.
2090 2734 2270 2788 minus
2308 2752 2424 2790 eam
2450 2737 2589 2792 duco
2621 2739 3004 2802 necessariam,
3030 2756 3152 2796 cum
3188 2745 3372 2814 utique
3400 2763 3470 2801 nu

1913 2823 2120 2877 tritium
2143 2825 2472 2880 habentibus
2498 2827 2590 2895 qui
2625 2827 2800 2896 pascit
2822 2829 2996 2897 pullos
3030 2846 3340 2888 corvorum.
3377 2837 3494 2888 Car-

1913 2925 2087 2969 terum
2121 2923 2174 2968 et
2198 2931 2315 2969 meo
2337 2916 2496 2984 302
2524 2916 2754 2969 ecclesia
2797 2917 3356 2988 (Adrianopolitanam
3398 2927 3492 2974 ιΙρ-

1913 3005 2180 3076 signabat)
2220 3005 2297 3058 illi
2326 3021 2486 3074 quem
2515 3007 2564 3060 ei
2593 3007 2890 3062 domestica
2928 3009 3061 3063 mihi
3089 3014 3494 3069 necessitudine

243 3119 349 3154 rum
375 3103 487 3170 ejus
514 3099 756 3154 nominis
781 3099 1000 3153 ductum
1047 3097 1114 3150 ad
1154 3096 1592 3166 praedestinatum
1633 3093 1803 3161 ipsius
1836 3127 1878 3184 ο
1912 3095 2203 3150 obnoxium
2237 3096 2538 3150 autisti:em
2561 3097 2800 3174 pra-feci,
2835 3113 2929 3151 eas
2963 3099 3146 3168 copias
3186 3105 3498 3172 suppeditat

242 3194 452 3263 imperio
493 3192 757 3261 temporis
789 3189 1021 3259 spatium
1046 3188 1418 3242 indicandum.
1450 3186 1588 3239 Nam
1629 3185 1674 3238 is
1699 3200 1804 3238 nu-

242 3304 408 3342 merus
457 3297 594 3342 tunc
635 3294 842 3339 tantum
875 3299 998 3338 cum
1041 3295 1272 3336 numero
1308 3294 1575 3334 annorum
1607 3277 1808 3347 quibus

239 3379 506 3447 imperavit
535 3378 816 3442 convenit,
843 3393 965 3430 cmn
985 3392 1096 3430 non
1128 3375 1240 3429 sola
1265 3373 1372 3427 veri
1396 3374 1515 3442 ejus
1545 3371 1803 3435 nominis,

240 3471 321 3524 sed
357 3482 616 3540 praeterea
670 3448 1008 3540 cognominis
1043 3467 1202 3521 istius
1244 3467 1511 3520 elementa
1551 3465 1607 3518 in
1644 3480 1805 3518 unam

237 3562 447 3614 conﬂata
474 3577 741 3616 summam
756 3561 976 3614 fuerint.
994 3560 1126 3614 Nam
1140 3559 1266 3612 inde
1280 3559 1533 3626 deceptos
1545 3557 1803 3626 quosdam

242 3655 492 3721 novimus,
539 3654 634 3724 qui
682 3663 1035 3724 regnaturum
1090 3655 1235 3706 hunc
1277 3649 1578 3720 principem
1645 3649 1804 3704 annis

239 3744 482 3799 duntaxat
528 3745 918 3814 septemdecim
950 3748 1385 3802 autumavcrant,
1412 3755 1476 3794 eo
1513 3739 1657 3809 quod
1692 3757 1803 3792 no-

239 3851 350 3889 men
379 3838 474 3890 hoc
510 3835 742 3888 Michael
779 3835 1106 3903 Palaeologus
1158 3832 1385 3884 totidem
1426 3839 1642 3884 constet
1667 3829 1804 3883 litte-

237 3927 324 3988 ris,
362 3944 463 3982 non
490 3927 988 3981 animadvertentes
1018 3924 1422 3994 adjungendum
1463 3923 1591 3976 huic
1633 3922 1801 3976 fuisse

237 4028 641 4087 cognomentum
681 4015 968 4078 Manuelis,
1005 4015 1162 4084 cujus
1199 4012 1483 4066 elementis
1518 4012 1583 4064 ad
1623 4012 1799 4081 priora

237 4110 610 4177 septemdecim
647 4109 841 4162 additis
871 4122 1134 4160 numerus
1155 4107 1469 4159 absolvetur
1494 4114 1726 4174 quatuor
1747 4113 1802 4158 et

237 4200 426 4270 viginti,
448 4209 586 4271 quot
611 4201 769 4253 annis
799 4198 968 4252 fuisse
998 4199 1148 4251 illum
1179 4198 1572 4266 imperaturum
1604 4206 1799 4250 eventa

237 4294 694 4346 demonstrarunt.
717 4290 873 4344 Tunc
895 4290 1058 4359 igitur
1077 4306 1199 4343 cum
1225 4297 1480 4356 puteterea
1505 4288 1799 4357 imperator

235 4383 590 4438 etlunderctur
625 4382 677 4435 in
706 4396 921 4436 omnem
948 4380 1400 4450 significationem
1433 4379 1669 4432 liberalis
1700 4381 1796 4432 bc-

1911 3197 2028 3252 qttac
2061 3189 2125 3242 ad
2153 3203 2255 3242 nos
2277 3204 2430 3256 aeque
2461 3189 2648 3243 ambos
2671 3190 2897 3243 alendos
2926 3191 3141 3246 abunde
3171 3194 3300 3248 sint.
3346 3197 3493 3250 Taiis

1914 3288 2041 3332 tunc
2073 3278 2328 3334 Germani
2371 3280 2472 3332 fuit
2523 3280 2717 3340 oratio,
2745 3297 2863 3348 qua:
2889 3281 2992 3350 ipsi
3024 3285 3286 3338 obtulerat
3317 3287 3493 3356 impe-

1911 3384 2056 3423 rator
2081 3387 2342 3440 generose
2374 3372 2694 3425 recusantis.
2734 3373 2855 3426 Fuit
2884 3382 3065 3427 autem
3099 3376 3144 3428 is
3173 3395 3330 3446 quem
3355 3381 3491 3434 dixit

1908 3479 1936 3516 a
1964 3479 2021 3514 se
2049 3463 2131 3516 sui
2167 3463 2285 3517 loco
2314 3465 2666 3533 pr;t:pusil.tttlt
2687 3464 2946 3519 Ecclesia:
2975 3467 3490 3540 Adriattopolitanm,

1908 3557 2081 3626 ipsius
2114 3573 2176 3611 ex
2216 3558 2381 3612 fratre
2414 3561 2494 3614 vel
2532 3578 2718 3617 sorore
2747 3580 2918 3634 nepos
2946 3564 3210 3629 Barlaam,
3241 3568 3347 3621 alio
3393 3585 3489 3621 no-

1908 3647 2054 3700 mine
2080 3647 2310 3702 Basilius
2343 3649 2545 3712 dictus,
2578 3665 2768 3704 eorum
2803 3668 2924 3721 qua:
2965 3654 3032 3706 ad
3083 3655 3400 3724 religionem
3441 3663 3493 3710 et

1907 3756 2117 3793 sacram
2142 3740 2484 3809 disciplinam
2509 3742 2856 3810 pertinebant
2873 3744 3164 3798 admodum
3188 3747 3492 3817 negligens.

1907 3878 1994 3930 E2.
2035 3877 2108 3929 De
2139 3880 2376 3943 episcopo
2403 3877 2820 3948 Adrianopoleos
2843 3879 3046 3934 Basilio
3072 3883 3182 3934 sive
3208 3881 3486 3937 Barlaam,

1973 4014 2239 4069 Caeterum
2273 4015 2452 4069 decori
2487 4017 2663 4071 cultus
2707 4020 2984 4075 studiosus
3026 4022 3178 4090 equis
3206 4023 3480 4086 utebatur,

1904 4106 2172 4161 interdum
2212 4116 2274 4160 ου
2291 4107 2487 4173 armis;
2527 4109 2580 4162 in
2615 4126 2722 4179 quo
2752 4111 2912 4165 etiam
2943 4113 3229 4168 ambitiose
3260 4131 3489 4174 genero-

1902 4197 2110 4252 sitatem
2133 4208 2410 4254 ostentare
2427 4202 2664 4264 amabat,
2698 4203 2951 4258 cominus
2977 4207 3334 4273 congrediens
3362 4224 3484 4260 eum

1901 4287 2170 4344 hostibus.
2207 4291 2265 4345 Et
2293 4292 2408 4346 hzec
2448 4294 2668 4361 quidem
2701 4297 2810 4364 jam
2861 4306 2969 4349 tum
3008 4314 3202 4366 patruo
3245 4301 3483 4365 vivente,

1902 4381 2298 4448 parvipcndens
2345 4384 2464 4450 ejus
2499 4394 2775 4454 utcunque
2820 4390 3153 4443 contrarium
3213 4393 3295 4445 vel
3337 4395 3489 4457 judi-

236 4474 558 4536 nevolenthe,
585 4472 726 4525 ultro
742 4471 1044 4540 pollicendo
1069 4485 1266 4523 census
1287 4485 1520 4530 annuos,
1553 4485 1784 4536 proven-
1821 4475 1865 4529 D
1895 4472 2040 4526 cium
2068 4473 2149 4525 vel
2180 4475 2510 4543 exemplum,
2542 4476 2718 4544 palam
2739 4478 2966 4532 actitare
2988 4495 3112 4533 cum
3143 4494 3482 4544 cerneretur,

236 4569 408 4628 tusque
436 4561 706 4630 copiosos,
749 4563 814 4614 ad
859 4576 920 4613 ea
943 4560 1104 4615 simul
1142 4559 1326 4614 omnia
1367 4559 1670 4612 Germanus
1710 4574 1800 4612 re-

236 4652 435 4718 spondit
479 4654 537 4706 in
571 4653 718 4706 hunc
743 4653 962 4706 modum
993 4670 1006 4705 :
1037 4651 1191 4717 Quod
1229 4651 1468 4720 primum
1502 4649 1702 4714 defers,
1744 4657 1801 4704 ut

236 4755 619 4795 sucecessorem
658 4756 840 4795 meum
861 4741 1166 4804 nominem,
1193 4740 1417 4794 minime
1450 4740 1502 4794 id
1523 4755 1660 4810 opus
1681 4748 1795 4793 est:

235 4833 521 4897 providcbil.
564 4833 820 4889 Ecclesiae
844 4850 957 4888 sua:
1013 4834 1152 4887 Deus
1187 4833 1446 4888 idoneum
1492 4841 1796 4902 pastorem,

232 4932 279 4973 ε’,
307 4924 351 4976 ei
386 4925 650 4995 propitius
691 4927 908 4995 adjutor
951 4935 1248 4995 auctorque
1298 4925 1473 4979 aderit
1521 4925 1578 4977 in
1625 4923 1797 4979 sacris

233 5017 338 5081 ejus
361 5021 538 5072 ardua:
569 5019 866 5073 functionis
897 5019 1061 5074 curis.
1086 5019 1221 5089 Eligi
1252 5018 1450 5072 deinde
1482 5017 1795 5085 assumique

235 5124 309 5161 me
333 5111 384 5163 in
417 5112 628 5166 Patrem
657 5113 1003 5183 imperatoris
1031 5129 1280 5183 magnam
1305 5112 1557 5182 equidem
1587 5127 1699 5166 rem
1740 5120 1794 5166 et

235 5213 438 5256 sutmnze
477 5205 809 5274 dignationis
849 5208 1112 5259 honorem
1155 5223 1278 5260 esse
1311 5206 1497 5276 judico
1536 5224 1549 5258 :
1603 5219 1791 5286 verum

234 5291 339 5355 Pius
355 5311 506 5363 quem
541 5297 682 5350 Deus
703 5297 958 5365 adoptare
983 5297 1037 5350 iu
1069 5299 1236 5351 lilium
1261 5297 1644 5366 estalignatus,
1667 5295 1790 5365 quis

237 5380 381 5439 homo
418 5404 472 5441 se
505 5389 661 5443 talem
696 5388 834 5442 ferat
875 5399 934 5441 ut
982 5399 1126 5443 recte
1171 5390 1347 5444 vocari
1403 5401 1552 5459 pater
1594 5387 1785 5459 possit,

231 5477 322 5530 nisi
344 5495 494 5548 quem
526 5483 642 5550 ipse
676 5485 835 5545 Deus,
868 5494 922 5537 et
964 5484 1182 5552 quidem
1237 5488 1386 5539 solus
1416 5501 1516 5540 nec
1565 5486 1785 5540 humani

234 5582 515 5633 paen-ntus
541 5577 890 5644 praerogativa
921 5579 1183 5646 suffragii,
1214 5579 1436 5648 dignum
1458 5579 1788 5646 judicaverit

233 5660 306 5711 cui
333 5667 726 5730 gubernandam
757 5671 1060 5723 committat
1088 5669 1431 5725 Ecclesiazn?
1469 5670 1624 5734 Quod
1672 5673 1782 5741 jam

235 5749 404 5805 allittct
443 5757 505 5810 ad
539 5757 772 5810 oblatam
799 5760 930 5813 mihi
978 5761 1270 5815 necessarii
1302 5761 1665 5829 provisionem
1705 5764 1783 5816 vi-

1905 4562 2124 4631 itnpune
2152 4566 2294 4632 tulit,
2322 4569 2531 4620 veniam
2552 4567 2780 4637 juvenili
2829 4571 3032 4626 levitati
3062 4573 3238 4642 gravis
3285 4583 3336 4628 et
3365 4592 3489 4646 gra-

1905 4655 2022 4709 tiosi
2051 4658 2196 4710 senis
2246 4661 2572 4716 conciliante
2611 4665 2965 4721 verecundia.
3023 4665 3217 4720 Postea
3272 4676 3478 4726 tamen.

1900 4763 2024 4802 cum
2070 4749 2296 4804 aliorum
2358 4768 2576 4823 quoque
2622 4754 2979 4824 impactorum
3030 4759 3130 4826 ipsi
3189 4760 3481 4816 criminum

1901 4841 2182 4895 invidiosis
2205 4846 2644 4900 accusationibus
2687 4860 3048 4917 premeretur,
3084 4867 3214 4906 sene
3240 4855 3348 4922 jam
3383 4857 3482 4907 de-

1898 4931 2088 4986 functo
2115 4935 2317 4988 citatus
2341 4936 2405 4989 ad
2446 4925 2732 4993 dicendam
2764 4955 3006 5007 causam,
3058 4945 3239 4998 multis
3285 4946 3480 5000 diebus

1898 5024 2152 5078 simulata
2207 5026 2417 5080 insania
2475 5037 2530 5083 et
2584 5045 2682 5099 per
2739 5047 2860 5086 eam
2925 5049 3116 5088 secura
3180 5037 3482 5105 ignorantia

1898 5117 2240 5172 molitionum
2275 5135 2395 5188 qua:
2453 5121 2509 5174 in
2571 5122 2745 5191 ipSll-I!
2806 5126 3178 5191 struebantur,
3212 5129 3476 5195 judicium

1893 5210 2114 5264 cludere
2161 5220 2396 5280 conatus,
2425 5214 2787 5282 nequidquam
2820 5224 2921 5280 est,
2957 5218 3161 5286 synodo
3199 5219 3481 5274 nihilomi-

1895 5318 1995 5356 nus
2032 5304 2424 5372 depositionem
2479 5307 2598 5375 ejus
2648 5307 2750 5361 rite
2783 5309 3154 5378 decernente;
3215 5328 3336 5380 qua:
3391 5330 3479 5369 res

1892 5397 1963 5449 illi
2013 5398 2414 5452 simulationem
2470 5401 2726 5455 excussit.
2764 5401 2896 5454 Nam
2940 5403 3028 5457 ille
3070 5404 3221 5473 prius
3264 5407 3476 5463 scilicet

1892 5489 2067 5558 impos
2097 5492 2314 5548 mentis.
2349 5508 2449 5546 nec
2482 5502 2574 5545 aut
2602 5494 2780 5548 sciens
2807 5496 2936 5563 quid
2984 5497 3036 5550 in
3080 5514 3137 5552 se
3186 5509 3474 5570 pararetur

1889 5591 1983 5634 aut
2009 5582 2136 5651 quid
2163 5593 2345 5652 ageret
2377 5585 2576 5652 quidve
2611 5597 2910 5653 pateretur.
2945 5599 3002 5642 ut
3033 5589 3202 5645 videri
3229 5592 3470 5654 volebat,

1891 5675 2044 5744 pensi
2078 5675 2303 5739 habens,
2332 5677 2494 5744 eccpit
2524 5689 2746 5746 repente
2771 5694 2980 5749 Sapere,
3006 5693 3060 5735 et
3093 5683 3476 5754 imperatorem

1888 5768 2077 5821 adiens
2130 5769 2325 5835 oravit,
2375 5771 2579 5821 sineret
2616 5786 2674 5823 se
2725 5772 2953 5843 obsequi
2997 5785 3208 5830 natura:
3258 5777 3480 5847 propria
