3926 6532
440 363 540 429 ιιι

1634 386 1677 443 G
1692 384 1957 446 EOllGII
2001 387 2194 448 PACll
2208 390 2303 450 ΥΜ
2312 393 2356 451 Ε
2368 392 2483 453 ΗΕ

3563 409 3664 472 75?.

440 486 535 583 καὶ
569 487 596 539 6
621 487 755 557 μηδὲ
791 488 919 583 περὶ
963 489 1159 546 ἑαυτοῦ
1208 492 1364 559 εἰδὼς
1398 494 1426 548 ὅ
1457 512 1508 548 τι
1555 497 1734 564 ποιοίη
1783 498 1874 551 καὶ
1901 499 1929 553 ὅ
1959 517 2012 553 τι
2045 509 2087 563 Α
2120 507 2529 576 σκευασάμενος
2563 506 2690 580 περὶ
2722 482 3064 582 πατριάρχου
3118 514 3438 570 συνεσκόπει
3467 519 3571 583 τοῖς
3602 522 3672 574 ls-

440 578 660 650 πάσχοι,
694 584 820 652 περὶ
848 579 922 638 ὧν
947 585 1144 656 ἐκείνῳ
1175 587 1334 656 λόγος
1360 590 1536 653 οὐδεὶς
1568 591 1882 658 διετείνετο,
1912 593 2007 646 καὶ

435 670 526 723 τὸν
569 671 795 740 βασιλέα
849 673 1095 748 λιπαρῶς
1149 679 1302 749 ἠξίου
1349 681 1628 748 ἐφεῖνσίοί
1663 683 1899 752 χρῆσθαι
1935 687 2002 755 τῇ

433 761 546 830 ἕξει
605 765 698 816 καὶ
740 772 1064 837 στρατηγεῖν
1113 772 1189 834 ὡς
1235 772 1332 842 οἴῳ
1391 773 1437 825 τ’
1501 775 1615 826 ὄντι
1675 777 1840 840 ὁμόσε
1893 778 2004 838 τοῖς

431 855 644 925 ἐχθροῖς
674 858 808 910 ἰέναι
845 860 936 912 καὶ
969 863 1138 930 συχνὰ
1161 863 1227 915 τὰ
1270 865 1492 917 ἐκείνων
1545 866 1699 935 ίστᾷν
1745 865 2004 934 τρόπαια.

430 948 504 1000 Τὸ
532 947 577 1000 δ’
605 948 695 1018 ἄρ’
740 944 806 1019 ἦν
837 951 930 1002 τοῦ
963 950 1226 1021 βασιλέως
1283 955 1613 1018 ἀκούσαντος
1648 938 1728 1018 είς
1768 957 2005 1026 ὑποψίαν

431 1038 622 1108 ἐκείνῳ
651 1040 938 1110 κακίστην,
980 1039 1098 1094 εἶτα
1133 1043 1227 1096 καί⁵
1254 1045 1517 1098 κίνῖυνον.
1559 1046 1864 1116 Συννοήσας
1893 1048 2002 1116 γὰρ

427 1130 455 1180 6
484 1131 701 1199 κρατῶν
761 1131 836 1196 ὼς
885 1135 912 1186 6
946 1133 1119 1188 ταῦτα
1175 1134 1349 1203 λέγων
1402 1135 1623 1199 δυνατὸς
1673 1137 2004 1189 ἐσεῖταικαὶ

430 1223 631 1292 πρᾶξαι
664 1224 717 1294 (ἦ
744 1240 802 1276 τε
830 1223 938 1294 γὰρ
967 1225 1154 1296 ήλικία
1180 1227 1270 1278 καὶ
1289 1227 1348 1278 τὸ
1373 1224 1465 1278 τοῦ
1497 1227 1748 1298 σώματος
1783 1229 2004 1298 ίσχυρδν

431 1316 525 1366 καὶ
558 1317 740 1385 τρίτον
774 1319 805 1386 ή
843 1319 969 1390 περὶ¹
999 1317 1171 1371 ταῦτα
1195 1320 1360 1387 πεῖρα
1401 1318 1598 1388 πιστὴν
1627 1320 1881 1388 ἡγεῖσθαι
1903 1319 2000 1388 τὴν

428 1408 661 1477 ὑποψίαν
719 1410 929 1480 ἐδήλου)
962 1410 1056 1465 καί
1087 1411 1138 1480 γ’
1170 1411 1566 1480 ἐπειλημμένος
1615 1412 1851 1475 ἀνέσεως
1902 1412 2002 1482 οὑχ

427 1501 567 1571 ὑπὲρ
615 1503 770 1572 ἡμῶν
807 1493 1008 1573 μᾶλλον
1045 1505 1166 1556 κατ’
1216 1505 1459 1567 ἐκείνων,
1497 1503 1633 1557 ἀλλά
1680 1503 1802 1558 καθ’
1843 1505 2000 1575 ἡμῶν

431 1592 547 1660 μετ’
581 1594 801 1646 ἐκείνων
834 1593 910 1665 τῷ
949 1595 1248 1664 ἀποδρᾶναι
1279 1595 1372 1648 καὶ
1405 1595 1696 1666 μελετήσει
1749 1596 1876 1657 ἴσως
1907 1597 2002 1650 καὶ

425 1685 799 1756 διαπράξεται,
834 1688 890 1739 ἐν
922 1687 1188 1757 φυλακαῖς
1217 1687 1433 1756 δέσμιον
1463 1685 1753 1756 κατασχὼν
1791 1687 1996 1757 ἐτήρει,

428 1779 500 1846 μὴ
519 1778 574 1829 δὲ
592 1777 820 1845 φθάσας,
845 1780 1002 1847 φησὶ,
1034 1778 1152 1831 καθ’
1173 1779 1206 1848 ή
1216 1779 1331 1845 μῶν
1353 1777 1640 1840 ἐκτελέσας
1656 1777 1691 1831 ἀ
1719 1777 1861 1832 κατά
1889 1777 1999 1830 τῶν

425 1844 635 1935 ἐχθρῶν
662 1844 1042 1938 ἐπηγγείλατο.
1080 1844 1337 1936 Εἶταίτῆς
1372 1869 1500 1938 περὶ
1529 1869 1734 1921 ἐκεῖνον
1777 1870 1994 1938 φροντι.
2032 1844 2072 1898 Β

422 1961 510 2024 δος
550 1960 794 2013 ἀνεῖσθαι
849 1960 1040 2023 θέλων,
1101 1961 1436 2030 προστάσσει
1494 1959 1571 2029 τῷ
1616 1959 1992 2032 Τζυκανδὺλῃ,

421 2052 640 2124 ὀτρηρῷ
689 2069 752 2120 γε
792 2051 908 2105 ὄντι
939 2053 1074 2121 πρὶς
1111 2051 1304 2115 ταῦτα,
1354 2051 1695 2120 ἀπαγαγόντι
1723 2052 1860 2122 πρὸς
1889 2052 1994 2105 Νί-

421 2164 584 2200 καιαν
613 2147 774 2199 αὑτόν
818 2162 877 2199 τε
920 2145 1016 2198 καὶ¹
1046 2146 1143 2198 σὺν
1173 2144 1321 2215 αὑτῷ
1360 2144 1670 2214 Βοὺλγαρον
1703 2145 1799 2199 καὶ
1829 2147 1995 2200 αὑτὸν

419 2240 550 2294 ὅντα
579 2242 635 2292 ἐν
684 2237 890 2310 ὑποψίᾳ
919 2236 1013 2290 τοῦ
1065 2237 1385 2308 ἀποδρᾶναι,
1447 2235 1735 2301 Τζουτλαν,
1769 2237 1876 2307 πρὸ
1899 2238 1994 2291 τοῦ

421 2335 500 2396 εἰς
529 2333 586 2385 τὸ
608 2333 840 2401 κάστρον
865 2331 1182 2398 εἰσαγαγεῖν
1200 2328 1366 2399 ἄμφω
1388 2326 1646 2396 στερῆσαι
1668 2327 1776 2382 τῶν
1795 2328 1995 2398 ὀφθαλ-

424 2423 566 2494 μῶν,
597 2423 626 2476 ὃ
653 2423 718 2492 δὴ
747 2424 841 2475 καὶ
872 2423 1062 2491 γέγονε
1096 2419 1234 2490 μετὰ
1261 2417 1454 2473 ταῦτα.

420 2614 528 2675 κγ’.
563 2608 762 2672 Ὅπως
793 2607 879 2673 είς
909 2603 1284 2672 πατριάρχην
1317 2601 1633 2672 ψηφίζεται
1667 2601 1827 2673 παρὰ
1875 2601 1993 2657 τῶν

898 2675 1220 2743 ἀρχιερέων
1269 2675 1512 2743 Ἰωσήφ.

490 2809 576 2882 [Ρ.
607 2807 736 2880 205]
783 2809 843 2863 '0
879 2807 1065 2878 μέντοι
1097 2806 1352 2878 βασιλεὺς
1389 2806 1481 2862 τὸν
1530 2806 1810 2878 Γερμανδν
1850 2806 1991 2860 ἀπο-

417 2997 599 3070 ipsum
627 2996 811 3052 indole
838 2995 894 3049 in
923 3010 1040 3050 rem
1068 2993 1316 3049 bellicam
1358 2991 1632 3056 trahenti;
1679 2997 1992 3048 auctoraret

417 3105 547 3162 ergo
572 3103 694 3144 sese
730 3088 908 3156 aliqua
939 3086 1163 3141 militari
1195 3085 1540 3156 praefectura,
1565 3100 1671 3154 qua
1717 3085 1816 3156 ipsi
1853 3101 1991 3156 pra:-

2111 596 2317 664 ρεῦσιν,
2349 598 2425 662 ὡς
2451 601 2617 671 μηδὲν
2651 602 2806 666 εἰδὼς
2836 603 3016 672 δῆθεν,
3049 606 3157 659 οὐδ’
3205 607 3422 678 ἕτοιμον
3457 609 3592 677 ἔχων
3613 612 3668 666 ὃν

2109 690 2202 740 καὶ
2223 689 2280 740 ἐν
2311 691 2505 764 καρδίᾳ
2533 694 3025 762 προὺκατεϐάλετο.
3060 691 3157 760 Οἷς
3186 699 3314 766 γοῦν
3340 701 3440 754 οὑκ
3474 702 3528 754 ἐν
3556 703 3662 756 ἐπι-

2111 779 2298 832 στάσει
2329 782 2396 833 τὰ
2430 782 2656 848 τούτων,
2705 785 2915 850 τούτοις
2940 787 3281 854 ἐπιπολαίως
3307 790 3665 861 λογιζομένοις

2106 870 2260 924 ἐνθεν
2301 872 2400 942 μὲν
2428 874 2638 942 τοῦτον,
2679 876 2832 930 ἐνθεν
2877 879 2922 932 δ’
2978 882 3186 934 ἐκεῖνον
3229 883 3278 934 oi
3330 884 3426 953 τῆς
3453 884 3666 953 καρδίας

2109 960 2426 1032 ὑπέγραφον
2465 965 2736 1037 λογισμοί.
2774 969 2930 1024 Ὅσοι
2959 971 3016 1024 δὲ
3051 975 3144 1026 και
3173 975 3253 1036 είς
3285 975 3410 1026 νοῦν
3449 975 3669 1030 ἐϐαπτον

2105 1053 2198 1106 τοῦ
2224 1053 2552 1124 κρατοῦντος
2581 1059 2675 1112 καὶ
2707 1062 3107 1133 κατηυστόχουν
3132 1064 3242 1116 τῶν
3271 1065 3510 1128 ἐννοιῶν,
3536 1067 3668 1118 ἐκεί·

2105 1159 2216 1206 νοις
2247 1140 2326 1208 εἷς
2356 1147 2450 1199 καὶ⁵
2500 1149 2659 1216 μόνος
2691 1150 2867 1203 ἐδόκει
2893 1152 2920 1203 6
2955 1155 3035 1215 ei;
3065 1153 3165 1223 τὴν
3193 1154 3529 1223 προστασίαν
3558 1157 3668 1209 ἐπι-

2103 1235 2312 1306 τήδειος
2345 1238 2373 1289 6
2405 1239 2498 1292 καὶ
2557 1239 2810 1311 θυμήρης
2872 1241 2948 1312 τῷ
2982 1243 3211 1312 βασιλεῖ.
3283 1245 3493 1307 Κοινῶς
3545 1245 3665 1313 γοῦν

2107 1329 2628 1402 συνδιασκεψάμενοι
2659 1333 2750 1386 τὸν
2793 1334 3057 1404 Γαλησίου
3098 1336 3298 1404 Ἰωσήφ
3327 1335 3662 1404 ἐψηφίζοντο,

2101 1421 2270 1492 ἄνδρα
2327 1424 2698 1493 πνευματικόν
2759 1442 2816 1478 τε
2857 1424 2950 1477 καὶ
3005 1425 3232 1493 ἀγαθὸν,
3288 1425 3549 1479 ἁπλοϊκὸν
3580 1429 3666 1478 καὶ

2103 1517 2279 1587 εὐήθη
2326 1519 2454 1581 τοὺς
2489 1520 2747 1589 τρόπους,
2808 1520 3040 1591 φέροντα
3075 1521 3132 1574 δέ
3185 1539 3309 1576 τινα
3343 1523 3437 1575 καὶ
3471 1522 3532 1575 ἐκ
3567 1522 3668 1575 τῶν

2100 1611 2438 1681 ἀνακτόρων,
2471 1613 2594 1666 ἐπεὶ⁸
2620 1613 2844 1681 γυναικὶ⁹
2875 1613 3056 1676 συζῶν
3084 1613 3162 1683 τῷ
3191 1615 3289 1684 τῆς
3327 1613 3667 1682 μακαρίτιδος

2099 1702 2387 1772 δεσποίνης
2421 1704 2662 1775 Είρήνης
2689 1705 3050 1759 συνετάττετο
3081 1706 3262 1777 κλήρῳ
3285 1707 3381 1758 καὶ
3410 1706 3528 1758 κατ’
3555 1708 3670 1759 ἁνα-

2099 1792 2343 1859 γνὼστας
2371 1795 2714 1865 ἐξυπηρέτει,
2742 1800 2835 1850 καὶ
2857 1795 3172 1867 ἐλευθερίας
3199 1797 3360 1850 ἱκανά
3389 1795 3662 1865 δείγματα.

2115 1887 2338 1955 Ἦγάπα
2369 1889 2424 1940 δὲ
2475 1890 2570 1942 καὶ
2597 1889 2656 1941 τὸ
2682 1888 2788 1941 τῶν
2817 1891 2895 1952 είς
2936 1890 3123 1959 χεῖρας
3155 1888 3435 1943 πεσόντων
3467 1887 3698 1956 μεταδι--

2103 1979 2250 2035 δόναι
2276 1983 2386 2045 τοῖς
2415 1981 2616 2044 ἄλλοις,
2641 1983 2742 2036 ὅσα
2761 1983 2854 2036 καὶ
2884 1981 3144 2050 ἀσφαλῶς
3168 1979 3574 2049 ἀποφήνασθαι,
3600 1979 3667 2042 ὡς

2102 2073 2256 2128 ἄλλοι
2279 2074 2341 2143 δὴ
2371 2075 2419 2128 οἱ
2447 2074 2568 2128 καθ’
2601 2075 2747 2144 ἡμᾶς
2781 2074 2840 2126 τὸ
2862 2073 3305 2144 γλισχρεὺεσθαι.
3341 2071 3415 2124 Τὸ
3446 2071 3501 2124 δὲ
3531 2070 3665 2135 ξένον

2102 2167 2183 2220 ὅτι
2212 2167 2305 2220 καὶ
2354 2170 2419 2238 τῇ
2455 2169 2724 2237 μοναχικῇ
2769 2165 3016 2236 πολιτείᾳ
3050 2164 3428 2235 ἐνασμενίζων
3458 2165 3513 2216 ἐν
3544 2163 3668 2232 ψαλ-

2104 2259 2351 2330 μῳδίαις,
2377 2261 2434 2312 ἐν
2459 2259 2810 2329 ἀγρυπνίαις,
2835 2261 2892 2311 ἐν
2911 2258 3206 2328 νηστείαις,
3233 2259 3289 2310 ἐν
3313 2256 3664 2324 ὑδροποσίαις,

2099 2352 2175 2406 ὅτ’
2205 2352 2338 2426 ἔδει,
2381 2352 2442 2405 ἐν
2466 2352 2734 2422 πραότητι
2765 2351 2858 2404 καὶ
2893 2350 3210 2421 δικαιοσύνῃ
3246 2350 3343 2402 καὶ
3378 2348 3498 2420 ῆθει
3539 2365 3664 2416 χρη-

2101 2443 2211 2514 στῷ
2244 2443 2338 2497 καὶ
2366 2443 2628 2511 ἁπλότητι
2655 2443 2748 2494 καὶ
2776 2441 3013 2502 συνόλως
3041 2439 3455 2508 ἁκαταγνώστῳ
3481 2436 3662 2505 διαγω-

2099 2539 2193 2609 γῇ.
2226 2536 2349 2590 οὑδὲ
2383 2535 2481 2604 τῆς
2513 2535 2635 2588 κατ’
2666 2533 2954 2604 ἄνθρωπον
2985 2533 3186 2602 ἀρετῆς
3220 2531 3440 2602 ἡμέλει,
3465 2526 3554 2582 τοῦ
3581 2528 3665 2581 καὶ

2099 2629 2454 2699 προεντυχεῖν
2507 2645 2613 2681 τινι
2650 2627 2745 2680 καὶ
2773 2624 3226 2696 προσπτύξασθαι
3261 2623 3359 2678 καὶ
3396 2622 3466 2675 τὰ
3490 2619 3666 2691 φιλικὰ

2100 2723 2428 2793 συλλαλῆσαι
2464 2723 2560 2776 καὶ
2597 2721 2874 2792 μειδιᾶσαι
2906 2721 3002 2773 καλ⁵
3035 2718 3366 2790 διαχυθῆναι
3411 2716 3544 2787 πρὸς
3569 2713 3658 2780 γέ-

2097 2815 2268 2884 λωτα,
2298 2815 2350 2868 εί
2375 2830 2479 2868 που
2511 2813 2709 2884 ἐλέχθη
2763 2810 2918 2884 παρά
2962 2828 3110 2875 τινος
3142 2809 3270 2865 κατ’
3296 2810 3486 2866 ἄνεσιν
3515 2806 3546 2860 ὓ
3578 2804 3664 2860 καὶ

2098 3001 2250 3049 retur
2283 2992 2593 3063 inquirebat
2623 3008 2730 3048 una
2772 3008 2897 3047 cum
2938 2993 3232 3064 episcopis,
3265 2989 3487 3063 egregie
3519 2987 3663 3044 dissi-

2097 3090 2308 3141 mulans
2328 3087 2458 3156 quid
2486 3086 2539 3140 in
2565 3086 2704 3141 votis
2733 3086 2981 3152 haberet,
3008 3100 3111 3140 nec
3135 3085 3241 3138 ulla
3269 3082 3661 3152 significatione

417 3181 552 3242 dilo.
595 3188 656 3234 ut
683 3178 888 3233 dudum
932 3183 1235 3246 optaverat,
1276 3174 1464 3229 liceret
1493 3174 1776 3243 ,lacesscre
1824 3191 1988 3228 manu
2017 3210 2058 3268 ο
2095 3179 2332 3249 prodens
2368 3187 2616 3249 paratum
2647 3178 2750 3233 sibi
2791 3178 3246 3248 designatumque
3293 3193 3466 3230 unum
3508 3172 3660 3230 menti

416 3273 603 3327 hostes
625 3279 679 3325 et
708 3270 774 3324 de
815 3269 882 3323 iis
900 3267 1036 3322 fusis
1057 3267 1318 3336 caesisque
1359 3265 1550 3320 crebra
1595 3274 1836 3320 statuere
1880 3274 1990 3320 tro-

413 3380 551 3434 paea.
595 3361 650 3416 ld
677 3360 822 3430 quod
852 3357 1170 3428 imperatori
1201 3355 1442 3411 audienti
1477 3370 1695 3426 gravem
1721 3365 1775 3410 et
1796 3355 1863 3410 ad
1890 3372 1988 3410 ex-

415 3468 649 3512 tremum
685 3451 1012 3522 supplicanti
1054 3449 1336 3503 exitiosam
1387 3446 1752 3517 suspicionem
1796 3446 1986 3501 movit.

413 3549 549 3608 Nam
581 3555 840 3617 reputans
880 3543 1156 3614 Augustus
1191 3541 1306 3596 ιιωο
1347 3539 1657 3610 loquentem
1683 3538 1841 3594 facile
1869 3553 1988 3610 quae

413 3639 574 3712 303
610 3638 917 3692 minabatur
939 3643 1210 3696 acturum,
1233 3631 1422 3701 utique
1453 3631 1538 3686 cui
1562 3645 1664 3684 nec
1681 3628 1781 3686 flos
1811 3630 1988 3685 aetatis

413 3749 517 3789 nec
538 3733 703 3787 robur
724 3731 1046 3785 lacertorum
1079 3740 1202 3790 nec,
1218 3724 1362 3794 quod
1385 3732 1550 3794 caput
1570 3731 1708 3788 erat,
1725 3738 1854 3777 usus
1875 3722 1986 3792 jam

413 3822 610 3892 aliquis
640 3835 897 3874 ausorum
937 3814 1242 3871 istiusmodi
1289 3815 1524 3881 deesset,
1555 3813 1609 3867 in
1645 3829 1764 3867 eam
1799 3829 1864 3867 ex
1897 3828 1988 3866 su-

414 3917 656 3984 spicione
700 3913 856 3965 fixam
894 3909 1205 3978 opinionem
1251 3906 1500 3972 transiit,
1539 3907 1837 3962 timendum
1870 3921 2006 3968 om:

413 4023 545 4061 nino
576 4020 666 4070 ne,
709 4003 754 4057 si
781 4005 828 4056 ci
853 4001 997 4071 quod
1033 3999 1403 4071 velletagendi
1429 3998 1660 4052 liberum
1692 3999 1864 4053 otium
1892 4000 1987 4054 da-

414 4109 580 4160 retur,
612 4104 706 4150 aut
739 4093 1103 4163 transfugiens
1135 4091 1201 4146 ad
1233 4093 1420 4147 hostes
1459 4100 1552 4145 aut
1593 4091 1647 4146 in
1691 4091 1984 4146 factionem

411 4191 644 4260 aliquam
673 4189 982 4260 reipublicae
1008 4187 1277 4242 infensam
1313 4201 1434 4241 sese
1455 4185 1660 4240 addens
1697 4185 1862 4240 istum
1900 4185 1986 4239 in-

411 4285 655 4354 quietum
682 4285 920 4337 animum
945 4290 1000 4336 et
1026 4279 1372 4352 gladiatorias
1402 4279 1544 4332 vires
1565 4277 1633 4332 ad
1657 4277 1840 4348 patriae
1862 4294 1985 4347 per-

408 4387 606 4432 nictcrn
636 4376 929 4442 conferret,
957 4372 1471 4440 machinareturque
1495 4379 1549 4425 et
1574 4378 1864 4424 attentaret
1893 4385 1986 4440 pe-

412 4471 646 4524 riculose
688 4467 854 4521 multa
878 4474 1066 4520 contra
1103 4474 1344 4533 quietem
1377 4461 1668 4531 publicam.
1701 4461 1986 4515 Constrin~

2090 3271 2391 3334 obversari,
2419 3285 2582 3339 quem
2615 3270 2900 3340 praelatum
2927 3269 3182 3324 omnibus
3228 3267 3479 3337 impense
3511 3281 3660 3336 cupe-

2091 3368 2193 3416 ret.
2243 3357 2518 3428 Quotquot
2580 3373 2710 3430 ergo
2765 3359 3075 3414 antistitum
3130 3358 3552 3428 simplicioribus
3589 3372 3660 3410 ar-

2089 3466 2260 3507 canus
2281 3462 2398 3508 erat
2438 3467 2632 3508 sensus
2674 3452 2939 3522 principis
2987 3447 3224 3522 ignotus,
3276 3452 3350 3507 ab
3402 3451 3470 3507 iis
3518 3466 3656 3516 sane,

2089 3552 2278 3614 utpote
2308 3561 2422 3600 rem
2447 3544 2846 3600 aestimantibus
2876 3560 2907 3599 e
2954 3543 3260 3614 superficie,
3286 3554 3347 3598 et
3382 3559 3541 3612 quam
3578 3558 3658 3596 re-

2088 3635 2363 3704 linqueret
2384 3637 2517 3707 ipsis
2545 3639 2812 3707 integram
2852 3635 3119 3691 evehendi
3142 3651 3302 3706 quem
3350 3636 3573 3690 mallent
3599 3633 3658 3687 li-

2090 3727 2358 3782 bertatem
2374 3743 2502 3783 vere
2519 3743 2578 3782 se
2607 3730 2806 3784 habere
2825 3729 3239 3791 arbitr-antibus,
3263 3728 3407 3784 alius
3429 3729 3657 3798 aliusque

2088 3834 2188 3889 pro
2214 3821 2474 3889 cujusque
2490 3822 2672 3875 animo
2692 3821 2868 3875 tacitis
2891 3822 3310 3891 cogitationibus
3331 3823 3398 3876 ad
3417 3838 3538 3876 eum
3566 3821 3656 3875 ho-

2087 3927 2277 3968 norem
2303 3912 2708 3982 designahatur.
2749 3915 2817 3966 At
2843 3913 3336 3982 perspicacioribus
3369 3915 3506 3972 aliis.
3533 3927 3656 3982 quos

2087 4002 2250 4074 305.
2311 4018 2417 4057 non
2477 4004 2709 4058 laterent
2777 4005 3123 4074 imperatoris
3184 4005 3362 4058 intimi
3423 4006 3653 4066 aﬂ'ectus,

2087 4111 2230 4149 unus
2259 4105 2315 4149 et
2358 4095 2506 4150 solus
2545 4095 2613 4150 ad
2653 4097 2810 4150 istam
2854 4096 3232 4165 prazfecturam
3264 4107 3428 4168 aptus
3463 4096 3654 4152 scilicet

2086 4187 2386 4251 videbatur,
2421 4203 2581 4257 quem
2612 4187 2967 4258 praerogativa
2998 4189 3184 4258 gratia:
3236 4190 3503 4260 principis
3531 4187 3655 4243 taci-

2088 4285 2376 4348 torumque
2425 4279 2481 4332 in
2543 4279 2596 4333 id
2643 4288 2892 4333 votorum
2941 4279 3372 4334 commendaret.
3430 4277 3653 4334 Consilio

2086 4372 2248 4442 igitur
2275 4373 2413 4426 inter
2445 4387 2502 4426 se
2524 4371 2710 4426 habito
2729 4371 3093 4428 concordibus
3119 4371 3344 4426 calculis
3365 4370 3649 4440 Josephum

2084 4465 2282 4522 Galesii
2316 4465 2628 4536 praefectum
2671 4466 2979 4536 elegerunt,
3015 4466 3188 4520 virum
3221 4465 3555 4534 spiritualein
3605 4471 3655 4517 et

410 4561 645 4633 gendum
686 4559 850 4627 igitur
881 4555 1171 4625 praecipitis
1201 4554 1402 4623 ingenii
1431 4551 1705 4606 hominem
1746 4550 1975 4621 putavit,

2093 4561 2311 4624 bonum,
2342 4560 2643 4630 simplicem
2667 4568 2864 4614 natura
2891 4559 3214 4628 facilemque
3237 4559 3503 4620 moribus.
3528 4571 3652 4610 non-

409 4661 463 4706 et
488 4651 578 4704 illo
605 4649 812 4703 carceri
850 4645 1157 4700 mandando
1189 4643 1646 4714 praevertendum,
1689 4651 1748 4696 ut
1779 4643 1977 4708 aiebat,

407 4760 476 4798 ne
521 4750 706 4795 nostro
745 4739 942 4793 damno
979 4735 1269 4806 perﬁceret
1308 4734 1454 4804 quod
1486 4733 1540 4786 in
1583 4733 1816 4788 hostium
1867 4732 1982 4786 exi.

409 4836 542 4890 tium
588 4847 706 4885 sese
753 4829 978 4884 dixisset
1020 4826 1289 4881 meditari.
1347 4824 1537 4879 Postea
1579 4840 1708 4878 vero
1758 4823 1981 4892 defungi

407 4927 575 4986 semel
608 4924 832 4994 cupiens
863 4921 1084 4990 ancipiti
1117 4935 1247 4974 cura
1293 4920 1346 4972 in
1376 4929 1492 4973 tuto
1521 4916 1798 4972 detinendi
1827 4931 1979 4970 reum

407 5019 640 5078 dillictlis
679 5016 959 5078 custodiae,
1004 5011 1356 5084 szcandylae
1387 5011 1622 5074 cuidam,
1659 5010 1887 5079 impigro
1926 5019 1982 5064 et

408 5112 606 5167 talibus
635 5111 842 5176 obsequ
866 5107 910 5162 is
932 5107 1127 5160 idoneo
1152 5105 1422 5167 ministro,
1445 5103 1720 5157 mandavit
1744 5113 1803 5156 ut
1835 5101 1982 5157 hunc

406 5205 565 5260 simul
592 5219 716 5256 cum
751 5199 938 5253 Tzuila
973 5197 1225 5268 Bulgaro,
1255 5205 1309 5250 ct
1334 5196 1450 5259 ipso
1480 5195 1762 5265 transfugii
1789 5210 1982 5265 suspe-

403 5313 514 5363 cto,
555 5299 789 5354 Nicaeam
823 5298 1140 5360 abductum,
1180 5294 1371 5348 ambos
1405 5292 1740 5361 [priusquam
1773 5289 1881 5344 illic
1923 5289 1980 5342 in

404 5404 641 5450 castrum
671 5390 950 5456 conderet,
995 5387 1168 5442 oculis
1197 5385 1436 5455 privaret
1464 5404 1479 5452 ;
1517 5384 1570 5438 id
1599 5383 1742 5453 quod
1793 5390 1980 5453 postea

398 5498 487 5552 est
513 5485 715 5541 factum

471 5599 562 5655 25.
629 5595 697 5653 Ut
741 5595 1014 5664 suffragiis
1039 5596 1419 5664 episwporum
1448 5594 1502 5645 in
1544 5591 1907 5660 patriarclmm

792 5663 985 5721 electius
1027 5666 1186 5733 fuerit
1235 5663 1521 5732 Josephus.

474 5762 586 5818 lloc
647 5777 809 5833 porro
865 5764 1111 5830 tempore
1157 5758 1489 5827 imperator,
1546 5766 1726 5811 amoto
1769 5771 1800 5810 e
1851 5754 1978 5812 sede

403 5858 694 5920 Germano,
735 5855 988 5909 idoneum
1015 5851 1103 5921 qui
1131 5849 1472 5920 patriarclruli
1501 5849 1696 5902 throno
1726 5849 1974 5918 impone-

2084 4656 2221 4710 nibil
2260 4655 2314 4709 in
2349 4672 2449 4710 usu
2509 4656 2633 4711 vita:
2660 4671 2690 4711 e
2729 4656 2969 4726 palatina
3014 4655 3283 4726 elegantia
3317 4655 3648 4723 trahentem-

2083 4746 2218 4802 Nam
2255 4763 2481 4801 uxorem
2514 4747 2726 4802 habens
2752 4748 2808 4801 in
2827 4747 3027 4801 familia
3050 4746 3316 4817 principis
3341 4745 3556 4800 feniinzc
3579 4743 3652 4796 vi-

2085 4848 2256 4904 xerat,
2275 4839 2545 4908 ascriptus
2570 4840 2696 4894 olim
2719 4841 2866 4894 clero
2886 4840 3185 4894 domestico
3225 4839 3460 4894 domina:
3481 4840 3648 4893 lrenes

2082 4931 2185 5001 piae
2219 4932 2518 4997 memoriae,
2549 4931 2623 4985 ibi
2663 4931 2983 4986 ministrans
3023 4931 3077 4985 in
3124 4931 3316 4986 ordine
3355 4932 3644 4993 lectorum;

2083 5023 2226 5075 unde
2260 5021 2500 5076 liberalis
2539 5021 2772 5083 fiduciae,
2807 5022 2985 5091 qualis
3011 5038 3131 5077 esse
3183 5023 3237 5076 in
3280 5023 3423 5076 aulis
3461 5023 3647 5075 educa-

2083 5122 2258 5167 torum
2287 5115 2444 5180 solet,
2478 5117 2645 5169 multa
2669 5115 2723 5168 in
2753 5117 2873 5184 ejus
2908 5131 3159 5170 sermone
3199 5130 3261 5170 ac
3303 5111 3645 5170 convcrsandi

2083 5205 2256 5260 forma
2285 5207 2509 5275 vestigia
2549 5207 2858 5261 exstabant.
2877 5207 3296 5262 Communicare
3328 5207 3461 5274 quin
3490 5206 3643 5260 etiam

2080 5295 2361 5368 largiendo
2391 5297 2513 5352 aliis
2545 5313 2612 5352 ex
2645 5297 2700 5351 in
2735 5283 2855 5368 ejus
2889 5312 3082 5352 manus
3103 5296 3482 5360 incidentibus,
3505 5305 3642 5359 qum-

2082 5402 2300 5456 cunque
2333 5402 2524 5443 secure
2558 5387 3004 5452 ostenderentur,
3036 5389 3115 5442 sic
3157 5387 3391 5454 amabat,
3433 5395 3493 5440 ut
3534 5384 3639 5439 fere

2083 5480 2192 5543 alii,
2223 5497 2360 5550 quos
2407 5481 2678 5548 novimus,
2727 5482 2851 5536 talia
2893 5482 3199 5538 recondunt
3246 5492 3301 5536 et
3343 5481 3444 5536 sibi
3491 5489 3640 5534 avara

2083 5581 2318 5627 servant.
2348 5571 2442 5628 His
2469 5573 2588 5642 ejus
2609 5575 2852 5629 moribus
2881 5574 3219 5643 inopinatum
3249 5573 3636 5626 admiscebatur

2081 5663 2358 5733 quiddam,
2401 5665 2547 5734 quod
2588 5665 2838 5721 videlicet
2878 5666 3041 5721 homo
3069 5680 3132 5719 ex
3175 5664 3357 5719 animo
3399 5659 3634 5731 amplecti

2081 5774 2193 5828 pra:
2223 5773 2280 5812 se
2308 5759 2488 5813 ferens
2511 5761 2930 5814 sanctimoniam
2963 5759 3316 5813 monasticam
3343 5757 3396 5809 in
3416 5754 3634 5824 psalmo.

2081 5851 2206 5915 diis,
2236 5852 2286 5904 in
2315 5851 2529 5924 vigiliis,
2551 5852 2603 5904 in
2628 5852 2850 5921 jejuniis
2884 5851 3211 5922 frequenter,
3241 5850 3293 5905 in
3319 5859 3444 5920 potu
3475 5846 3633 5900 abste-
