3926 6536
1596 293 1626 307 κ

952 350 1110 364 γρ--υ

369 426 482 492 753

1310 429 1406 493 DE
1440 430 1834 492 MICHAELE
1874 426 2335 493 ΡΑιίΕΟιΟοΟ
2375 432 2521 494 LIB.
2569 432 2668 496 IV.

3509 432 3615 495 751

368 542 625 614 ἐπράχθη
658 540 875 612 εὔχαρι,
909 554 1002 596 και
1038 543 1290 598 ὑπελθεῖν
1317 547 1548 618 ἄρχουσι
1600 546 1942 618 δυναμένοις,
1975 547 2022 605 Α
2049 546 2104 599 δέ
2135 564 2197 616 γε
2247 548 2561 618 Μιτυλήνης
2591 548 2888 618 Γρηγόριος
2927 548 2992 600 ὲκ
3037 547 3270 602 παλαιοῦ
3307 550 3490 620 φέρων
3516 553 3616 621 τὴν

368 637 466 688 καὶ
498 636 683 704 ζητεῖν
712 635 852 703 ὑπὲρ
885 633 1084 700 ἄλλων,
1117 637 1211 689 καὶ
1261 638 1462 709 ἁϐραῖς
1500 638 1806 709 τραπέζαις
1842 638 1941 690 σὺν

361 727 642 796 διαφόροις
695 725 861 789 οἴνοις
898 743 959 778 τε
1011 728 1104 780 καὶ
1163 731 1484 799 τραγήμασι
1534 732 1663 794 τοὺς
1708 728 1939 791 πολλοὺς

363 819 577 890 ἐστιᾷν,
611 822 705 871 καὶ
740 819 939 888 μᾶλλον
994 821 1141 884 ὅσοις
1175 822 1201 874 6
1239 820 1351 888 βίος
1386 821 1589 894 ἄπορος
1646 824 1739 876 καὶ
1793 822 1943 874 ἀπά-

362 911 571 979 λαμνος
619 910 713 961 καὶ
740 912 838 979 τῆς
882 908 1005 961 κατ’
1035 910 1229 973 αὐτοὺς
1260 902 1529 982 ἀναδοχῆς
1554 912 1801 985 ἔχρῃζον.
1829 910 1936 965 Τοῦ

362 1001 498 1070 γοῦν
525 1000 767 1054 τοιούτου
797 1000 1237 1071 καταδεξαμένου
1262 1005 1360 1073 τὴν
1386 1005 1591 1075 ψῆφον,
1624 1009 1650 1059 6
1683 1006 1938 1076 βασιλεὺς

361 1094 445 1154 εἰς
482 1092 831 1162 πατριάρχην
868 1091 1057 1145 τοῦτον
1108 1093 1495 1163 προϐάλλεται,
1534 1094 1703 1165 μηνὸς
1734 1097 1933 1164 Σκιρο-

362 1181 633 1250 φοριῶνος
687 1182 907 1253 εἰκοστῇ
951 1182 1115 1253 ὀγδόῃ
1148 1183 1245 1252 τῆς
1290 1184 1526 1255 δεκάτης
1557 1186 1936 1256 ὲπινεμήσεως

355 1272 455 1325 τοῦ
482 1270 654 1342 ’ςψοέ
681 1272 855 1338 ἔτους,
900 1273 1382 1342 Ἑκατομϐαιῶνος
1411 1275 1469 1329 δὲ
1523 1277 1793 1347 νουμηνίᾳ
1819 1293 1934 1345 χει-

363 1363 674 1434 ροτονηθεὶς
707 1366 787 1428 είς
817 1367 1108 1436 ἀρχιερέας
1134 1367 1463 1424 τετέλεσται.
1502 1368 1637 1436 Περὶ
1661 1367 1718 1421 δέ
1747 1384 1811 1436 γε
1835 1366 1935 1438 τὴν

356 1455 695 1524 χειροτονίαν
728 1457 820 1509 καὶ
849 1457 1091 1510 τοιοῦτόν
1120 1475 1173 1510 τι
1202 1459 1433 1526 γίνεται.

356 1567 458 1621 κδ’.
515 1567 715 1638 Ὅπως
776 1569 1363 1638 παραδοκιμηθέντος
1410 1573 1517 1626 τοῦ
1588 1574 1934 1638 Ἡρακλείας

428 1637 681 1706 Πιναχᾶ.
708 1637 886 1709 ,ὄντος
917 1640 1027 1706 τῆς
1063 1637 1431 1707 χειροτονίας
1461 1642 1566 1695 τοῦ
1596 1637 1926 1709 Γερμανοῦ,

428 1710 463 1760 ὀ
489 1707 835 1775 Μιτυλήνης
861 1710 1183 1777 Γρηγόριος
1204 1712 1529 1777 χειροτονεῖ
1556 1707 1678 1765 τὸν
1695 1707 1928 1781 Ἰωσήφ.

428 1813 513 1886 [Ρ.
537 1814 661 1887 206]
701 1815 758 1868 '0
788 1818 896 1887 γὰρ
924 1819 1159 1887 Πιναχᾶς
1193 1821 1427 1890 μοναχὸς
1458 1823 1608 1893 παρὰ
1639 1825 1920 1895 Γερμανοῦ

2050 639 2386 707 χειροτονίαν
2417 640 2744 708 χειροτονεῖν
2785 638 2877 691 τὸν
2926 639 3272 711 πατριάρχην
3302 641 3610 709 ἐκλέγεται.

2050 728 2214 782 Ὅλου
2249 727 2383 796 γοῦν
2416 727 2511 781 τοῦ
2549 730 2717 798 μηνὸς
2766 727 2974 782 ἐκείνου
3005 732 3031 782 6
3063 730 3337 799 βασιλεὺς,
3366 733 3485 785 ἐπεὶ
3511 735 3611 786 οὐκ

2046 813 2114 889 ἦν
2145 820 2339 889 ἐκείνῳ
2382 821 2482 887 τῆς
2512 817 2604 871 τοῦ
2640 819 2949 888 ἀφορισμοῦ
2990 820 3201 884 λύσεως
3232 822 3617 892 προύργιαίτε-

2048 928 2160 982 ρον,
2192 912 2366 965 ἐδίδου
2422 911 2500 982 τῷ
2549 913 2863 982 πατριάρχῃ
2896 912 3086 981 καιρὸν
3138 914 3235 967 σὺν
3283 919 3394 977 τοῖς
3428 918 3615 986 ἀρχιε-

2050 1004 2200 1074 ρεῦσι
2225 1005 2559 1057 σκέπτεσθαι
2593 1004 2709 1066 πῶς
2745 1005 2812 1057 ἂν
2840 1005 2934 1056 καὶ
2964 1007 3104 1058 κατά
3135 1008 3335 1076 τρόπον
3365 1010 3611 1077 γένηται,

2046 1094 2452 1164 προλαμϐάνων
2496 1096 2657 1158 αὐτὸς
2698 1095 2935 1163 ἑκάστης
2968 1097 3056 1149 διὰ
3084 1099 3177 1150 τοῦ
3215 1100 3374 1153 πάντ’
3407 1103 3613 1171 ἐκπλη-

2046 1187 2174 1257 ροῦν
2205 1187 2423 1257 ῥᾳδίως,
2454 1188 2585 1258 περὶ
2612 1189 2752 1241 ὅσων
2782 1189 2809 1241 6
2834 1189 3183 1260 πατριάρχης
3210 1191 3416 1243 ἐκεῖνον
3440 1192 3612 1261 ἠξίου,

2044 1278 2202 1333 εὔοδα
2233 1283 2406 1333 ποιεῖν
2434 1282 2501 1335 τὰ
2525 1282 2621 1351 τῆς
2654 1280 2884 1341 λύσεως.
2921 1283 3008 1346 Ἐς
3033 1284 3283 1337 τοσοῦτον
3307 1285 3415 1356 γὰρ
3440 1286 3615 1355 ἡδέως

2043 1371 2209 1425 αὐτοῦ
2244 1371 2500 1438 λέγοντος
2545 1374 2763 1440 ἤκουεν,
2798 1374 2939 1426 ὥστε
2971 1373 3067 1427 καὶ
3092 1374 3157 1445 δὴ
3191 1378 3437 1445 ὁρισμῶν
3468 1395 3614 1443 πεμ-

2044 1463 2295 1530 πομένων
2344 1464 2648 1532 ἑκασταχοῦ
2710 1466 2810 1530 τῆς
2870 1466 2978 1518 τῶν
3038 1467 3323 1536 Ῥωμαίων
3385 1470 3618 1537 ἐπικρα-

2042 1555 2188 1616 τείας
2227 1556 2596 1623 προσέταττεν
2647 1557 2816 1620 αὐτὰς
2866 1558 2929 1627 δὴ
2984 1558 3085 1622 τὰς
3132 1558 3225 1612 τοῦ
3275 1561 3614 1631 πατριάρχου

2040 1646 2261 1716 γραφὰς
2294 1648 2415 1700 ἀντὶ
2443 1650 2889 1719 προσταγμάτων
2921 1651 3067 1703 ἰδίων
3094 1652 3347 1721 δέχεσθαι
3375 1654 3499 1716 τοὺς
3528 1654 3616 1706 ἐπ’

2041 1737 2310 1804 ἐξουσίας,
2352 1740 2912 1811 προσαπειλουμένων
2957 1742 3050 1795 καὶ
3084 1743 3359 1795 κολάσεων
3389 1746 3501 1806 τοῖς
3541 1745 3613 1813 μὴ

2044 1828 2186 1882 κατὰ
2219 1829 2287 1883 τά
2318 1831 2746 1901 ἐπιτεταγμένα,
2792 1832 2929 1904 ὑπὲρ
2973 1833 3097 1887 ὅτου
3151 1834 3217 1888 ἂν
3266 1837 3357 1886 καὶ
3389 1836 3615 1905 γράψοι,

354 1904 464 1975 τὴν
512 1909 847 1975 χειροτονίαν
898 1909 1189 1978 δεξάμενος
1251 1891 1583 1982 Ἡρακλείας
1789 1918 1931 1971 κατὰ
1961 1891 2006 1949 Β
2040 1922 2367 1977 τελέσουσιν,
2399 1891 2616 1988 "livor-Es
2652 1891 2836 1995 μέντοι
2864 1891 2957 1978 καὶ
2987 1926 3232 1995 φυλακὰς
3256 1929 3350 1980 καὶ
3385 1891 3616 1991 πολλοὺς

357 1996 585 2069 Θρᾴκην
619 1995 685 2068 ἦν
734 2003 1096 2072 ὰρχιποίμην,
1136 1995 1178 2070 ᾧ
1229 2003 1291 2074 δὴ
1323 2006 1420 2057 καὶ
1462 2008 1756 2077 προνόμιόν
1786 2012 1936 2064 ἐστιν

357 2090 425 2141 ἐκ
453 2088 685 2143 παλαιοῦ
719 2092 1084 2163 δικαιουμένῳ
1115 2096 1178 2148 ὲκ
1216 2096 1537 2162 Βυζαντίου,
1568 2098 1643 2163 ὡς
1670 2100 1936 2157 ἀνέκαθεν

356 2179 643 2244 τελοῦντος
684 2182 790 2256 ὑπὸ
846 2184 946 2253 τὴν
1027 2185 1382 2256 Ἡράκλειαν,
1434 2189 1524 2246 τὸν
1584 2195 1937 2267 πατριάρχην

354 2276 713 2343 χειροτονεῖν.
763 2275 1252 2347 Ἀπεπροσποιεῖτο
1289 2280 1419 2347 γοῦν
1464 2284 1563 2354 τὴν
1596 2285 1690 2338 ἀπ’
1721 2288 1933 2343 ἐκείνου

360 2365 702 2435 χειροτονίαν
730 2368 758 2419 6
798 2367 1017 2436 Ἰωσήφ.
1052 2369 1159 2421 Καὶ
1185 2371 1211 2421 6
1243 2372 1460 2443 κρατῶν
1494 2376 1657 2444 σοφόν
1682 2395 1735 2429 τι
1766 2380 1937 2434 ποιῶν

354 2459 566 2511 ἐκεῖνον
596 2457 717 2510 τότε
760 2460 1152 2528 προσκαλεῖται
1189 2462 1324 2531 πρὸς
1358 2463 1427 2517 τὰ
1449 2466 1745 2537 ἀνάκτορα,
1775 2471 1833 2523 ἐν
1860 2471 1936 2543 τῷ

355 2552 478 2605 κατ’
526 2554 712 2606 ἐκεῖνα
751 2552 865 2624 ναῷ
922 2554 1404 2626 λειτουργήσοντα.
1458 2560 1569 2613 Καὶ
1612 2561 1675 2633 δὴ
1729 2567 1937 2630 ἐκεῖνος

357 2645 460 2716 μὲν
491 2645 595 2699 ὑπὸ
634 2645 818 2719 πολλῷ
854 2647 1037 2717 μισθῷ
1080 2650 1182 2717 τὴν
1234 2647 1582 2721 λειτουργίαν
1611 2653 1872 2726 ἐπλήρου,
1910 2659 1939 2710 6

351 2827 487 2893 mio,
515 2828 732 2897 quando
751 2836 1045 2899 eratopus.
1072 2829 1128 2883 in
1160 2831 1597 2898 mansuetudine,
1628 2832 1683 2887 in
1706 2834 1934 2904 justitia.

354 2921 413 2977 in
449 2921 683 2991 benigno
708 2922 891 2976 animo
913 2930 968 2976 et
998 2923 1365 2994 simplicitate,
1402 2941 1512 2980 uno
1557 2930 1724 2982 verbo
1769 2930 1823 2984 in
1874 2931 1941 2984 ir-

353 3017 769 3087 reprehensibili
805 3018 1242 3079 conversatione,
1269 3035 1377 3073 non
1416 3028 1598 3076 tamen
1627 3024 1940 3094 negligcbat

354 3109 751 3164 humanitatem
774 3109 1185 3164 consuetudinis
1215 3112 1458 3179 urbanae,
1483 3112 1720 3169 frontem
1758 3115 1937 3173 laztam

353 3200 621 3257 exhibens
634 3200 1168 3264 occursibus,obvios
1190 3203 1583 3291 complebtens,
1604 3204 1802 3263 blando
1824 3223 1937 3263 ser—
1964 3225 2008 3286 ς,

351 3308 514 3347 mone
539 3292 812 3359 detinens,
833 3308 941 3347 non
976 3292 1235 3348 renidens
1259 3295 1443 3361 modo,
1475 3295 1572 3350 sed
1592 3305 1647 3349 et
1673 3297 1727 3350 in
1757 3299 1924 3352 risum

350 3398 410 3438 se
429 3384 742 3449 effundens,
772 3384 817 3439 si
845 3383 974 3455 quid
1006 3382 1179 3440 facete
1209 3400 1239 3439 a
1262 3401 1535 3456 quoquam
1561 3386 1702 3442 forte
1721 3388 1929 3445 dicere-

350 3486 441 3530 tur
468 3486 561 3530 aut
591 3476 765 3545 lepide
795 3475 947 3530 ﬁeret
972 3476 1037 3531 ad
1067 3476 1314 3548 gratiam.
1356 3478 1503 3533 Idem
1536 3495 1648 3534 non
1674 3481 1927 3551 ignorare

348 3577 519 3622 artem
553 3567 866 3621 insinuandi
903 3582 960 3622 se
987 3568 1052 3622 ad
1093 3568 1390 3637 principes,
1418 3570 1485 3623 ab
1519 3569 1607 3624 his
1636 3572 1796 3643 305
1828 3592 1925 3645 pro

348 3660 471 3714 aliis
492 3659 731 3729 petendi,
761 3674 871 3712 non
898 3661 1148 3729 refugere
1179 3661 1246 3713 ad
1279 3660 1541 3715 delicatas
1562 3678 1931 3728 mensas,cum

347 3752 489 3807 vinis
517 3752 651 3804 varii
682 3750 897 3819 generis
926 3760 980 3804 et
1002 3751 1261 3817 bellariis,
1284 3753 1487 3806 multos
1506 3754 1667 3808 etiam
1690 3756 1929 3826 vulgaris

348 3846 513 3896 sortis
552 3843 833 3908 adhibere,
874 3843 1175 3913 praesertim
1222 3844 1420 3910 quibus
1468 3846 1604 3899 ratio
1649 3848 1822 3902 victus
1871 3850 1951 3912 in.

347 3943 466 3987 ario
486 3942 649 3997 esset,
673 3948 773 3986 nec
802 3949 897 4001 per
930 3947 988 3986 se
1019 3934 1345 3987 habentibus
1368 3950 1467 3988 nec
1497 3952 1685 4004 parare
1707 3937 1925 3993 aliunde

347 4025 554 4094 gnaris,
584 4025 815 4093 ideoque
858 4024 1222 4094 indigentibus
1279 4026 1533 4093 hospitali
1592 4028 1924 4097 benignitate

346 4118 669 4170 amicorum.
707 4115 863 4169 Hunc
905 4116 1066 4170 talem
1087 4118 1235 4186 justo
1263 4104 1647 4187 suffragiorum
1670 4135 1923 4191 compro-

346 4205 534 4262 batum
580 4223 809 4263 numero
838 4209 904 4262 ad
935 4208 1359 4278 patriarchatum
1394 4211 1690 4279 imperator
1715 4212 1931 4281 evexit,‘

346 4301 548 4354 mensis
596 4299 911 4355 Decembris
966 4300 1054 4355 die
1112 4311 1299 4355 octava
1354 4319 1515 4371 supra
1582 4305 1915 4375 vigesimam,

343 4393 664 4449 lndictionis
685 4396 926 4460 decimae,
961 4394 1086 4449 anni
1116 4394 1274 4451 6775.
1310 4394 1427 4448 Mox
1459 4394 1701 4450 kalendis
1722 4397 1923 4452 Janua-

345 4485 444 4541 riis
499 4487 897 4541 ordinationem
936 4487 1079 4541 idem
1108 4486 1474 4556 episcopalem
1527 4489 1629 4544 rite
1669 4492 1918 4562 accepit;

344 4579 489 4633 circa
518 4595 681 4648 quam
699 4579 1080 4634 caaremoniam
1110 4580 1214 4634 tale
1245 4579 1503 4647 quiddam
1534 4583 1777 4651 contigit.

344 4692 436 4746 Ἢν.
482 4692 548 4746 Ut
593 4693 893 4759 posthabito
930 4693 1243 4763 Heracleam
1272 4693 1529 4763 Pinacha,
1580 4696 1719 4763 quod
1756 4698 1800 4750 is
1824 4714 1915 4749 or-

417 4763 631 4837 dinatus
674 4764 855 4837 [uisset
886 4781 916 4816 a
965 4762 1257 4837 ACermauo,
1295 4762 1656 4832 Mityleneusm
1718 4765 1914 4837 Grego-

421 4832 529 4886 rius
563 4834 847 4900 Josephum
878 4835 1223 4888 ordinauerit.

419 4935 680 4991 Pinachas
712 4940 1033 5003 monachus,
1063 4940 1153 5009 qui
1180 4940 1578 4997 ordinationem
1605 4945 1918 5001 aGermano

346 5038 653 5098 acceperat,
693 5030 968 5086 Heraclea:
1010 5031 1259 5088 Thracia:
1302 5034 1746 5106 archiepiscopus
1776 5050 1912 5103 erat,

343 5131 403 5176 et
430 5122 477 5175 ei
514 5133 572 5176 ut
595 5123 686 5176 tali
719 5125 1063 5193 competebat
1096 5141 1161 5179 ex
1191 5126 1418 5195 antiquo
1440 5128 1529 5196 jus
1563 5131 1917 5184 consecrandi

343 5212 933 5285 Constantinopolitani
968 5217 1309 5286 patriarchae,
1342 5218 1469 5273 inde
1501 5220 1664 5273 ducta
1706 5222 1915 5275 ratione

343 5302 633 5373 privilegii,
692 5306 838 5374 quod
893 5306 1024 5359 urbs
1072 5306 1366 5376 Byzantina
1416 5308 1607 5377 primis
1662 5310 1914 5364 Ecclesiae

346 5396 682 5465 temporibus
703 5396 817 5451 sedi
840 5397 1188 5452 Heracleensi
1213 5398 1400 5452 fuisset
1423 5399 1657 5454 subdita.
1692 5400 1916 5456 Nolebat

345 5496 529 5541 autem
555 5487 825 5557 Josephus
862 5490 1264 5559 impositionem
1307 5506 1564 5545 manuum
1596 5493 1664 5546 ab
1698 5492 1800 5547 isto
1829 5509 1919 5547 ac-

343 5575 546 5645 cipere.
593 5577 764 5649 Hujus
809 5580 1133 5650 expediendi
1175 5581 1305 5635 nodi
1342 5582 1607 5637 rationem
1659 5592 1916 5652 opportu-

342 5682 473 5721 nam
521 5671 842 5742 excogitavit
895 5673 1210 5741 imperator.
1243 5672 1535 5726 Pinacbam
1583 5673 1831 5727 videlicet
1861 5675 1912 5727 in

343 5760 492 5813 aedes
522 5761 896 5830 imperatorias
928 5763 1159 5818 accitum
1188 5764 1438 5833 palatinis
1468 5764 1638 5817 sacris
1670 5763 1913 5833 praeficit,

346 5852 529 5911 missae
564 5855 671 5912 illic
726 5856 1047 5911 sacrificium
1099 5854 1327 5910 solemni
1369 5855 1473 5909 ritu
1524 5864 1911 5925 peracturum;

2037 2011 2145 2064 τῶν
2179 2012 2651 2082 ἐγκεκλεισμένων
2680 2016 2915 2081 ἐξείλετο
2958 2016 3069 2070 τῶν
3102 2018 3341 2087 δεσμῶν,
3384 2019 3612 2072 καταδί-

2039 2121 2167 2166 κους
2215 2106 2560 2173 συμπαθείας
2602 2107 2869 2176 ὴξῖωσεν,
2912 2109 3314 2180 ἔξωρισμένους
3357 2112 3616 2164 ἀνεκαλέ-

2041 2212 2194 2259 σατο,
2234 2201 2325 2250 καὶ
2354 2192 2434 2261 οἷς
2464 2199 2715 2267 ἀπεχθῶς
2740 2196 2853 2270 εἷχε
2891 2201 3166 2266 κάκείνοις
3194 2200 3487 2268 ἐξιλεοῦτο,
3515 2201 3611 2256 τοῦ

2041 2288 2385 2359 πατριάρχου
2430 2291 2833 2361 μεσιτεύοντος.

2039 2449 2138 2498 κε’.
2175 2445 2367 2510 Ὅπως
2417 2445 2602 2513 ἐλύθη
2658 2448 2764 2518 τοῦ
2826 2448 3165 2518 ἁφορισμοῦ
3231 2454 3264 2505 ὁ
3310 2448 3615 2517 βασιλεὺς

2528 2517 2686 2583 παρὰ
2726 2518 2833 2572 τοῦ
2876 2518 3118 2589 Ἰωσήφ.

2109 2650 2194 2721 [Ρ.
2227 2650 2357 2722 207]
2396 2652 2629 2723 Ἐπέστη
2670 2651 2801 2722 γοῦν
2846 2655 2878 2722 ή
2923 2653 3092 2726 μηνὸς
3137 2656 3449 2726 Ληναιῶνος
3488 2656 3612 2710 δευ-
3662 2678 3667 2683 ·

2040 2841 2201 2897 quem
2230 2826 2321 2881 ille
2349 2827 2614 2881 honorem
2640 2836 2849 2896 qtnestu
2882 2825 3085 2897 ingenti
3112 2827 3468 2896 conjunetum
3493 2843 3612 2896 pro-

2039 2926 2161 2986 pter
2203 2916 2469 2971 ditissima
2506 2917 2773 2985 stipendia
2824 2918 3094 2987 ejusmodi
3146 2918 3390 2988 fungenti
3432 2920 3612 2974 ollicio

2041 3009 2259 3063 decreta
2287 3008 2414 3063 dum
2461 3009 2699 3064 libenter
2730 3008 3003 3079 accipiens
3042 3010 3117 3064 ibi
3152 3011 3414 3076 celebrat,
3462 3011 3615 3083 Mity-

2041 3100 2280 3154 lenensis
2330 3100 2658 3171 Gregorius,
2705 3101 2965 3155 adversus
3011 3101 3167 3170 cujus
3209 3102 3609 3158 ordinationem

2042 3199 2233 3259 utpote
2274 3191 2557 3260 antiquam
2596 3191 2743 3245 nulla
2793 3201 2908 3246 erat
2957 3192 3224 3261 exceptio,
3278 3193 3495 3263 eligitur
3541 3195 3609 3249 ad

2043 3281 2409 3335 ordinandum
2454 3281 2846 3351 patriarcham.
2893 3281 3089 3337 Totum
3126 3298 3289 3352 porro
3340 3284 3609 3354 reliquum

2040 3371 2356 3427 Januarium
2393 3387 2635 3428 mensem
2664 3377 2976 3444 imperator,
3009 3375 3093 3428 cui
3129 3375 3263 3428 nihil
3297 3386 3413 3429 erat
3438 3376 3611 3447 magis

2037 3474 2283 3535 optatum
2316 3481 2478 3535 quam
2515 3468 2839 3521 solutionem
2870 3468 3253 3534 anathematis,
3299 3469 3387 3522 cui
3428 3470 3612 3537 subja—

2042 3560 2218 3623 cebat,
2249 3559 2352 3614 rite
2384 3575 2448 3613 ac
2476 3561 2638 3615 modo
2671 3561 2804 3614 nulli
2841 3560 3127 3615 calumnia:
3152 3561 3387 3615 obnoxio
3418 3576 3614 3616 conse-

2037 3650 2149 3718 qui,
2192 3651 2460 3706 concessit
2500 3666 2641 3706 novo
2684 3650 3005 3720 patriarchae
3046 3660 3107 3704 ut
3143 3663 3236 3719 per
3277 3653 3447 3705 otium
3484 3667 3609 3706 cum

2036 3742 2248 3798 caeteris
2288 3744 2561 3813 episcopis
2601 3744 2972 3798 consideraret
3016 3760 3250 3813 quanam
3298 3745 3389 3799 illa
3426 3755 3608 3815 posset

2040 3835 2253 3888 ratione
2276 3835 2478 3903 optima
2520 3834 2735 3897 confici,
2769 3834 3008 3900 interim,
3041 3837 3183 3903 quod
3216 3837 3282 3889 ad
3318 3852 3376 3891 se
3412 3838 3611 3891 atiinev

2037 3937 2139 3992 ret,
2180 3927 2326 3980 nulla
2356 3926 2442 3980 die
2476 3926 2737 3980 omittens
2778 3927 3177 3981 studiosissime
3216 3928 3380 3998 306
3412 3941 3605 3984 cuncta

2034 4023 2281 4090 exsequi,
2315 4036 2434 4089 quae
2468 4022 2551 4075 vel
2594 4022 2903 4075 necessaria
2932 4021 3017 4075 vel
3061 4032 3363 4090 opportuna
3396 4039 3600 4092 prmpa-

2034 4114 2205 4166 rando
2234 4113 2453 4184 negotio
2496 4121 2813 4183 suggereret
2855 4112 3182 4181 patriarcha,
3232 4114 3388 4181 cujus
3420 4130 3608 4183 preces

2034 4221 2224 4260 omnes
2269 4221 2333 4260 ac
2382 4206 2534 4276 signa
2586 4207 2883 4261 voluntatis
2931 4206 3343 4275 promptissima
3389 4208 3607 4275 quidvis

2006 4298 2293 4371 ‘largiendi
2330 4298 2587 4353 facilitate
2636 4300 2820 4353 statim
2871 4297 3144 4367 explebat,
3191 4298 3327 4353 adeo
3372 4299 3607 4352 libenter

2032 4389 2206 4454 illum,
2231 4389 2489 4459 quidquid
2518 4390 2584 4444 ad
2610 4406 2668 4445 se
2696 4390 2947 4453 referret,
2979 4390 3206 4445 audiens
3230 4390 3603 4459 continuoque

2032 4482 2338 4553 indulgens,
2384 4490 2443 4536 ut
2484 4483 2649 4537 etiam
2696 4484 2877 4537 missis
2924 4497 3362 4552 quoquoversum
3412 4483 3604 4537 edictis

1955 4582 1997 4635 ι)
2028 4588 2124 4643 per
2160 4588 2349 4628 omnes
2384 4573 2597 4643 imperii
2648 4580 2822 4627 terras
2866 4575 3128 4637 sanxerit,
3183 4582 3241 4627 ut
3273 4574 3463 4627 littera
3508 4590 3603 4643 pa-
3664 4638 3673 4645 .

2020 4666 2273 4721 triarchae
2293 4668 2714 4737 perseriptaaquc
2738 4666 3046 4720 voluntates
3069 4681 3398 4735 quocunque
3424 4665 3602 4719 missa:

2020 4773 2051 4812 a
2097 4760 2311 4813 cunctis
2358 4759 2602 4813 locorum
2646 4757 3051 4827 magistratibus
3099 4758 3177 4811 sic
3220 4757 3602 4825 exciperentur

2022 4859 2077 4903 et
2120 4850 2458 4904 cxsecutioni
2506 4850 2929 4914 mandarentur,
2975 4858 3229 4916 tanquam
3277 4848 3320 4902 si
3370 4865 3488 4916 qua:
3537 4848 3601 4899 iis

2019 4941 2419 5005 indicabantur,
2459 4942 2866 5011 qualiacunque
2896 4939 3094 5005 forent,
3146 4940 3260 5008 ipse
3303 4941 3598 5007 imperator

2018 5034 2292 5104 jussisset,
2337 5035 2500 5088 minis
2543 5035 2707 5088 etiam
2741 5049 3024 5103 pcenarnm
3055 5032 3298 5101 gravium
3344 5031 3598 5099 ascriptis

2019 5126 2071 5178 in
2124 5141 2217 5179 eos
2266 5128 2359 5194 qui
2410 5141 2568 5179 secus
2623 5124 2906 5179 fecissent.
2960 5124 3187 5192 Aperuit
3240 5124 3371 5190 quin
3426 5123 3594 5178 etiam

2017 5218 2295 5271 custodias
2330 5218 2592 5286 publicas,
2626 5227 2677 5271 et
2708 5218 2906 5271 multos
2939 5216 3048 5269 illic
3078 5216 3426 5270 detentorum
3473 5215 3598 5268 vin-

2020 5311 2159 5363 culis
2224 5311 2425 5375 solvit;
2486 5310 2758 5364 damnatis
2808 5323 3024 5378 qquue
3090 5307 3315 5377 gratiam
3375 5307 3599 5360 indulsit.

2020 5401 2269 5470 supplicii
2310 5400 2540 5463 decreti,
2584 5400 2803 5453 exsules
2842 5400 3138 5461 revocavit,
3176 5396 3449 5464 etquibus
3480 5405 3600 5450 erat

2019 5493 2188 5546 iratus
2215 5493 2543 5547 condonavit
2568 5491 2826 5557 oil‘ensas,
2856 5489 3225 5544 intercedente
3250 5487 3585 5558 patriarcha.

2090 5648 2181 5703 25.
2216 5647 2280 5701 Ut
2333 5647 2535 5701 solutus
2591 5646 2925 5769 anatfemaltle
2978 5645 3264 5713 imperator
3293 5644 3451 5712 fuerit
3493 5662 3527 5697 a

2748 5732 2865 5769 oscu
2907 5733 2955 5769 ο.

2748 5732 2955 5780 oscpno.

2098 5854 2281 5911 Adfuit
2333 5846 2826 5912 tandem’decreta
2874 5853 3215 5925 imperatoris
3263 5851 3593 5911 absolutioni
