3926 6522
394 382 399 391 ’
438 387 543 449 755

1641 381 1966 443 GEORGII
2009 373 2490 440 PACllYMERiE

3557 366 3652 424 736

429 498 585 568 τέρα,
607 493 727 549 καθ’
758 495 823 564 ἦν
843 495 931 545 καὶ
957 490 1302 563 ηἘκκλητία
1323 492 1443 558 ἄγει
1472 490 1567 562 τὴν
1594 493 1689 561 τῆς
1728 493 2011 544 ’Υπαπαν-
2038 489 2089 551 Α
2119 488 2264 551 είκὸς
2298 482 2687 556 προσκυνὴαας
2719 476 2811 534 καὶ
2848 473 3271 568 συνταξάμενος,
3312 473 3505 568 ἒχώρει
3534 475 3639 544 πρὸ,

428 590 527 659 τῆς
575 587 789 658 ἑορτήν.
843 585 952 638 Καὶ
982 587 1011 637 δ
1065 584 1415 654 πατριάρχης
1445 583 1664 652 σύναμα
1699 587 1863 638 πᾶσιν
1902 585 2005 653 ἀρ-

430 678 707 751 χιερεῦσιν
762 675 867 730 ὑπὸ
902 674 1082 744 πολλῷ
1116 673 1195 743 τῷ
1245 673 1355 727 τῶν
1388 673 1690 744 λαμπάδων
1739 674 1882 742 φωτὶ
1913 671 2006 726 καὶ

433 771 625 841 ὓμνοις
686 772 754 838 τῇ
806 769 969 838 ἑορτῇ
1002 766 1327 836 πρέπουσιν,
1369 764 1449 819 ἔτι
1480 766 1535 818 δὲ
1582 766 1677 820 καὶ
1711 768 1829 829 ταῖς
1862 764 2006 835 ὑπὲρ

438 862 702 934 βασιλέως
734 860 869 929 πρὸς
902 859 1034 912 Θεὸν
1067 858 1349 922 ἱκετείαις,
1382 857 1455 920 ὡς
1500 858 1607 911 ἔδει
1638 859 1733 910 καὶ
1765 874 2007 928 περιφα-

436 956 540 1013 νῶς
596 952 997 1023 παννυχεύσας.
1024 952 1149 1022 ’.τὴν
1186 952 1339 1021 ἱερὰν
1371 951 1714 1021 λειτουργίαν
1742 949 2002 1005 ἐπιτελεῖ.

437 1046 548 1100 Καὶ
581 1046 680 1115 ἤδη
724 1046 800 1107 ὡς
831 1046 1031 1116 ἤνυστο
1065 1046 1237 1111 πᾶσα,
1272 1043 1367 1097 τοῦ
1402 1043 1669 1112 βασιλέως
1711 1044 1769 1098 ὲν
1804 1041 2010 1113 βασιλι-

439 1140 559 1200 καῖς
592 1137 880 1205 ἱσταμένου
911 1133 1265 1205 δορυφορίαις
1297 1133 1515 1203 σύναμα
1543 1134 1835 1205 συγκλήτῳ
1855 1133 2007 1203 πάσῃ

439 1228 535 1279 ναὶ
564 1227 834 1294 πολιτείᾳ,
867 1227 980 1288 τοῖς
1007 1225 1185 1293 άγίοις
1231 1225 1586 1295 προσεγγίζει
1621 1217 1854 1296 θυρίοις,
1899 1223 2012 1276 τῶν

441 1322 745 1390 ἀρχιερέων
774 1318 923 1372 ἔνδον
970 1319 1069 1372 τοῦ
1126 1318 1368 1388 βήματος
1407 1320 1737 1388 ἱσταμένων,
1786 1317 2012 1371 ’Δποθέ-

446 1427 604 1475 μενος
632 1407 725 1461 οὖν
744 1411 843 1480 τὴν
864 1409 959 1461 ἐπὶ
988 1410 1086 1478 τῆς
1116 1408 1355 1478 κεφαλῆς
1384 1410 1725 1480 καλύπτραν,
1748 1407 2015 1479 ἀκαλύφῳ

442 1501 509 1568 τῇ
542 1499 753 1567 κεφαλῇ
783 1498 1121 1565 προσπίπτει
1153 1498 1272 1569 Θεῷ
1306 1500 1403 1551 καὶ
1436 1501 1562 1552 ποσὶ
1587 1498 2018 1571 προηγουμένως

444 1585 537 1639 τοῦ
570 1586 932 1656 πατριάρχου,
964 1587 1061 1640 καὶ
1091 1587 1209 1656 μεθ’
1235 1589 1318 1640 ὅτι
1344 1587 1554 1657 θερμῆς
1576 1588 1675 1656 τῆς
1703 1588 2018 1658 προθέσεως

446 1678 544 1747 τὴν
580 1677 929 1748 συγχώρησιν
964 1679 1185 1746 ἐξαιτεῖ,
1213 1681 1492 1750 ὁμολογῶν
1531 1681 1933 1751 μεγαλοφώνως
1957 1678 2019 1733 τὸ

2112 584 2182 635 τὰ,
2227 579 2519 648 ἀνάκτορα.
2580 571 2843 635 Ἐπέταξε
2882 569 2938 621 δὲ
2980 568 3074 620 καὶ
3118 563 3195 635 τῷ
3244 563 3660 635 έγκεκλεισμένῳ

2113 673 2258 727 κατὰ
2306 670 2369 725 τδ
2399 668 2506 723 τῶν
2556 660 2908 735 Νικητιατῶν
2941 658 3040 727 τῆς
3080 655 3387 720 Δακὶὁύζης
3423 652 3660 723 φρούριον

2125 764 2347 834 Ἰωάννῃ
2394 761 2473 822 είς
2508 756 2715 828 τροφῆς
2763 749 3077 820 οἰκονομίαν
3124 748 3218 801 καὶ
3256 745 3560 812 ἐνδυμάτων
3600 745 3662 797 τὰ

2118 855 2299 921 ἱκανὰ,
2340 849 2640 920 πολυωρῶν
2671 848 2877 899 ἐκεῖνον
2926 839 3185 913 συχνάκις
3235 838 3329 890 καὶ
3363 836 3473 897 τοῖς
3512 836 3667 902 ἀναγ-

2117 949 2295 1010 καίοις
2351 943 2476 999 καθ’
2519 942 2756 1011 ἑκάστην
2789 937 2974 1009 σχεδὸν
3015 927 3519 1003 φιλοφρονούμενος.
3565 928 3670 981 Ἐν-

2114 1035 2310 1089 τεῦθεν
2341 1030 2596 1103 καὶπρὸς
2626 1028 2726 1099 τὴν
2763 1022 3102 1103 διεξαγωγὴν
3129 1019 3241 1074 τῶν
3272 1017 3468 1074 κοινῶν
3521 1034 3674 1070 σπου-

2117 1128 2295 1183 δαιότε
2305 1141 2396 1197 ρον
2425 1122 2706 1195 τρέπεται.

2118 1268 2236 1326 κς’.
2273 1260 2409 1326 Περὶ
2437 1259 2546 1313 τοῦ
2576 1256 2813 1326 κήδους
2829 1252 2936 1308 τοῦ
2963 1269 3027 1326 τε
3076 1246 3508 1326 {militat-sidit?!)
3547 1244 3677 1326 ’Ἄτ-

2189 1316 2473 1399 δρονῐκου
2541 1316 2678 1399 pro};
2750 1316 2861 1399 ξῆς
2912 1323 3021 1399 τοῦ
3074 1316 3384 1399 βᾳςάᾳέως
3425 1316 3678 1399 ᾳδραφῇς

2194 1384 2456 1469 ἦτίρθας,
2486 1395 2716 1463 καὶτῆς
2739 1384 3028 1464 θυγατρὸς
3058 1384 3164 1446 τοῦ
3221 1386 3469 1443 dorum)
3498 1384 3677 1439 Ἰωάν-

2192 1489 2327 1525 νου.
3098 1504 3133 1525 /

2196 1586 2285 1659 [P.
2312 1582 2443 1655 208]
2497 1582 2609 1635 Kal
2659 1579 2781 1632 ἐπεὶ
2832 1578 2997 1632 πάλιν
3032 1571 3353 1628 ἀνοιδαίνειν
3400 1569 3596 1639 ὥρμων
3623 1571 3682 1621 τὰ

2122 1680 2342 1742 δυτικά,
2378 1676 2473 1730 τοῦ
2506 1674 2770 1729 δεσπότου
2802 1668 3021 1741 Μιχαὴλ
3064 1667 3123 1732 ἐξ
3153 1667 3460 1735 ἀνθρώπων
3498 1662 3686 1731 γεγονός

446 1768 727 1839 τόλμημα.
772 1767 883 1821 Καὶ
922 1768 985 1838 δὴ
1026 1771 1112 1822 ἐπ’
1145 1770 1375 1838 ἐδάφους
1411 1772 1668 1841 κειμένου
1713 1770 1810 1823 τοῦ
1859 1769 2016 1839 βασι-
2054 1802 2095 1859 Β
2122 1791 2233 1837 τος.
2272 1773 2364 1825 καὶ
2389 1770 2479 1824 τὸν
2518 1769 2616 1836 μὲν
2650 1764 2966 1833 Νικηφόρον
3000 1763 3094 1814 ἐπὶ
3123 1764 3188 1832 τῇ
3225 1758 3331 1828 ἰδίᾳ
3364 1759 3503 1827 ἀρκῇ
3534 1773 3686 1808 κατα·

449 1860 606 1924 λέως,
637 1862 665 1913 ὁ
703 1860 1051 1932 πατριάρχης
1080 1864 1290 1932 χάρτην
1334 1864 1436 1917 ἀνὰ
1478 1866 1669 1933 χεῖρας
1694 1864 1833 1934 ἔχων
1866 1856 2019 1933 ᾧπερ

452 1954 484 2022 ἡ
536 1952 887 2022 συγχώρησις
925 1955 1319 2025 ἐνεγέγραπτο,
1365 1955 1577 2021 διεξιὼν
1612 1956 1707 2009 κα)⁸
1754 1955 1933 2026 ῥητῶς
1961 1953 2022 2006 τὸ

452 2043 835 2113 πλημμέλημα
862 2045 1037 2112 λέγων
1077 2045 1136 2098 τὸ
1164 2047 1257 2100 ἐπὶ
1306 2049 1385 2117 τῷ
1416 2047 1509 2099 τοῦ
1555 2046 1820 2118 βασιλέως
1869 2044 2023 2099 παιδὶ

450 2135 650 2204 δηλαδὴ
693 2137 936 2209 Ἰωάννῃ,
972 2138 1273 2209 συνεχώρει
1316 2139 1503 2209 τρανῷ
1538 2139 1614 2210 τῷ
1645 2139 1896 2208 στόματι,
1929 2136 2024 2188 καὶ

454 2226 541 2279 ἐπ’
572 2228 734 2281 αὑτὸν
761 2229 921 2292 ἄλλος
949 2232 1041 2283 καὶ
1074 2232 1190 2299 μετ’
1218 2233 1429 2285 ἐκεῖνον
1458 2232 1647 2303 ἕτερος
1670 2230 1764 2284 καὶ
1790 2228 2026 2297 καθεξῆς

454 2321 503 2371 οἱ
561 2321 784 2385 πάντες,
823 2314 867 2388 ᾧ
920 2322 1003 2387 ἐφ’
1045 2323 1262 2393 ἑκάστῳ
1318 2325 1755 2393 προσπίπτοντος
1800 2326 1893 2374 καὶ
1928 2320 2027 2389 τὴν

460 2411 808 2483 συγχώρησιν
836 2415 1188 2482 αἰτουμένου,
1211 2416 1412 2469 ἐκεῖνοι
1439 2415 1564 2469 καθ’
1581 2416 1677 2469 ἱνα
1701 2415 1794 2468 τὸν
1819 2414 2029 2485 χάρτην

461 2504 680 2573 ἔχοντες
712 2506 813 2558 ἀνὰ
844 2508 1052 2576 χεῖρας,
1101 2507 1193 2560 τὸν
1221 2509 1389 2563 αὑτὸν
1432 2508 1509 2581 τῷ
1547 2510 1862 2579 πατριάρχῃ
1899 2523 2029 2559 συν-

461 2592 703 2661 εχώρουν
733 2596 955 2665 τρόπον,
1006 2598 1217 2654 πολλῶν
1266 2604 1543 2671 χεομένων
1588 2602 1881 2675 διακρύων,
1935 2603 2030 2655 καὶ

466 2686 667 2754 μᾶλλον
702 2687 807 2738 τῶν
838 2689 900 2740 ὲκ
934 2692 1030 2757 τῆς
1061 2693 1390 2760 συγκλήτου,
1428 2694 1564 2763 πρὸς
1590 2693 1892 2759 ὲξιλέωσιν.
1922 2693 2032 2746 Καὶ

462 2779 611 2839 τέλος
654 2783 890 2844 ἀναστὰς
927 2784 1021 2835 xxi.
1052 2783 1260 2853 τρύφου
1293 2784 1439 2856 ἱεροῦ
1478 2790 1792 2857 μετασχὼν,
1833 2784 1929 2839 καὶ
1959 2785 2033 2847 ὡς

463 2958 602 3023 dies,
638 2960 878 3014 secunda
909 2962 1114 3016 mensis
1144 2961 1450 3031 Februarii,
1481 2981 1587 3035 qua
1615 2966 1861 3022 Ecclesia
1888 2966 2035 3021 cele-

464 3048 585 3104 brat
610 3048 806 3103 festum
831 3049 1208 3122 llypapantes;
1232 3064 1287 3109 et
1310 3057 1618 3126 patriarcha
1636 3073 1759 3113 cum
1782 3058 2037 3114 omnibus

2124 1865 2429 1935 λείψαντος,
2460 1860 2536 1928 τῷ
2558 1860 2615 1914 δέ
2640 1875 2701 1926 γε
2735 1857 2877 1926 νόθῳ
2918 1855 3142 1924 Ἰωάννῃ
3177 1851 3364 1921 χώραν
3390 1850 3489 1901 οὐκ
3515 1848 3687 1913 ὀλίγην

2125 1956 2580 2026 διανενεμηκότος
2632 1952 2788 2013 ἰδίαν,
2821 1952 2914 2003 καὶ
2964 1951 2992 2001 ὁ
3036 1948 3132 2016 μὲν
3164 1943 3481 2013 Νικηφόρος
3516 1941 3688 2010 ἠγάπα

2128 2051 2374 2119 κατέχων
2428 2046 2496 2099 τὰ
2530 2042 2752 2108 ἑαυτοῦ,
2823 2044 2852 2095 ὁ
2902 2040 2959 2093 δὲ
3001 2038 3257 2106 Ἰωάννης
3309 2036 3408 2088 καὶ
3467 2032 3601 2100 ὑπὲρ
3631 2029 3689 2082 τά

2127 2143 2455 2211 ἐσκαμμένα
2482 2138 2657 2209 πηδᾷν
2681 2135 2925 2205 ὠρέγετο
2949 2134 3043 2186 καὶ
3069 2131 3178 2184 τῶν
3200 2130 3293 2183 τοῦ
3321 2125 3550 2195 ἀδελφοῦ
3572 2126 3690 2178 ἁπο-

2134 2236 2399 2305 σχόμενος
2438 2230 2549 2284 τῶν
2594 2228 2879 2299 ἡμετέρων
2919 2225 3287 2294 προσήπτετο,
3332 2218 3605 2274 σκυλεύων
3640 2216 3692 2270 τὸ

2132 2324 2459 2397 προττυχὶν,
2502 2318 2727 2389 πολέμῳ
2760 2317 2859 2387 μὲν
2888 2317 3095 2368 ἐκεῖνον
3117 2316 3144 2365 ὁ
3178 2311 3434 2383 βασιλεὺς
3465 2311 3689 2379 μετιέναι

2132 2421 2232 2473 οὐκ
2264 2413 2551 2483 ἐδοκίμαζε
2578 2406 3076 2479 θερμουργδνοδντα
3105 2406 3198 2459 καὶ
3219 2406 3342 2456 νέον
3371 2401 3542 2472 ἀρχῆς
3567 2398 3691 2468 ἁψά-

2136 2530 2320 2584 μενον,
2342 2509 2407 2563 δι’
2440 2508 2665 2577 εἰρήνης
2694 2504 2738 2557 δ’
2769 2502 3023 2557 ὑπελθεῖν
3051 2500 3146 2553 καὶ
3174 2496 3319 2553 κατὰ
3357 2495 3517 2566 κῆδος
3542 2493 3689 2546 σπέν-

2133 2604 2316 2658 δεσθαι
2358 2599 2539 2667 πολλῴ
2574 2597 2821 2668 κρεῖττον
2864 2594 3048 2662 ἡγεῖτο
3080 2589 3177 2644 τοῦ
3219 2588 3503 2657 πολεμεῖν.
3544 2585 3689 2640 Ὅθεν

2137 2700 2231 2753 καὶ
2256 2696 2571 2767 πρεσϐείαις
2605 2690 2706 2761 μὲν
2731 2689 2790 2742 τὸ
2817 2686 3053 2756 σκληρὸν
3082 2683 3293 2738 ἐκείνου
3319 2680 3588 2750 μαλάσσει
3609 2679 3693 2732 καὶ

2138 2790 2387 2851 αὔθαδες,
2432 2787 2553 2838 ἐπεὶ
2585 2783 2630 2837 δ’
2662 2783 2867 2844 ἐκεῖνος
2910 2779 3005 2832 καὶ
3052 2775 3265 2846 ὡραίαν
3297 2772 3482 2844 γάμου
3517 2769 3692 2841 ἔτρεφε

2140 2982 2365 3042 tumque
2414 2966 2686 3038 copiosas,
2732 2961 2967 3018 sollicite
3000 2959 3263 3027 deinceps
3318 2970 3449 3011 eum
3495 2966 3695 3015 curans,

2144 3064 2330 3121 multis
2360 3059 2616 3122 subinde,
2660 3056 2755 3127 qui
2796 3069 2923 3110 eum
2968 3050 3297 3108 necessariis
3333 3049 3485 3120 large
3517 3060 3698 3116 suppe-

467 3139 737 3210 episeopis
769 3145 834 3196 ad
872 3144 1098 3200 multam
1135 3146 1444 3217 lampadpm
1488 3149 1663 3204 lucem
1699 3148 1913 3220 hymnis
1941 3149 2037 3204 de-

2150 3157 2380 3216 tlitandis
2414 3153 2853 3215 consolarentur,
2894 3155 2951 3203 et
2990 3145 3096 3202 sibi
3139 3158 3328 3201 carum
3369 3156 3490 3198 esse
3534 3136 3697 3195 verbis

468 3231 758 3285 cantandis
777 3233 1111 3289 solemnitati
1136 3237 1541 3304 consentaneis,
1562 3238 1889 3307 imperatore
1902 3253 2041 3308 quo-

470 3336 576 3389 que
608 3336 736 3377 suas
776 3323 905 3403 Deo
930 3342 1124 3396 preces
1167 3330 1487 3399 suppliciter
1526 3330 1811 3396 oﬂ'erente,
1859 3330 2041 3401 splen-

469 3418 615 3478 dide,
672 3425 732 3470 ut
772 3418 911 3472 ritus
964 3427 1020 3474 et
1071 3434 1191 3474 mos
1233 3420 1506 3491 legitimus
1553 3421 1836 3492 poscebat,
1881 3431 2043 3476 nocte

471 3510 825 3583 pervigilata,
867 3525 1076 3565 sacram
1126 3511 1399 3583 liturgiam
1443 3514 1776 3580 celebravit;
1811 3529 1933 3583 quae
1987 3524 2045 3569 ut

473 3612 693 3672 peracta
727 3612 838 3656 tota
876 3612 980 3666 est,
1028 3602 1344 3671 imperator,
1380 3605 1473 3673 qui
1520 3613 1752 3661 eatenus
1794 3621 2041 3661 seorsum

473 3703 724 3755 steterat,
749 3695 987 3762 stipante
1020 3695 1168 3765 regio
1193 3696 1468 3761 satellitio,
1501 3712 1609 3752 uua
1634 3714 1756 3752 eum
1787 3698 2045 3753 universo

473 3799 664 3844 senatu
717 3799 767 3842 et
811 3788 1012 3842 civium
1057 3802 1307 3857 corpore,
1351 3790 1654 3859 procedens
1703 3790 1943 3845 admovit
1988 3806 2047 3844 se

475 3882 643 3936 sacris
670 3880 860 3939 valvis.
892 3879 1163 3948 episcopis
1194 3880 1336 3933 intra
1372 3890 1586 3950 septum
1628 3882 1818 3936 altaris
1854 3883 2046 3936 stanti-

477 3974 596 4026 bus.
643 3972 720 4025 lbi
760 3971 848 4023 ille
883 3971 1098 4040 abjeeto
1127 3970 1323 4040 capitis
1351 3972 1608 4041 tegmine,
1643 3974 1789 4027 nudo
1822 3975 2045 4037 vertice,

475 4080 655 4118 coram
684 4062 843 4132 307
872 4062 979 4116 Deo
1005 4063 1313 4132 procideus,
1342 4063 1408 4117 ad
1439 4065 1606 4132 pedes
1632 4074 1758 4119 ante
1786 4066 1966 4120 omnia
1993 4082 2051 4119 se

477 4155 663 4219 abjcit
699 4154 1104 4222 patriarchae.et
1142 4170 1306 4223 quam
1349 4155 1732 4210 ardentissima
1776 4158 2051 4227 supplica-

482 4252 630 4301 tione
670 4251 884 4301 veniam
916 4250 1109 4317 poscit,
1146 4249 1415 4304 conﬁtens
1455 4265 1649 4319 magna
1696 4265 1829 4306 voce
1876 4250 2055 4304 scelus

480 4357 665 4394 suum.
692 4340 847 4395 Tunc
876 4343 1203 4411 patriarcha,
1232 4344 1383 4398 humi
1414 4344 1494 4398 sic
1516 4355 1789 4413 prostrato
1820 4323 2066 4413 impera:

484 4442 620 4498 tore,
656 4432 899 4486 chartam
936 4449 1098 4501 quam
1135 4435 1189 4488 in
1232 4436 1489 4491 manibus
1534 4436 1770 4492 habebat
1814 4446 1869 4490 et
1900 4437 1954 4489 in
1993 4450 2055 4489 ea

481 4524 739 4592 scriptam
773 4524 1057 4579 formulam
1089 4526 1453 4583 absolutionis
1478 4529 1683 4598 legens,
1715 4537 1769 4582 et
1798 4528 2056 4583 distincte

483 4617 844 4685 pronuntians
875 4617 1088 4673 fucinus
1120 4620 1368 4689 iniquum
1404 4621 1460 4675 in
1494 4619 1663 4674 filium
1689 4620 2053 4690 imperatoris,

484 4707 740 4762 videlicet
784 4708 1048 4764 Joannem
1072 4715 1101 4776 ,'
1131 4721 1461 4767 attentatum
1485 4751 1501 4777 ,
1551 4711 1686 4765 illud
1738 4710 2055 4780 imperatori

484 4797 632 4850 clara
662 4814 791 4853 voce
832 4800 1177 4855 condonavit.
1215 4803 1347 4855 Post
1375 4802 1523 4855 hunc
1563 4800 1810 4854 eamdem
1852 4800 2058 4869 pariter

485 4887 773 4944 formulam
813 4892 1065 4946 recitavit
1097 4894 1238 4947 alius
1283 4892 1600 4961 episcopus,
1637 4891 1763 4945 inde
1803 4891 1961 4953 alius,
2003 4900 2060 4944 et

484 4981 565 5036 sic
592 4984 785 5037 ordine
828 4984 1070 5038 universi
1101 4985 1345 5054 legentes
1376 4999 1406 5037 e
1440 4984 1671 5053 scripto,
1699 4999 1880 5039 coram
1918 5000 2058 5037 uno-

485 5090 556 5143 qu
595 5090 701 5141 quc
730 5075 971 5143 ipserum
1015 5075 1253 5129 vicissim
1289 5092 1347 5128 se
1391 5086 1775 5144 prosternente
1814 5078 2059 5146 Augusto

485 5171 542 5216 et
571 5162 784 5215 veniam
818 5163 983 5217 enixe
1022 5164 1350 5233 postulante,
1378 5165 1614 5226 cunctis,
1651 5164 1796 5218 sicut
1827 5164 2061 5234 patriar-

485 5257 588 5308 cha
631 5253 856 5317 fecerat,
899 5256 1349 5310 contionantibus
1377 5275 1390 5309 :
1421 5258 1608 5310 multis
1654 5256 1798 5312 inter
1839 5258 1953 5312 haec
1982 5259 2061 5311 la-

487 5349 885 5417 erymautibus,
931 5350 1232 5416 pra-sertim
1280 5366 1312 5404 e
1359 5360 1573 5412 senatu,
1623 5366 1685 5403 ac
1731 5350 1828 5404 Dei
1874 5366 2061 5419 pacem

487 5439 864 5493 exorantibus.
909 5438 1151 5493 Tandem
1195 5455 1426 5508 surgens
1459 5440 1717 5509 princeps
1749 5456 1905 5495 sacro
1954 5442 2060 5495 im-

489 5528 722 5596 pertitus
746 5530 906 5597 epulo
941 5538 1048 5593 est,
1084 5530 1185 5583 sub
1216 5530 1360 5597 quod
1393 5530 1575 5582 debita
1610 5530 1712 5585 rite
1741 5531 2063 5586 adorationc

490 5619 829 5689 perfunctus,
885 5621 1120 5675 salutato
1180 5620 1418 5690 denique
1466 5629 1631 5685 coetu,
1691 5621 1745 5675 in
1799 5622 2060 5692 palatium

489 5710 736 5763 recessit.
774 5710 1021 5765 Decrevit
1062 5724 1243 5764 autem
1278 5712 1490 5765 incluso
1520 5713 1663 5781 apud
1688 5712 1982 5769 Nicetiatas
2007 5714 2061 5767 in

491 5817 615 5859 arce
645 5802 925 5870 Daeibvzr.
968 5805 1160 5861 Juanni
1197 5804 1492 5875 pensiones
1558 5805 1611 5859 in
1654 5807 1855 5861 victum
1891 5806 2062 5862 vesti-

2143 3253 2419 3320 rebusque
2453 3261 2616 3315 quam
2647 3239 3048 3300 otllciosissime
3080 3244 3440 3301 testarentur,
3467 3231 3699 3288 missita-

2144 3341 2235 3396 tis.
2282 3339 2421 3394 llinc
2457 3339 2569 3408 jam
2627 3332 2947 3390 solutiorem
2993 3328 3238 3384 animum
3290 3325 3364 3380 ad
3412 3320 3700 3395 reipublicae

2145 3428 2587 3502 procurationem
2611 3424 2916 3481 studiosius
2950 3419 3135 3478 vertit.

2143 3546 2237 3600 26.
2278 3543 2349 3597 De
2376 3540 2603 3606 nuptiali
2642 3538 2834 3607 [indere
2866 3538 3003 3590 inter
3024 3531 3445 3607 Tarchoniotaur
3462 3528 3703 3607 Andrum-

2216 3598 2332 3669 cnm
2377 3598 2545 3680 ﬁlium
2578 3598 2819 3680 Jf'arllue
2875 3608 3076 3680 sororis
3102 3601 3462 3680 imperatoris,
3488 3609 3530 3653 et
3552 3598 3700 3664 [illam

2220 3675 2444 3738 luminis
2468 3684 2520 3733 in
2566 3679 2851 3732 Occidente
2881 3675 3229 3729 dominantis.

2221 3796 2457 3850 Tumere
2485 3792 2683 3847 deinde
2709 3804 2901 3844 rursus
2924 3796 2981 3843 et
3017 3786 3310 3842 tumultum
3343 3782 3538 3838 minari
3561 3778 3702 3835 Occi-

2153 3890 2245 3944 dui
2273 3898 2479 3943 tractus
2512 3900 2598 3939 res
2620 3890 2931 3950 ccuperuut,
2960 3879 3186 3950 dcspota
3207 3876 3471 3931 Michaelc
3494 3883 3701 3928 mortuo.

2155 3982 2203 4036 ls
2249 3979 2614 4050 principatum
2661 3975 2883 4044 quidem
2930 3988 3090 4027 suum
3131 3971 3379 4042 legitimo
3430 3963 3702 4021 transmisit

2156 4070 2457 4127 successori
2485 4069 2798 4136 Nic-pltare
2833 4065 2965 4131 ﬁlio,
2997 4063 3151 4119 fratri
3187 4071 3372 4116 autem
3409 4061 3527 4130 ejus
3561 4058 3703 4111 notlto
3758 4084 3765 4091 ι

2154 4164 2351 4220 ,ἰειςιιιιιί
2408 4180 2516 4216 non
2572 4176 2793 4229 parvam
2836 4158 3114 4230 regionem
3163 4154 3438 4225 propriam
3496 4148 3702 4218 excepit,

2156 4275 2263 4328 qua
2294 4257 2338 4311 is
2360 4255 2465 4310 sibi
2494 4253 2755 4324 peculiari
2778 4252 3085 4317 frueretur;
3112 4249 3278 4320 308
3302 4264 3368 4301 ac
3390 4244 3705 4315 Nicephorus

2158 4351 2379 4421 quidem
2414 4357 2710 4404 contentus
2739 4362 2834 4402 sua
2858 4355 3006 4400 sorte
3037 4344 3221 4415 quiete
3244 4342 3465 4413 agebat,
3492 4338 3707 4395 Joannes

2161 4454 2289 4493 vero
2335 4436 2572 4508 inquieti
2616 4435 2700 4489 vir
2746 4434 2989 4505 ingenii,
3038 4442 3279 4488 :Pstuans
3334 4431 3481 4484 intra
3529 4426 3706 4481 limites

2158 4540 2420 4601 angustos
2470 4538 2525 4582 et
2554 4542 2850 4596 erumpere
2896 4526 3154 4595 gestiens,
3198 4524 3387 4577 fratris
3429 4531 3601 4574 tamen
3638 4515 3707 4570 di-

2162 4623 2311 4676 tione
2340 4620 2669 4681 abstinebat,
2712 4626 2927 4672 nostras
2968 4616 3072 4670 sibi
3118 4615 3378 4669 ﬁnitimas
3423 4609 3707 4667 incursabat

2164 4725 2355 4777 terras,
2400 4730 2567 4784 agens
2611 4713 2900 4780 ferensque
2955 4708 3221 4778 quidquid
3271 4711 3599 4762 occurreret.
3646 4700 3706 4753 Ea

2163 4806 2362 4876 injuria
2399 4806 2693 4874 imperator
2734 4803 2948 4873 cognita
2990 4801 3131 4855 bello
3162 4810 3343 4853 tamen
3377 4794 3706 4852 adorienduut

2160 4912 2270 4951 non
2340 4894 2553 4965 putavit
2604 4895 2860 4962 juvenem
2927 4889 3311 4960 przeiervidum
3362 4890 3434 4949 _'et
3490 4883 3708 4939 novitate

2163 4987 2502 5057 principatus
2524 4987 2831 5056 projectum
2861 4983 2930 5038 ad
2955 4980 3269 5036 audendum
3293 4978 3531 5049 quidvis,
3560 4975 3707 5030 tutius

2163 5080 2460 5135 arbitratus
2488 5079 2772 5132 insinuare
2796 5091 2855 5131 se
2887 5075 2990 5146 ipsi
3023 5072 3232 5144 pacatis
3266 5072 3497 5136 artibus,
3527 5079 3578 5123 et
3617 5062 3709 5119 alli-

2165 5171 2352 5225 nitatis
2405 5186 2532 5226 cum
2578 5167 2987 5224 necessitudine
3034 5164 3332 5220 conciliare
3387 5161 3511 5217 sibi.
3553 5159 3707 5225 Quare

2167 5265 2402 5317 ferocem
2457 5264 2576 5332 ejus
2620 5261 2865 5314 animum
2924 5258 3197 5329 legatione
3248 5255 3447 5311 blande
3501 5246 3704 5322 supplici

2163 5353 2455 5417 deliniens,
2521 5351 2797 5406 hominem
2858 5348 2925 5403 ad
2974 5364 3165 5419 pacem
3208 5348 3461 5402 invitavit
3500 5339 3703 5414 nuptiali

2164 5445 2367 5501 findere
2404 5442 2748 5506 firmandam,
2775 5442 2904 5507 tilia,
2935 5456 3098 5510 quam
3128 5440 3174 5495 is
3206 5439 3440 5493 habebat
3467 5434 3702 5494 nubilem,

2163 5537 2381 5593 cuidam
2432 5552 2498 5589 ex
2544 5533 2893 5604 imperatoris
2955 5530 3381 5602 consanguineis
3431 5524 3700 5600 jungenda.

2164 5627 2294 5682 Erat
2323 5626 2415 5681 hic
2435 5626 2676 5681 Joannes
2696 5624 2881 5681 indole
2914 5634 3196 5688 strenuus,
3227 5638 3392 5678 manu
3418 5625 3698 5693 promptus,

2166 5719 2387 5791 ingenio
2416 5734 2680 5789 praeceps,
2721 5727 2776 5772 et
2807 5731 3136 5787 quocunque
3169 5715 3525 5775 incumberet,
3563 5707 3705 5766 velte-

2172 5824 2344 5871 u‘rus,
2382 5806 2447 5861 ad
2482 5806 2596 5861 lucc
2639 5823 2737 5861 usu
2780 5805 3040 5877 prmditus
3075 5802 3153 5858 rei
3185 5803 3432 5858 militaris
3462 5807 3620 5860 tanto,
3653 5793 3700 5845 ul
