3926 6534
285 437 406 500 757
1239 437 1334 496 DE
1389 385 1778 494 MlCilxlELE
1819 425 2278 487 PALAiOLOGO
2313 425 2456 486 LIB.
2505 425 2599 484 IV.
2661 433 2671 444 '

3447 415 3552 478 758

285 550 602 620 θυγατέρα.
660 549 919 602 ἐϐούλετο
963 547 1051 602 διὰ
1096 549 1295 619 κήδους
1342 544 1743 616 βεϐαιώσασθαι
1781 539 1880 608 τὴν
1918 543 1953 596 Α
1984 555 2085 597 τει,
2128 537 2174 588 οἱ
2209 535 2254 588 δ’
2280 537 2370 588 ὑπ’
2417 536 2610 601 ἐκεινῳ
2643 532 2826 582 πολλοί
2876 543 2932 579 τε
2973 529 3126 620 ὄντες
3160 525 3255 620 καὶ
3309 523 3554 620 μέγιστοι

286 645 548 714 εἰρήνην.
573 639 683 694 ἿῙν
717 641 826 711 γὰρ
856 643 948 693 καὶ
975 641 1148 704 ἄλλως
1173 643 1201 693 6
1239 641 1494 708 Ἰωάννης
1527 637 1874 706 δραστήριος,

288 734 377 796 ὡς
411 735 505 787 καὶ
530 737 596 803 τῇ
624 734 732 785 τῶν
764 733 1214 802 ἐπιτηδευμάτων
1245 731 1507 802 ταχύτητι
1533 730 1629 782 σὺν
1657 731 1722 798 τῇ
1751 727 1880 795 περὶ

290 826 406 888 τὰς
441 826 622 895 μάχας
659 825 872 878 συνέσει
920 826 1014 878 καὶ
1059 825 1184 879 λίαν
1215 824 1622 894 ἀριστουργεῖν.
1672 820 1766 872 καὶ
1800 819 1880 881 εἰς

289 916 424 979 δέος
459 919 546 968 τὸν
585 917 859 988 δεσπότην
896 917 1159 980 πολλάκις
1189 915 1382 978 ἐτίθει,
1417 916 1489 984 μή
1521 930 1636 975 πως
1659 914 1752 966 καί
1780 911 1881 963 αὕ-

291 1007 400 1061 τδν
425 1008 880 1078 ἐπιτηδευόμενος
910 1007 1356 1076 παρακρυύσαιτο
1382 1007 1473 1059 καὶ
1500 1007 1563 1075 τῇ
1597 1003 1700 1073 τῆς
1727 1003 1884 1072 νίκης

293 1097 493 1171 ἀδοξίᾳ
521 1097 832 1168 περιϐαλεῖν
861 1099 1139 1170 δυνηθείη.
1178 1099 1276 1150 Διὰ
1311 1096 1483 1150 ταῦτα
1519 1095 1612 1148 καὶ
1640 1093 1884 1156 σπεύσας

292 1195 326 1246 6
358 1193 615 1262 βασιλεὺς
647 1191 768 1244 λίαν
799 1193 977 1260 σοφῶς
1009 1209 1068 1245 τε
1110 1194 1206 1245 καὶ
1238 1189 1494 1260 ἀσφαλῶς
1533 1188 1630 1258 τήν
1671 1188 1879 1240 ἐκείνου

295 1283 833 1357 προκατελάμϐανεν
865 1283 1123 1357 εὔνοιαν,
1176 1283 1270 1336 καὶ
1322 1281 1420 1352 τὴν
1464 1279 1736 1348 θυγατέρα
1785 1277 1879 1332 τοῦ

309 1351 572 1431 ἰὶοάνῖρου
600 1351 676 1446 τῷ
707 1351 917 1446 ἀνεψιῷ
949 1375 1112 1430 αὐτοῦ
1147 1375 1243 1428 και
1275 1351 1384 1443 υεῷ
1414 1372 1492 1442 τῷ
1523 1373 1622 1442 τῆς
1653 1371 1884 1440 Μάρθας

314 1468 677 1537 ’Δνδρονίκῳ,
720 1467 943 1536 πέμψας
996 1467 1088 1518 καὶ
1126 1466 1222 1518 σὺν
1272 1465 1370 1516 οὐκ
1400 1463 1556 1534 ὀλίγῃ
1584 1463 1717 1532 τιμῇ
1749 1461 1887 1528 ἀγα-

299 1558 449 1625 γὼν,
493 1557 572 1620 είς
625 1559 804 1626 γάμον
857 1557 1067 1616 ἐδίδου,
1122 1554 1404 1623 ὀνομάζων
1450 1553 1508 1618 ἐξ
1560 1551 1884 1620 ἀξιωμάτων

300 1650 404 1703 τι»
443 1650 694 1720 γαμδρδν
745 1650 922 1718 μέγαν
977 1647 1355 1711 κονοσταῦλον,
1397 1646 1487 1699 τὸν
1531 1646 1587 1698 δὲ
1621 1643 1883 1713 πενθερὸν

317 1738 581 1808 Ἰωάννην
640 1739 1145 1807 σεϐαστοκράτορα.
1205 1738 1312 1788 Καὶ
1371 1737 1448 1806 τῷ
1506 1736 1606 1804 μὲν
1663 1735 1886 1804 Ἰωάννῃ

303 1831 603 1885 ἐσπένδετο
641 1831 726 1884 διὰ
779 1831 973 1892 ταῦτα,
1032 1830 1127 1881 καὶ
1177 1830 1302 1881 ὅσον
1347 1828 1406 1880 τὸ
1454 1829 1618 1897 μέρος
1651 1825 1880 1890 ἐκείνου,

1985 630 2060 689 είς
2119 626 2383 696 λοχαγοὺς
2431 624 2524 677 καὶ
2559 621 2957 690 ταγματάρχας
3010 617 3106 670 καὶ
3163 613 3413 684 κόμητας
3460 610 3558 664 καὶ

1983 719 2289 788 ναυάρχους
2341 711 2756 772 ἐτάττοντο.,⁹0
2829 711 2937 780 γὰρ
2999 707 3182 769 στόλος
3235 703 3400 764 πολὺς
3463 701 3557 755 καὶ

1985 810 2208 871 πολλαῖς
2241 808 2430 860 ναυσὶν
2453 803 2764 874 ἐξηρτύετο,
2787 802 2885 863 τὰς
2917 800 3182 871 μέντοιγε
3211 795 3343 858 ναῦς
3367 793 3561 864 ἄνδρες

1986 902 2256 974 ἐπλήρουν
2293 898 2554 962 νεανικοὶ,
2607 897 2704 960 τὰς
2753 894 2932 965 ὁρμάς
2978 891 3072 946 καὶ
3117 892 3216 954 τὰς
3251 885 3559 960 προθυμίας

1984 992 2338 1061 λαφυκτικοὶ,
2367 991 2418 1044 οἱ
2447 990 2551 1044 ἀνὰ
2588 989 2688 1058 τὴν
2728 987 2884 1041 πόλιν
2914 985 2954 1038 Γ
2956 982 3223 1054 ασμοῦλοι
3277 979 3391 1049 (οὒς
3433 977 3500 1032 ἂν
3527 978 3556 1030 6

1994 1087 2265 1154 Ῥωμαῖος
2313 1083 2546 1149 διγενεῖς
2593 1079 2762 1148 εἴποι)
2821 1078 2884 1130 ἐκ
2938 1073 3229 1143 Ῥωμαίων
3275 1066 3556 1139 γυναικῶν

1986 1175 2339 1247 γεννηθέντες
2370 1175 2482 1237 τοῖς
2516 1173 2766 1235 Ἰταλοῖς,
2802 1169 2952 1225 ἄλλοι
2984 1183 3046 1220 τε
3082 1166 3326 1218 πλεῖστοι
3361 1160 3427 1212 ἐκ
3450 1159 3560 1212 τῶν

1984 1269 2278 1333 Λακώνων,
2304 1266 2397 1330 οὓς
2425 1266 2518 1319 καὶ
2533 1264 2833 1330 Τζάκωνας
2861 1259 3336 1330 παραφθείροντες
3354 1254 3564 1320 ἔλεγον,

1984 1361 2078 1424 οὓς
2108 1361 2170 1413 ἐκ
2197 1376 2256 1412 τε
2291 1353 2502 1426 Μορέόυ
2540 1355 2634 1408 καὶ
2665 1354 2770 1406 τῶν
2800 1351 3038 1406 δυτικῶν
3071 1346 3278 1418 μερῶν,
3311 1344 3426 1413 ἅμα
3471 1340 3578 1411 μὲν

1984 1451 2236 1513 πολλοὺς,
2253 1447 2370 1518 ἅμα
2383 1447 2547 1500 δὲκαὶ
2573 1445 2866 1515 μαχίμους,
2886 1443 3003 1513 ἅμα
3021 1439 3238 1509 γυναιξὶ
3256 1437 3575 1498 καὶτέκνοις

1985 1546 2065 1606 είς
2091 1536 2663 1594 Κωνσταντινούπολιν
2689 1533 2990 1606 μετῴκιζεν
3017 1535 3044 1586 ὁ
3071 1527 3497 1601 κρατῶνἼίσαν
3521 1525 3565 1577 δ’

1985 1636 2166 1697 αὐτοῖς
2202 1634 2292 1686 καὶ
2324 1635 2402 1695 είς
2433 1629 2720 1701 ὑπηρετῶν
2749 1627 2898 1692 τάξιν
2922 1627 2970 1679 οἱ
3005 1619 3345 1692 πανταχόθεν
3371 1635 3568 1688 προσε-

1984 1727 2208 1790 λῶντες,
2228 1725 2300 1786 ὡς
2321 1726 2470 1786 εῐτις
2488 1723 2629 1776 εἴποι
2647 1720 2790 1790 νηῶν
2809 1721 2889 1782 είς
2908 1717 2967 1771 τὸ
2995 1715 3228 1787 πρόσθεν
3253 1713 3464 1778 ἐλάται,
3483 1709 3578 1772 οὓς

1991 1814 2267 1886 πανταχοῦ
2296 1815 2403 1868 τῶν
2435 1815 2558 1869 κατ’
2593 1812 2873 1882 αἰγιαλοὺς
2913 1809 3110 1881 χωρῶν
3143 1805 3344 1868 καλούς
3384 1820 3445 1857 τε
3480 1803 3577 1856 καὶ

303 1922 607 1988 ἀνακωχὰς
634 1920 693 1972 οὐ
745 1921 844 1982 τὰς
899 1920 1103 1988 μικρὰς
1162 1915 1308 1987 είχον
1341 1919 1411 1971 τὰ
1456 1895 1566 1970 τῶν
1604 1916 1888 1986 Ῥωμαίων
1923 1895 1962 1949 Β
2006 1909 2293 1972 πλείστους
2323 1907 2593 1972 ἀπέταξεν
2617 1909 2642 1960 6
2683 1905 2901 1976 κρατῶν
2925 1918 2938 1932 °
2969 1902 3030 1956 οὐ
3063 1901 3170 1970 γὰρ
3201 1895 3268 1971 ἦν
3311 1896 3575 1966 ἀσφαλῶς

307 2011 718 2082 στρατεύματι.
751 2013 822 2063 Οὐ
850 2014 955 2080 μὴν
981 2012 1036 2064 δέ
1064 2013 1160 2064 καὶ
1181 2011 1286 2063 τῶν
1311 2009 1513 2062 λοιπῶν
1544 2011 1895 2079 ἀποπεφρον-

306 2104 484 2164 τίκει,
526 2102 663 2156 ἀλλὰ
718 2103 883 2165 πολὺς
920 2100 988 2173 ἦν
1040 2102 1192 2155 ἔνθεν
1245 2101 1345 2172 μὲν
1386 2105 1450 2153 ἐκ
1507 2101 1784 2170 θαλάσσης
1817 2099 1894 2168 τῷ

306 2196 561 2267 ναυτικῷ
597 2196 900 2267 χρώμενος,
944 2194 1154 2248 ἐκεῖθεν
1186 2195 1240 2248 δέ
1273 2195 1411 2248 κατὰ
1440 2195 1541 2264 γῆν
1573 2194 1894 2263 Τριϐαλλοῖς

307 2303 382 2341 τε
423 2290 516 2341 καὶ
565 2289 844 2358 Ἰλλυριοῖς
908 2287 1290 2356 προσεπέχων.
1351 2286 1460 2338 Καὶ
1519 2285 1578 2339 τδ
1641 2285 1894 2338 ναυτικὸν

306 2375 454 2452 ἦγεν
493 2379 630 2450 ἀνὴρ
668 2381 916 2448 γενναῖος
955 2382 982 2432 6
1011 2378 1489 2449 Φιλανθρωπηνδς,
1536 2379 1893 2447 πρωτοστρά-

310 2489 436 2543 τωρ
467 2473 566 2542 μὲν
591 2472 649 2538 ἐξ
685 2471 864 2537 ἀξίας,
899 2472 992 2524 τοῦ
1041 2473 1096 2525 δὲ
1139 2471 1381 2541 μεγάλου
1423 2471 1607 2533 δουκδς
1644 2472 1894 2543 Λάσκαρι

314 2565 526 2633 ἐξώρου
560 2565 710 2628 ὄντος
733 2566 833 2636 ἤδη
867 2565 959 2617 καὶ
1013 2563 1085 2634 μὴ
1114 2566 1227 2617 οἴου
1267 2581 1324 2617 τε
1371 2564 1626 2634 πολέμοις
1677 2564 1897 2634 ἐνασχο-

313 2655 530 2710 λεῖσοαι
574 2659 666 2710 καὶ
704 2657 905 2728 μάχαις
939 2657 999 2710 τὸ
1051 2657 1226 2727 γῆρας
1268 2657 1476 2726 ἀνέχων
1526 2655 1608 2726 [Ρ.
1639 2654 1768 2726 209]
1801 2655 1897 2708 καὶ

314 2749 422 2820 τὴν
453 2749 658 2802 ἐκείνου
696 2749 852 2814 τάξιν
894 2749 1246 2820 ἀναπληρῶν.
1274 2749 1382 2801 Καὶ
1404 2751 1431 2802 6
1463 2748 1562 2818 μὲν
1591 2747 1899 2818 Φιλανθρω-

317 2843 494 2912 πηνδς
521 2843 821 2912 ἐπεφέρετο
848 2844 914 2896 τά
942 2845 1187 2914 πρωτεῖα
1219 2842 1313 2894 καὶ
1345 2843 1456 2904 τοῖς
1489 2841 1632 2903 ὅλοις
1665 2841 1894 2894 ἐπεστάο

314 3034 394 3074 ne
431 3009 650 3074 fratrem
687 3021 908 3089 quidem
949 3036 1109 3074 suum
1158 3029 1237 3074 tot
1293 3019 1639 3075 successibus
1684 3019 1897 3074 bellicis

316 3111 529 3166 clarum
579 3114 860 3182 despotam
908 3112 1174 3167 Joannem
1217 3121 1336 3166 tuto
1366 3128 1488 3166 cum
1524 3128 1590 3165 eo
1624 3111 1892 3166 committi

1998 2003 2251 2070 κατέχειν
2278 2003 2375 2072 τὴν
2400 2001 2553 2054 πόλιν
2578 2003 2704 2063 τοὺς
2740 1997 3071 2068 Ῥωμαίους,
3101 1993 3177 2058 ὼς
3206 1993 3366 2056 αὐτὸς
3393 1991 3575 2057 ἔλεγε.

2002 2097 2076 2165 μὴ
2109 2096 2169 2148 τὸ
2199 2097 2307 2149 πᾶν
2339 2092 2938 2164 θαλασσοκρατοῦντας.

1997 2210 2099 2275 κζ’.
2133 2211 2330 2275 Ὅπως
2354 2209 2449 2261 καὶ
2481 2209 2735 2279 ὁπόσαις
2760 2204 3058 2279 dmi-rigeat
3090 2197 3577 2279 στρατηγοῦνςτος

2067 2281 2172 2334 τοῦ
2200 2270 2522 2336 δεσπότου.
2552 2276 2649 2329 καί
2678 2270 2774 2328 ἐπὶ
2805 2270 2930 2339 τοῖρ
2961 2270 3226 2334 δυτικοῖς
3275 2270 3579 2335 συχνάκις

2066 2347 2574 2419 ἐπιχωριάζον-τος,
2614 2349 2687 2399 τὰ
2723 2342 3053 2400 ἀνατολικὰ
3086 2340 3401 2394 ἀπώλοντο

2069 2467 2191 2520 Τῶν
2216 2467 2326 2536 γὰρ
2357 2464 2500 2519 κατὰ
2526 2465 2629 2534 γῆν
2664 2463 2932 2531 δεσπότης
2991 2459 3245 2529 Ἰωάννης
3279 2454 3584 2527 ἐξηγούμεο

1999 2577 2088 2622 νος
2123 2559 2355 2618 πολλοὺς
2389 2560 2481 2610 καὶ
2518 2556 2790 2628 μεγάλους
2837 2552 2983 2625 εἶχεν
3019 2553 3110 2622 ὑφ’
3150 2551 3301 2622 αὑτῷ
3344 2563 3583 2619 στρατη-

2000 2653 2151 2719 γοὺς,
2193 2651 2252 2704 τδ
2303 2651 2358 2703 δὲ
2413 2648 2807 2720 στρατιωτικὸν
2861 2651 2918 2700 ἐν
2966 2645 3264 2714 ἀλλαγίοις,
3303 2642 3380 2705 ὡς
3426 2639 3587 2694 αὐτοὶ

2000 2745 2160 2812 φαῖεν
2216 2742 2282 2796 ἂν
2329 2743 2376 2794 οἱ
2429 2741 2521 2793 ἐπὶ
2573 2741 2681 2793 τῶν
2738 2739 3042 2808 ταγμάτων
3091 2732 3581 2803 κοινολογούμενοι,

2002 2837 2277 2896 πλείστοις
2333 2834 2670 2886 συνίσταντο.
2726 2827 2834 2883 Ἦν
2889 2828 2997 2898 γὰρ
3045 2827 3105 2880 τὸ
3168 2823 3586 2894 Παφλαγονικὸν
3670 2880 3679 2888 ε

2001 3028 2141 3073 state
2189 3016 2403 3073 cunctis
2451 3013 2738 3070 navalibus
2786 3011 2962 3081 copiis
3007 3007 3330 3080 prml‘ectus,
3376 3003 3477 3059 sub
3518 3015 3580 3056 se

2002 3122 2183 3166 autem
2224 3111 2462 3165 habebat
2490 3108 2694 3162 multos
2723 3114 2777 3161 et
2810 3104 3079 3159 maximos
3101 3100 3270 3156 titulis
3293 3096 3582 3168 praefectu-

318 3216 486 3271 posse
508 3203 806 3272 imperator
837 3203 1085 3269 duceret,
1118 3211 1370 3256 metuens
1399 3202 1624 3256 Martem
1655 3218 1896 3256 commu-
1928 3230 1971 3287 α
2005 3217 2191 3255 rarum
2245 3198 2596 3254 inferioribus
2657 3196 2900 3268 insignes
2922 3234 2936 3259 ,
2987 3193 3269 3257 tribunos,
3323 3187 3580 3242 ordinum

316 3309 448 3348 nem
478 3295 857 3365 aneipitesqne
881 3294 1188 3364 przeliorum
1219 3310 1396 3359 casus,
1427 3310 1528 3349 nec
1551 3296 1680 3348 satis
1704 3293 1896 3358 ﬁdens,

321 3385 374 3441 si
405 3385 674 3441 bellarent
708 3386 970 3451 invicem,
1020 3401 1300 3455 nunquam
1345 3397 1676 3440 eventurum
1718 3393 1900 3439 utaut

323 3479 380 3533 vi
402 3489 586 3548 aperta
610 3487 895 3548 superatus
919 3487 1013 3532 aut
1032 3478 1221 3532 fraude
1246 3477 1651 3532 circumventus
1672 3476 1896 3545 despota

325 3571 731 3640 praeteritarum
758 3570 956 3625 decora
985 3569 1289 3638 palmarum
1323 3568 1573 3638 pudenda
1603 3567 1754 3622 clade
1781 3581 1902 3621 cor-

328 3667 628 3728 rumperet.
664 3658 791 3713 Haec
816 3675 916 3728 pro
955 3673 1052 3713 sua
1087 3657 1378 3726 prudentia
1416 3657 1711 3725 imperator
1737 3671 1900 3725 repu-

327 3759 472 3816 tans,
509 3752 735 3822 provido
784 3767 1087 3822 securoque
1137 3751 1368 3805 consilio
1413 3765 1794 3819 praeoccupare
1840 3765 1904 3805 ac

329 3844 611 3900 devincire
660 3845 764 3899 sibi
816 3846 1179 3916 periculosum
1219 3844 1592 3897 adversarium
1638 3829 1900 3908 decrevit,

323 3946 383 3992 et
416 3947 746 3992 consecutus
773 3939 915 4006 quod
945 3945 1159 4007 optarat
1201 3935 1509 3998 videbatur,
1550 3935 1655 3989 ﬁlia
1676 3933 1906 3989 Joannis

323 4026 511 4093 istius,
541 4028 610 4082 de
647 4043 752 4097 qua
789 4027 924 4089 dixi,
959 4027 1244 4096 splendido
1267 4042 1295 4080 a
1331 4043 1390 4081 se
1429 4027 1596 4082 misso
1639 4025 1902 4082 comitatu

321 4135 358 4172 e
388 4127 615 4188 paterna
659 4120 820 4174 domo
853 4119 1384 4189 Constantinopolim
1431 4119 1686 4186 deducta,
1730 4118 1905 4173 collo-

323 4211 498 4266 canda
549 4211 932 4266 Tarchaniota:
983 4212 1298 4266 Andronico
1340 4212 1569 4282 Augusti
1628 4211 1817 4281 nepoti
1876 4228 1905 4267 c

322 4316 516 4358 sorore
556 4303 786 4368 Martha,
817 4305 1036 4371 quando
1075 4319 1337 4374 generum
1379 4303 1586 4372 pariter
1631 4319 1911 4359 socerum-

291 4401 293 4403 ’
323 4409 437 4465 que
473 4394 632 4449 novis
665 4395 1018 4466 amplissimis
1056 4395 1424 4465 imperatoria:
1451 4397 1587 4450 aula:
1621 4397 1903 4466 dignitati-

323 4487 431 4542 bus
479 4487 812 4549 honestavit,
869 4497 1125 4557 nepotem
1173 4490 1391 4556 quidem
1437 4504 1595 4542 suum
1649 4505 1905 4559 magnum

2005 3295 2282 3358 ductores,
2311 3293 2563 3355 comites,
2592 3288 2920 3343 mvarchos.
2941 3284 3142 3341 Classis
3165 3282 3366 3358 quippe
3389 3294 3582 3347 magna

2004 3393 2143 3447 erat,
2194 3383 2400 3454 ingenti
2444 3390 2705 3436 constans
2753 3393 2984 3433 numero
3026 3375 3246 3430 navium
3292 3374 3581 3444 plenarum

2004 3478 2134 3531 ﬂore
2177 3475 2434 3546 pugnacis
2465 3484 2517 3529 et
2548 3473 2722 3527 avidae
2752 3472 3060 3542 praedarum
3084 3468 3411 3540 juventutis.
3453 3465 3584 3519 Pars

2004 3568 2245 3637 huiusex
2268 3565 2676 3628 urbeGasmnli,
2725 3581 2863 3634 quos
2886 3564 3166 3619 Romanus
3212 3563 3457 3632 digenes,
3481 3561 3585 3615 hoc

2009 3669 2093 3716 est
2128 3660 2326 3730 duplici
2358 3660 2548 3713 mistos
2583 3673 2781 3728 genere
2819 3658 3047 3718 diceret,
3092 3671 3121 3710 e
3157 3655 3423 3709 Romanis
3463 3671 3584 3708 mu-

2006 3755 2227 3808 lieribus
2256 3763 2312 3807 et
2341 3753 2472 3806 viris
2506 3753 2660 3807 ltaiis
2693 3758 2870 3814 natos,
2915 3750 3003 3804 alii
3038 3749 3285 3819 plerique
3316 3764 3379 3801 ex
3405 3748 3580 3802 Laco-

2005 3843 2170 3898 nibus
2211 3845 2336 3913 (hos
2367 3845 2560 3914 vulgus
2598 3850 2859 3913 corrupte
2889 3843 3170 3894 Tzaconas
3213 3841 3416 3909 vocat),
3447 3853 3586 3909 quos

2008 3937 2084 3990 uti
2117 3953 2182 3991 ex
2210 3937 2414 4002 Moreo,
2447 3937 2524 3991 sic
2549 3937 2685 3991 alios
2705 3949 2770 3990 ex
2800 3935 3060 3990 Occiduis
3095 3933 3358 4004 partibus,
3385 3932 3588 3986 multos

2007 4027 2403 4096 bellicososque
2433 4042 2558 4082 cum
2592 4027 2855 4080 uxoribus
2891 4035 2946 4080 et
2973 4025 3158 4079 liberis
3187 4023 3584 4080 Constantino-

2009 4119 2174 4188 polim
2214 4119 2279 4172 ad
2315 4119 2506 4173 urbem
2537 4117 2991 4187 frequentandam
3023 4117 3322 4186 imperator
3351 4124 3588 4170 transtu-

2009 4211 2168 4264 lerat.
2201 4209 2444 4265 Aderant
2468 4210 2552 4264 his
2581 4209 2799 4264 abunde
2837 4208 2930 4281 qui
2967 4208 3239 4263 servirent
3267 4208 3587 4263 ministeriis

2009 4304 2246 4359 nauticis
2271 4304 2638 4374 undecunque
2660 4305 2857 4363 coacti.
2884 4320 3023 4374 quos
3047 4303 3395 4358 Proselontas
3423 4303 3586 4374 vulgo

2013 4408 2230 4460 vocant,
2264 4397 2417 4467 quasi
2461 4397 2673 4452 diceres
2710 4397 2931 4451 navium
2962 4397 3014 4450 in
3053 4397 3330 4450 anteriora
3360 4395 3592 4466 propul-

2013 4506 2186 4553 sores,
2230 4489 2591 4543 valentissimi
2630 4489 2884 4560 remiges,
2916 4505 3054 4560 quos
3083 4505 3113 4543 e
3145 4498 3346 4543 cuncta
3377 4489 3584 4544 circum

326 4580 713 4633 conostaulum
743 4620 758 4644 ,
817 4577 1084 4632 Joannem
1160 4589 1341 4632 autem
1419 4579 1908 4632 sebastocratorem
1941 4583 1984 4637 D
2017 4594 2109 4632 ora
2141 4579 2415 4632 maritima
2456 4579 2865 4634 robustissimos
2893 4589 2947 4633 et
2980 4579 3242 4648 plurimos
3272 4581 3586 4650 Congregari

325 4687 544 4726 creans.
597 4673 658 4724 in
718 4672 864 4724 hunc
915 4672 1138 4725 modum
1198 4688 1296 4740 pax
1339 4686 1462 4725 cum
1509 4671 1672 4741 309
1696 4671 1906 4726 Joanne

326 4761 649 4824 constituta,
686 4768 740 4814 et
765 4763 918 4828 quies
951 4760 1018 4814 ab
1049 4761 1150 4814 hac
1179 4761 1399 4830 quidem
1436 4769 1587 4830 parte
1615 4761 1908 4815 securitas-

325 4869 436 4922 que
475 4869 580 4907 non
626 4853 817 4923 exigua
863 4853 1071 4907 ﬁrmata
1116 4853 1377 4908 Romanis
1421 4863 1503 4907 est
1547 4855 1901 4908 exercitibus.

327 4945 437 5000 Sed
473 4960 577 5000 nec
617 4945 824 5014 reliqua
865 4961 1057 4998 curare
1089 4946 1386 5014 imperator
1423 4945 1750 5016 negligebat,
1779 4947 1907 5001 hinc

324 5037 547 5106 quidem
579 5039 632 5090 in
663 5037 801 5091 mari
833 5047 1058 5092 strenue
1085 5039 1257 5092 classe
1289 5054 1400 5092 rem
1433 5054 1648 5108 gerens,
1686 5039 1814 5092 in‘de
1849 5039 1904 5092 in

326 5132 654 5186 continente
677 5145 784 5182 non
820 5131 1039 5201 segnius
1069 5131 1417 5185 terrestribus
1446 5130 1617 5200 copiis
1644 5129 1909 5185 Triballos

323 5219 646 5292 Illyriosque
683 5223 982 5276 observans
1029 5231 1083 5275 et
1124 5222 1344 5275 admoto
1383 5221 1514 5277 mali
1553 5231 1701 5276 metu
1737 5221 1790 5275 in
1822 5221 1904 5276 of-

324 5314 451 5368 ﬁcio
469 5305 781 5369 continens.
804 5313 976 5368 Classi
1009 5323 1242 5383 prmerat
1273 5313 1793 5384 Philanthropenus,
1823 5314 1908 5369 vir

327 5407 510 5471 fortis,
549 5406 812 5477 dign-tale
840 5407 1060 5460 interim
1090 5414 1476 5476 protostralor,
1511 5419 1765 5461 caeterum
1799 5423 1909 5460 ma-

326 5499 418 5568 gni
460 5498 617 5552 ducis
651 5498 916 5561 Lasraris,
952 5515 1068 5554 arvo
1099 5497 1210 5568 jam
1249 5499 1392 5552 etl'eti
1427 5513 1529 5552 nec
1562 5514 1659 5568 per
1693 5506 1906 5553 aetatem

328 5589 447 5644 fere
492 5590 827 5660 decrepitam
878 5593 1111 5661 amplius
1165 5592 1274 5660 apti
1335 5592 1480 5646 curis
1520 5592 1907 5660 laboribusque

329 5681 567 5746 bellicis,
610 5685 663 5738 in
698 5683 787 5738 illo
816 5684 1034 5736 maximi
1070 5684 1294 5737 honoris
1324 5683 1480 5738 titulo
1507 5685 1908 5738 successionem

328 5781 678 5840 exspectans,
710 5773 1025 5842 intereaque
1062 5773 1239 5826 locum
1272 5774 1391 5841 ejus
1422 5789 1483 5826 ac
1518 5773 1664 5826 vices
1697 5773 1908 5828 obiens.

328 5860 410 5916 Ac
462 5862 966 5932 Philantbropenus
1015 5865 1233 5932 quidem
1289 5879 1539 5934 suprema
1587 5873 1704 5919 crat
1755 5875 1909 5927 pote-

2016 4678 2306 4724 curaverat
2327 4669 2624 4740 Augustus,
2651 4670 3158 4740 intelligens,310
3171 4672 3313 4741 quod
3335 4681 3388 4725 et
3407 4672 3589 4726 dicere

2015 4763 2248 4826 solebat,
2282 4780 2562 4824 nunquam
2608 4764 2662 4818 in
2708 4765 2842 4819 urbe
2875 4779 3101 4819 securos
3135 4765 3411 4818 Romanos
3451 4766 3586 4830 fore,

2012 4856 2116 4908 nisi
2146 4866 2262 4910 toto
2303 4857 2412 4910 late
2448 4858 2584 4910 mari
2616 4857 2790 4911 classe
2820 4857 3022 4912 invicta
3046 4857 3479 4911 dominarentur.

2010 4967 2098 5020 9.7.
2137 4967 2200 5020 Ut
2233 4967 2480 5021 Romanis
2501 4969 2745 5022 maximis
2774 4971 2956 5035 capiis,
2981 4969 3110 5020 dure
3126 4968 3340 5035 despola
3357 4965 3594 5033 Ionam,

2085 5040 2266 5090 crebro
2322 5040 2375 5091 in
2427 5037 2686 5092 Occiduo:
2748 5038 2950 5093 tractu:
3008 5039 3222 5102 aversis,
3291 5036 3586 5090 Orientales

2081 5109 2353 5176 perierint.

2083 5220 2218 5275 Nam
2275 5233 2416 5276 terra
2468 5221 2524 5276 in
2579 5231 2696 5278 tuto
2745 5237 2834 5276 res
2874 5221 3218 5286 videbantur,
3251 5219 3459 5274 Joanne
3511 5217 3611 5273 ibi-

2013 5315 2235 5384 despola
2266 5316 2451 5370 multis
2496 5317 2854 5386 maximisque
2887 5329 2987 5369 suo
3028 5330 3085 5369 se
3123 5314 3350 5367 ducibus
3387 5328 3583 5368 nume-

2015 5422 2169 5462 rosas
2226 5417 2280 5462 et
2333 5409 2508 5463 bonas
2560 5409 2746 5479 copias
2796 5416 3038 5480 regente.
3095 5405 3447 5461 Conﬂabatur
3499 5407 3587 5462 hic

2013 5500 2290 5555 exercitus
2321 5515 2387 5555 ex
2419 5501 2802 5556 diﬂerentibus
2839 5497 3166 5568 corporibus
3200 5507 3254 5554 et
3285 5499 3434 5554 velut
3472 5499 3587 5554 col-

2014 5591 2173 5661 legiis
2222 5591 2480 5654 militum,
2527 5607 2648 5661 qua:
2697 5589 2904 5659 Allagia
2957 5587 3134 5644 solent
3180 5590 3457 5660 appellare
3491 5592 3596 5660 qui.

2014 5683 2331 5736 militarium
2376 5683 2638 5736 vocabula
2687 5681 2942 5736 ordinum
2983 5681 3164 5751 lingua
3197 5681 3432 5736 ederunt
3458 5683 3585 5738 vul-

2013 5773 2148 5843 gari.
2209 5771 2388 5826 Unum
2429 5781 2547 5826 erat
2594 5769 3076 5843 Papl'ilagonicum,
3130 5787 3482 5826 numerosum
3531 5782 3588 5827 et

2016 5863 2338 5930 maximum,
2368 5863 2513 5918 aliud
2547 5879 2670 5919 cum
2709 5875 2757 5920 et
2787 5864 2965 5936 ipsum
3006 5863 3352 5919 multitudine
3385 5873 3500 5919 tum
3529 5867 3588 5922 vi
