3926 6526
487 364 593 423 Ἱηί)

1698 369 2543 457 GnoneltyACHYMEn/E
2972 358 2977 369 ’
3590 381 3679 442 rei

483 475 616 527 mli
644 491 702 528 τε
740 477 833 529 καὶ
871 476 1147 545 μέγιστον,
1182 472 1252 549 ἦν
1281 477 1326 531 δ’
1362 479 1422 545 ἐξ
1461 479 1765 547 Ἀλιζώνων
1798 484 2049 536 πλεῖστον
2079 488 2123 545 Α
2151 484 2252 539 τὴν
2281 485 2390 541 τῶν
2425 485 2595 541 ἐθνῶν
2622 487 2890 553 ἐπίθεσιν,
2923 487 3067 552 ἄπας
3089 488 3146 543 δέ
3181 488 3338 557 ζυγὸς
3374 492 3568 555 ἐκεῖνος
3590 495 3685 547 τῶν

481 568 667 621 καὶτὰ
699 568 778 631 είς
817 568 1058 639 πόλεμον
1092 570 1316 638 ἀγαθὸν,
1353 570 1449 637 οὓς
1483 574 1577 626 καὶ
1623 574 1984 634 Μεσοθινίτας
2026 574 2054 626 ό

479 661 663 724 κοινὸς
686 661 830 714 εἴποι
860 660 1039 730 λόγος.
1066 658 1248 717 *Ησαν
1279 662 1431 717 ἐνθεν
1455 665 1556 733 μὲν
1582 665 1816 738 Θρᾷκες,
1840 666 2051 720 ἐκεῖθεν

480 752 537 814 δέ
569 751 803 823 Φρύγες,
839 754 995 808 ἔνθεν
1028 755 1128 825 μέν
1149 755 1477 823 Μακεδόνες,
1516 757 1728 811 ἐκεῖθεν
1761 758 1818 812 δὲ
1848 760 2049 824 Μυσοὶ,

483 846 579 900 καὶ
615 847 801 915 Κᾶρες
837 846 985 902 ἄλλοι
1016 848 1111 901 καὶ
1136 847 1343 902 πολλοί.
1379 849 1455 903 Τὸ
1498 851 1561 903 ἐκ
1593 850 1924 918 Μαγεδῶνος
1958 849 2054 904 καί

482 952 547 1005 γε
574 938 637 992 τὸ
686 939 951 993 Σκυθικὸν
989 941 1223 1011 προσῆν,
1272 940 1369 995 καὶ
1414 940 1475 995 τὸ
1508 939 1717 1006 ξενικὸν
1764 942 2054 1006 Ἰταλικὸν,

485 1028 742 1085 πλεῖστον
774 1030 925 1088 ἄλλο.
952 1033 1064 1087 Καὶ
1096 1032 1284 1096 ἁπλῶς
1314 1032 1480 1103 φάναι
1511 1032 1573 1086 τὸ
1601 1033 1723 1086 ὅλον
1753 1034 1813 1087 ἐν
1843 1034 2055 1088 ἀνυπο-

484 1120 669 1191 στάτιρ
697 1120 925 1192 δυνάμει
968 1124 1371 1193 συνεκροτεῖτο,
1404 1122 1500 1187 οὓς
1538 1124 1703 1177 κινῶν
1730 1124 1759 1176 ό
1784 1124 2053 1194 δεσπότης

483 1213 714 1283 φοϐερὸς
738 1208 805 1285 ἦν
837 1215 1054 1284 ὅπηπερ
1084 1215 1364 1284 ἐπισταίη,
1398 1217 1493 1269 καὶ
1528 1215 1731 1285 μᾶλλον
1767 1218 1881 1280 τοῖς
1909 1216 2057 1269 δυτι-

486 1306 624 1367 κοῖς.
665 1303 753 1376 [Ρ.
783 1304 914 1377 210]
945 1306 1082 1376 ﬂap’
1110 1306 1180 1377 ἢν
1208 1306 1391 1359 αίτίαν
1428 1307 1525 1360 καὶ
1561 1306 1629 1360 τὰ
1658 1305 1755 1378 τῆς
1788 1306 2055 1377 ἀνατολῆς

487 1394 836 1466 ἐξησθὲνουν,
869 1397 977 1450 τῶν
998 1397 1226 1468 Περσῶν
1252 1396 1695 1469 ἐπιθαρῤούντων
1720 1398 1813 1451 καὶ
1843 1397 2057 1452 εἰσϐαλ-

487 1488 689 1541 λόντων
730 1491 849 1550 ταῖς
897 1488 1101 1559 χώραις
1147 1490 1300 1559 παρᾶ
1337 1490 1520 1541 πᾶσαν
1573 1489 1665 1541 τοῦ
1720 1488 2055 1549 κωλύσοντος

491 1580 749 1650 ἐρημίαν.
804 1579 967 1633 Ὀθεν
1001 1582 1095 1635 καὶ
1139 1581 1450 1652 Μαίανδρος
1501 1581 1599 1651 μὲν
1641 1579 1922 1651 ἐξῳκεῖτο,
1959 1579 2059 1632 οὐκ

494 1672 703 1745 ἀνδρῶν
753 1674 914 1741 μόνον
960 1673 1072 1726 τῶν
1120 1674 1177 1727 ἐν
1217 1674 1499 1738 πλείσταις
1535 1691 1595 1727 τε
1633 1674 1727 1727 καὶ
1770 1673 2059 1745 μεγίσταις

488 1761 721 1832 χώραις,
754 1763 890 1818 ἀλλὰ
921 1765 1012 1817 καὶ
1044 1765 1223 1818 αὐτῶν
1270 1765 1540 1836 μοναχῶν.
1584 1767 1753 1833 Ἀλλη
1794 1766 1903 1835 γὰρ
1945 1766 2057 1817 Πα-

489 1854 738 1925 λαιστίνη
770 1857 799 1908 ὁ
828 1856 1004 1925 χῶρος
1047 1859 1076 1909 ό
1114 1856 1245 1927 περὶ
1295 1857 1609 1927 Μαίανδρον
1639 1854 1726 1925 ἦν,
1758 1857 1817 1908 οὐ
1862 1858 2057 1926 303x!)-

495 1948 680 2015 μάτων
710 1948 802 2000 καὶ
836 1948 999 2016 μόνον
1025 1949 1260 2018 αὐξῆσαι
1295 1949 1494 2017 ἀγέλας
1541 1950 1632 2002 καὶ
1672 1952 1919 2018 ποίμνια,
1952 1948 2060 2000 οὐδ’

490 2039 701 2110 ἀνδρῶν
731 2041 904 2111 φοράν
937 2042 1180 2110 ἐνεγκεῖν
1210 2042 1436 2111 ἀγαθὸς,
1469 2042 1612 2095 ἀλλὰ
1661 2043 1755 2096 καὶ
1806 2040 2061 2111 μοναχῶν

490 2131 929 2202 οὐρανσπολιτῶν
960 2133 1217 2200 ἐπιγείων
1243 2135 1505 2205 συστῆσαι
1541 2133 1786 2202 πληθυας
1814 2134 2060 2204 ἄριστος,

493 2224 646 2292 παρὰ
679 2222 932 2277 τοσοῦτον
956 2224 1045 2278 ἐπ’
1088 2224 1270 2288 ἄλλοις
1302 2226 1372 2277 τά
1411 2228 1656 2295 πρωτεῖα
1703 2225 1886 2294 φέρων
1925 2223 2062 2293 πρὸς

495 2315 863 2386 Παλαιστίνην
904 2318 1034 2386 παρ’
1058 2318 1183 2370 ὅσον
1214 2317 1297 2370 ἐνὶ
1325 2316 1422 2370 καὶ
1458 2316 1699 2387 μεγίστῳ
1727 2317 1948 2383 ἡττᾶτο,
1985 2314 2063 2382 τῷ

492 2407 591 2469 τὰς
655 2408 939 2478 διατριϐὰς
984 2410 1164 2461 ἐκεῖσε
1211 2409 1466 2475 γενέσθαι
1501 2408 1593 2462 τοῦ
1644 2408 1779 2477 ἐμοῦ
1824 2408 2062 2479 Χριστοῦ

494 2501 592 2553 καὶ
633 2499 791 2555 Θεοῦ.
831 2502 941 2553 Καὶ
994 2500 1138 2555 οὕτω
1192 2501 1293 2570 μέν
1347 2502 1470 2555 κατ’
1518 2500 1699 2568 ὀλίγον
1757 2500 2065 2569 Μαίανδρος

492 2589 798 2663 ἡρημοῦτο,
844 2590 1259 2663 είσχωρούντων
1309 2591 1576 2662 ἐνδοτέρω
1621 2591 1732 2644 τῶν
1765 2591 1942 2646 ἐκεῖσε
1977 2590 2065 2644 διὰ

493 2772 550 2824 et
581 2775 697 2821 arte
742 2778 1006 2837 praestans
1039 2768 1230 2825 bellica
1270 2784 1337 2825 ex
1367 2769 1741 2833 Ilalizonibus,
1774 2784 1914 2840 quos
1957 2768 2067 2823 Me-

493 2862 788 2918 sotbinitas
832 2866 1055 2936 vulgare
1088 2865 1232 2945 dicat
1283 2866 1507 2921 idioma.
1558 2865 1724 2920 Erant
1767 2865 1897 2919 item
1940 2861 2068 2917 hinc

493 2954 713 3026 quidem
746 2955 1005 3023 Thraces,
1046 2958 1174 3014 inde
1201 2967 1382 3015 autem
1417 2960 1683 3028 Phryges,
1712 2957 1864 3012 illinc
1894 2955 2070 3011 Mace-

496 3048 686 3113 dones,
721 3048 923 3104 istbinc
947 3049 1102 3121 Mysi,
1136 3051 1358 3105 aliunde
1377 3049 1566 3115 Cares,
1596 3058 1651 3103 et
1680 3049 1735 3103 bi
1767 3046 2063 3103 numerosi.

2156 578 2542 650 Νεοκάστρων,
2576 580 2791 636 Ἀδαλά
2829 598 2890 635 τε
2924 583 3018 634 καὶ
3064 582 3354 653 Καΰστρου
3403 582 3568 653 χῶραι
3605 589 3688 642 καὶ

2155 671 2421 738 Μαγεδὼν
2448 672 2538 724 καὶ
2568 674 2601 742 ὴ
2626 674 2955 742 περίπυστος
2988 675 3168 742 Καρία
3200 676 3350 731 πᾶσα
3373 677 3480 736 τοῖς
3499 675 3687 745 ἐχθροῖς

2154 762 2567 832 κατετρέχοντο.
2635 764 2744 820 Ἑῶ
2806 765 2986 835 λέγειν
3043 766 3316 836 Τραχεῖαν
3378 768 3469 819 καὶ
3516 768 3691 825 Στάδια

2153 850 2442 922 Στρόϐιλόν
2478 872 2538 908 τε
2574 855 2667 908 καὶ
2695 856 2764 911 τὰ
2791 856 3094 927 ἀντιπέραν
3145 856 3346 921 Ῥόδου,
3370 856 3406 915 ά
3445 856 3568 926 χθὲς
3611 860 3693 910 καὶ

2156 946 2349 1018 πρώην
2379 947 2484 1001 ὑπὸ
2520 938 2828 1017 Ῥωμαίους
2881 948 3143 1007 τελοῦντα
3190 949 3402 1019 ἐχθρῶν
3451 952 3507 1001 ἐν
3549 949 3694 1017 ὀλίγῳ

2155 1038 2334 1109 χρόνῳ
2361 1038 2615 1105 ἐγένοντο
2635 1040 2969 1111 ὀρμητήρια.
3004 1041 3084 1093 Τὰ
3116 1041 3175 1093 δέ
3225 1040 3357 1111 πρὸς
3394 1040 3584 1110 θατέρᾳ
3612 1042 3695 1094 θα-

2156 1128 2333 1201 λάσσῃ
2359 1130 2522 1199 φῦλα,
2556 1132 2642 1185 ἵνα
2680 1132 2756 1202 μὴ
2789 1134 2859 1186 τὰ
2904 1131 3047 1203 μέσα
3075 1132 3237 1200 λέγω,
3283 1133 3384 1185 ὅσα
3423 1149 3480 1185 τε
3509 1132 3563 1185 ἐν
3589 1132 3696 1185 Μα-

2161 1221 2477 1291 ρυανδηνοῖ,
2503 1239 2563 1274 τε
2599 1226 2692 1276 καὶ
2718 1222 2930 1276 Μόσυσι
2968 1224 3060 1276 καὶ
3098 1224 3198 1281 ὅσα
3242 1225 3298 1275 ἐν
3326 1226 3436 1284 τοῖς
3484 1220 3696 1291 μεγαθύ·

2160 1328 2285 1379 μοις
2327 1311 2558 1377 Ἐνετοῖς
2590 1314 2719 1366 ὄντα
2754 1317 2819 1382 τῇ
2867 1314 3157 1383 Ῥωμαίων
3192 1315 3485 1384 ὑπήκουον,
3518 1313 3607 1365 σὺν
3629 1307 3698 1375 οἷς

2158 1405 2253 1458 καὶ
2285 1404 2365 1456 ἐτι
2396 1405 2462 1457 τὰ
2497 1406 2643 1478 ἔνδον
2699 1408 2864 1478 μέχρι
2928 1388 3280 1477 Σαγγᾶρεως,
3337 1408 3427 1460 ἐπὶ
3472 1403 3701 1459 τοσοῦτον

2158 1496 2425 1565 ἠφάνιστο
2441 1476 2581 1550 ὥστε
2609 1476 2709 1552 και
2732 1476 3129 1570 Μαρυανδηνοῦί
3144 1496 3484 1569 θρηνητῆρος
3502 1496 3701 1567 χρῄζειν

2159 1584 2325 1648 ἀξίως
2348 1588 2508 1639 τάκεῖ
2534 1586 2705 1656 θρηνή
2718 1604 2920 1649 εοντος.
2960 1588 3083 1641 Τῶν
3124 1589 3234 1656 γάρ
3263 1588 3565 1655 δυνάμεων,
3594 1586 3702 1637 πολ-

2159 1676 2270 1730 λῶν
2299 1694 2355 1729 τε
2388 1678 2485 1730 καὶ
2531 1678 2863 1747 θαυμαστῶν
2898 1680 3094 1745 οὐσῶν,
3140 1677 3704 1748 συγκατατριϐομένων

2158 1771 2275 1831 τοῖς
2313 1768 2555 1830 δυτικοῖς
2612 1772 2709 1822 καὶ⁵
2763 1770 2885 1824 κατ’
2914 1770 3095 1837 ὀλίγον
3143 1771 3569 1838 δαπανωμένων,
3610 1771 3705 1831 τοῖς

2165 1866 2285 1915 κατ’
2316 1862 2584 1932 ἀνατολὴν
2633 1863 2891 1925 τοσοῦτος
2932 1866 2959 1916 ό
2995 1864 3235 1924 κίνδυνος
3265 1862 3551 1931 περιέστη,
3586 1860 3706 1913 ὥστε

2168 1951 2293 2022 μηδ’
2326 1952 2407 2013 είς
2436 1952 2609 2023 αὐτὴν
2644 1952 2977 2022 Ἡράκλειαν
3000 1953 3100 2022 τὴν
3134 1952 3227 2004 τοῦ
3265 1952 3467 2005 Πόντου
3501 1950 3709 2019 βαδίζειν

2164 2040 2305 2097 εἶναι
2344 2044 2484 2113 πεζῇ
2512 2045 2638 2106 τοὺς
2664 2046 3022 2114 ὁρμωμένους
3062 2047 3126 2097 ἐκ
3157 2044 3390 2109 πόλεως,
3427 2042 3530 2095 τῶν
3555 2043 3709 2092 ἐκεῖσε

2164 2135 2329 2205 ὁρίων
2358 2136 2436 2203 τῷ
2484 2136 2765 2206 Σαγγάρει
2802 2136 3312 2205 περικλεισθέντων,
3354 2136 3448 2186 καὶ
3495 2133 3596 2184 τῶν
3628 2135 3711 2184 πέ-

2168 2243 2268 2297 ραν
2310 2227 2527 2280 πάντων
2566 2227 2718 2280 λείαν
2764 2229 3063 2296 γεγονότων
3112 2229 3174 2281 οὐ
3208 2226 3437 2290 Μυσῶν,
3487 2224 3616 2278 ἀλλά
3655 2241 3709 2291 γε

2167 2315 2415 2386 Περσῶν.
2447 2316 2601 2370 Μόνα
2646 2317 2703 2368 δὲ
2734 2316 2803 2368 τά
2832 2317 2966 2385 πρὸς
3016 2316 3287 2371 θάλασσαν
3325 2315 3559 2385 φρούρια
3597 2332 3710 2366 κατ·

2165 2407 2516 2477 ελείφθησαν,
2568 2408 2635 2461 τά
2670 2409 2801 2479 περί
2851 2425 2910 2461 τε
2955 2410 3232 2480 Κρῶμναν
3283 2413 3387 2462 καὶ
3436 2410 3711 2477 ’Ᾱμαστριδ

2165 2502 2262 2552 καὶ
2285 2499 2413 2552 Τῖον
2444 2499 2538 2551 καὶ
2578 2497 2933 2567 Ἡράκλειαν,
2970 2498 3154 2551 τόπων
3186 2499 3429 2566 ὀνόματα
3460 2498 3587 2567 μόνα
3619 2493 3709 2545 σώο

2166 2591 2360 2655 ζοντα⁶
2405 2588 2442 2645 ά
2478 2589 2542 2659 δὴ
2576 2591 2624 2642 εί
2657 2591 2733 2660 μὴ
2779 2593 2849 2662 τῇ
2900 2590 3146 2663 θαλάσσῃ
3186 2589 3589 2661 προσεχρῶντο,
3633 2588 3711 2643 καὶ

2168 2780 2419 2826 tarerant
2449 2780 2674 2842 propter
2705 2770 3047 2825 incursiones
3078 2769 3443 2827 barbararum
3475 2767 3710 2838 gentium.

2170 2862 2499 2919 Universum
2535 2873 2717 2918 autem
2757 2863 2949 2933 iugum
2989 2862 3119 2917 illud
3148 2862 3371 2916 arcibus
3412 2875 3581 2929 nuper
3611 2872 3714 2912 con-

2169 2955 2296 3012 ditis
2322 2965 2481 3012 antea
2522 2958 2815 3022 insessum,
2850 2955 3026 3011 Abula
3069 2968 3287 3024 quoque
3316 2962 3375 3009 et
3404 2953 3575 3008 assita:
3600 2951 3715 3021 Cay-

2170 3057 2287 3104 stro
2320 3048 2571 3120 regiones
2600 3056 2658 3103 et
2687 3047 2954 3118 Magedon
2987 3056 3043 3102 et
3065 3045 3264 3116 inclyta
3291 3044 3479 3109 Caria,
3516 3043 3713 3112 impune

495 3138 635 3196 Tum
681 3142 773 3211 qui
814 3157 876 3196 ex
915 3141 1211 3215 Magedone
1257 3151 1538 3198 venerant.
1583 3140 1761 3213 Super
1809 3140 1895 3195 bis
1933 3140 2066 3210 Scy-
2093 3154 2136 3212 (ς
2172 3143 2408 3199 hosﬁum
2445 3141 2881 3214 grassationibus
2924 3140 3418 3196 conculcabantur.
3465 3137 3609 3193 Mitto
3646 3134 3714 3189 di-

495 3232 656 3287 tbicm
690 3234 858 3303 copim
884 3244 1159 3291 etestera:
1189 3235 1413 3301 Italicae,
1448 3235 1801 3304 plurimasque
1834 3234 1972 3295 alite,
1993 3249 2062 3290 ex

493 3326 693 3394 quibus
722 3327 983 3381 membris
1020 3342 1210 3392 unum,
1242 3343 1372 3382 vere
1402 3328 1599 3389 dicam,
1633 3326 2062 3380 valentissimum

478 3426 552 3473 ret
581 3417 945 3472 ineluctabilis
983 3418 1241 3487 potentia:
1272 3419 1614 3473 coalescebat
1642 3434 1876 3488 corpus;
1908 3420 2065 3486 cujus

494 3510 650 3581 quasi
699 3511 914 3573 animus
965 3510 1211 3580 despota,
1258 3510 1387 3565 dum
1435 3510 1566 3564 illud
1623 3517 1804 3564 movet
1836 3520 1889 3564 et
1927 3527 2064 3580 quo-

497 3619 714 3672 cunque
782 3604 1128 3666 circumfert,
1186 3605 1443 3659 terribilis
1505 3604 1705 3672 ubique
1768 3605 2066 3675 apparebat

501 3696 800 3766 prsesertim
852 3698 906 3751 in
951 3698 1203 3753 Occiduis
1254 3700 1539 3762 tractibus,
1586 3697 1675 3751 ubi
1726 3697 2067 3767 frequentius

496 3788 796 3851 militabat;
828 3805 946 3857 qua:
980 3804 1141 3844 causa
1177 3789 1275 3843 fuit
1322 3805 1421 3842 cur
1459 3790 1613 3843 limes
1647 3788 1939 3843 Orientalis
1973 3789 2067 3842 de-

496 3882 819 3947 bilitarelur,
840 3881 1019 3936 Persis
1040 3882 1282 3936 absentia
1308 3881 1682 3951 prarsidiorum
1704 3882 1822 3951 ejus
1840 3881 2065 3933 vexandi

495 3976 530 4031 fi
553 3978 749 4030 inciam
768 3977 1133 4037 sumentibus,
1157 3975 1559 4031 incursantibus
1575 3991 1638 4027 ac
1660 3974 1948 4027 latrocinio
1972 3990 2067 4028 va-

495 4070 771 4123 stantibus
801 4068 1025 4123 tniseras
1056 4067 1172 4122 illas
1201 4068 1471 4138 regiones,
1506 4066 1655 4120 nullo
1682 4067 1840 4136 plane
1877 4066 2065 4134 probi-

496 4160 681 4215 bente.
710 4158 900 4228 itaque
933 4159 1203 4214 Mmander
1228 4160 1410 4221 domo,
1446 4169 1498 4211 ut
1530 4158 1607 4213 sic
1638 4158 1833 4223 diram,
1875 4161 2067 4212 cedere

495 4261 721 4307 coactus
750 4251 910 4319 plane
954 4250 1231 4304 desolatus
1262 4262 1364 4314 est,
1396 4239 1506 4302 non
1551 4249 1675 4302 aliis
1712 4250 1887 4302 solum
1925 4249 2071 4304 ineo.

498 4344 566 4398 lis
611 4345 972 4413 plurimarum
1024 4342 1239 4395 illarum
1288 4341 1854 4410 amplissimarnmque
1895 4342 2071 4409 regio-

498 4451 671 4498 num,
738 4434 831 4488 sed
887 4433 1022 4503 ipsis
1084 4433 1248 4488 etiam
1305 4432 1429 4486 inde
1458 4433 1659 4503 passim
1711 4432 2071 4502 migrantibus

2173 3251 2301 3292 cere
2326 3235 2629 3293 Tracbeam
2670 3244 2724 3290 et
2767 3232 2979 3299 Stadia,
3014 3230 3318 3288 Strobilum
3353 3237 3411 3286 et
3441 3230 3568 3286 sitas
3589 3242 3618 3283 e
3644 3240 3715 3281 re-

2172 3332 2333 3401 gione
2356 3328 2533 3383 Rhodi
2559 3338 2754 3389 terras,
2783 3342 2903 3397 qua:
2936 3326 3051 3381 loca
3082 3324 3247 3395 paulo
3272 3333 3437 3378 antea
3472 3322 3715 3375 Romano-

2173 3440 2292 3478 rum
2344 3422 2586 3491 subjecta
2645 3420 2838 3475 ditioni
2904 3419 3101 3488 exiguo
3166 3426 3415 3487 tempore
3475 3416 3713 3469 latronum

2173 3513 2519 3584 receptacula
2551 3513 3018 3579 barbarorumque
3049 3510 3243 3565 stativa
3277 3508 3423 3564 facta
3469 3515 3607 3561 sunt.
3634 3502 3717 3557 0b-

2173 3622 2345 3663 versai
2371 3614 2553 3660 autem
2576 3620 2639 3660 ex
2673 3613 2825 3674 parte
2854 3604 3021 3659 altera
3049 3603 3184 3658 mari
3214 3603 3493 3665 nationes,
3523 3611 3578 3655 ut
3602 3597 3713 3653 nihil

2174 3700 2240 3753 de
2270 3698 2466 3752 mediis
2508 3698 2709 3759 dicam,
2743 3710 2806 3751 ac
2835 3706 3101 3766 quantum
3153 3696 3208 3749 in
3240 3693 3634 3766 Maryaudenis,
3669 3691 3713 3742 in

2176 3793 2513 3864 Moss-nibus,
2574 3794 2629 3846 in
2669 3792 3033 3862 magnanimis
3070 3792 3260 3848 Enetis
3314 3790 3555 3860 gentium
3594 3786 3716 3839 loco-

2176 3898 2408 3952 rumque
2454 3884 2804 3947 censebatur,
2853 3891 3049 3938 cuncta
3085 3883 3328 3937 Romano
3357 3880 3595 3949 subjecta
3638 3877 3716 3929 im-

2175 3977 2350 4046 perio,
2403 3976 2674 4044 simrulque
2735 3976 2819 4029 bis
2874 3976 3136 4028 interiora
3184 3989 3359 4043 usque
3407 3974 3473 4027 ad
3530 3980 3714 4023 amnem

2178 4068 2488 4137 Sangarim,
2522 4068 2594 4120 ita
2636 4068 2887 4121 universa
2937 4074 3141 4120 vastata
3179 4066 3563 4133 destructaque
3590 4068 3712 4120 sunt,

2178 4171 2237 4216 ut
2262 4161 2677 4230 Maryamlenum
2703 4159 2948 4228 lugubris
2970 4169 3164 4214 cantus
3190 4158 3456 4213 artificem
3482 4153 3713 4208 adbibere

2176 4251 2373 4305 debeat
2403 4250 2494 4319 qui
2531 4249 2646 4305 haec
2672 4250 2817 4305 volet
2845 4266 2942 4319 pro
2972 4250 3238 4320 dignitate
3270 4248 3575 4317 deplorare.
3602 4243 3714 4298 Nam

2180 4344 2353 4413 cepiis
2414 4342 2701 4402 Romanis.
2745 4357 2866 4412 quae
2923 4343 3108 4397 multa:
3157 4341 3510 4410 mirificteque
3567 4341 3713 4397 erant,

2180 4433 2521 4488 morantibus
2564 4432 2619 4485 in
2667 4431 2909 4487 Occiduo
2956 4441 3152 4494 traCIu,
3190 4439 3247 4484 et
3298 4430 3366 4484 iis
3405 4426 3587 4500 paucis
3617 4435 3716 4493 qua“.

501 4526 809 4590 monachis,
845 4526 951 4581 alia
990 4524 1254 4595 siquidem
1295 4524 1582 4580 Palaestina
1621 4533 1761 4579 terra
1794 4525 1881 4578 illa
1910 4528 2071 4579 unde—
2105 4529 2148 4584 D
2178 4526 2380 4581 relicta:
2425 4524 2781 4595 Orientalium
2828 4523 3079 4593 praesidio
3133 4522 3354 4577 fuerant
3410 4518 3602 4574 sensim
3639 4513 3717 4568 ab—

500 4634 720 4689 cunque
776 4618 1050 4674 Maaandro
1100 4617 1248 4672 amni
1301 4626 1566 4688 praetenta
1625 4617 1800 4672 videri
1849 4632 1914 4671 ac
1960 4616 2067 4671 dici

500 4713 701 4784 potuit,
735 4712 939 4782 quippe
972 4727 1081 4767 non
1126 4711 1303 4768 solum
1331 4712 1456 4767 laeta
1487 4711 1709 4782 pascuis
1747 4719 1800 4766 et
1847 4725 2070 4783 gregum

501 4810 988 4871 armentorumque
1024 4802 1202 4872 opima
1234 4801 1467 4873 genitrix
1502 4801 1792 4871 altrixque,
1831 4816 1940 4857 non
1985 4815 2075 4854 so-

499 4895 615 4951 lum
670 4895 956 4949 hominum
1004 4907 1222 4965 quoque
1281 4892 1579 4946 multorum
1635 4901 1689 4945 et
1737 4890 2074 4962 egregiorum

500 4989 677 5052 ferax,
722 4988 818 5043 sed
867 4994 1133 5059 praeterea
1174 4985 1333 5056 311
1379 4986 1794 5048 monachorum,
1842 4985 1945 5038 boc
1992 4994 2077 5039 est

502 5081 625 5138 coeli
656 5080 857 5136 civium
880 5081 932 5135 in
966 5079 1129 5133 terris
1164 5077 1655 5148 peregrinantium,
1695 5077 1996 5132 condendis
2023 5085 2077 5130 et

503 5188 776 5229 concursu
804 5172 1233 5226 lectissimorum
1262 5175 1649 5238 conventuque
1671 5168 2080 5238 frequentandis

504 5266 789 5333 aptissima
833 5263 1086 5327 coloniis,
1134 5271 1288 5317 tanto
1336 5261 1391 5315 in
1420 5260 1636 5316 caateris
1668 5257 1955 5313 Palaestina
1989 5273 2081 5319 su-

507 5356 714 5426 perior,
743 5366 949 5425 quanto
980 5356 1034 5409 in
1069 5368 1182 5411 uno
1221 5354 1292 5418 ei,
1332 5353 1637 5422 eodemque
1668 5350 1925 5413 maximo,
1960 5349 2080 5403 sine

505 5448 877 5507 controversia
911 5448 1073 5513 cedit,
1106 5448 1250 5517 quod
1284 5448 1400 5501 haec
1432 5444 1693 5498 nimirum
1719 5442 1828 5496 vita
1860 5448 1912 5495 et
1945 5456 2081 5495 con-

508 5540 817 5595 versatione
873 5540 1088 5593 Domini
1136 5541 1240 5606 mei
1301 5549 1357 5594 et
1401 5538 1492 5591 Dei
1546 5535 1752 5597 Christi
1814 5535 2080 5595 honorata

508 5648 617 5701 prae
646 5631 864 5685 cunctis
900 5631 1082 5686 fuerit.
1126 5630 1309 5686 Talem
1340 5630 1412 5685 ob
1438 5643 1655 5685 causam
1697 5626 1987 5689 Mmander,
2025 5636 2084 5680 ut

508 5721 641 5788 dixi,
679 5722 941 5793 paulatim
980 5723 1233 5777 desertus
1263 5732 1317 5776 et
1351 5723 1404 5774 in
1441 5718 1791 5774 solitudinem
1828 5718 2082 5772 redactus

509 5824 614 5889 est,
644 5815 1030 5882 recedentibus
1078 5816 1130 5879 in
1164 5814 1421 5868 interiora
1452 5812 1541 5889 qui
1589 5810 1739 5882 prius
1777 5810 1885 5865 illic
1924 5809 2083 5872 babi-

2176 4617 2426 4686 sumptis,
2484 4616 2536 4670 in
2590 4625 2800 4670 tantum
2858 4614 3167 4670 infestantis
3227 4614 3430 4673 itinera
3477 4605 3715 4665 latrocinii

2178 4709 2486 4780 periculum
2524 4708 2777 4771 increvit,
2803 4716 2862 4761 ut
2892 4721 2963 4761 ne
2988 4705 3302 4761 Heracleam
3334 4704 3551 4775 quidem
3571 4710 3717 4767 usque

2175 4800 2458 4855 Ponticam
2497 4800 2582 4854 via
2627 4800 2873 4854 terrestri
2919 4799 3113 4859 liceret
3156 4814 3223 4853 ex
3272 4799 3410 4853 urbe
3452 4789 3715 4867 proficisci,

2177 4892 2379 4953 finibus
2409 4890 2558 4944 illine
2584 4890 2797 4959 imperii
2836 4888 3063 4959 Sangari
3096 4888 3258 4958 312
3289 4879 3711 4952 circumscriptis.

2180 4982 2645 5049 ulterioribusque
2686 4980 2846 5050 plane
2877 4984 3092 5033 cunct‘s
3135 4979 3187 5032 in
3226 4979 3463 5047 praedam
3496 4990 3598 5028 non
3627 4970 3715 5040 51)·-

2179 5085 2388 5137 surum,
2423 5068 2516 5121 sed
2548 5068 2835 5143 Persarum
2872 5062 3507 5119 condonatis.Maritim:B
3536 5064 3713 5112 tantum

2178 5175 2335 5217 arces
2391 5166 2616 5213 retentm
2664 5166 2943 5226 utcunque
2991 5164 3120 5211 sunt
3161 5155 3304 5210 circa
3368 5153 3638 5207 Cromnam
3670 5153 3713 5198 et

2179 5252 2459 5308 Amastrin
2496 5259 2551 5306 et
2579 5249 2738 5305 Tium
2770 5259 2825 5304 et
2860 5248 3196 5314 Heracleam,
3230 5248 3345 5303 sola
3375 5246 3604 5299 locorum
3633 5252 3714 5291 no-

2180 5345 2330 5399 mina
2352 5353 2674 5408 servantes;
2699 5358 2821 5411 quae
2846 5341 2952 5395 nisi
2986 5349 3239 5410 prompto
3265 5336 3430 5392 maris
3454 5334 3518 5390 ad
3543 5326 3711 5387 auxilia

2181 5444 2489 5506 opportune
2536 5433 2852 5505 accipienda
2906 5430 3239 5488 commercio
3287 5436 3585 5488 uterentur,
3625 5419 3711 5473 du-

2181 5532 2310 5586 dum
2349 5530 2539 5598 utiqne
2565 5528 2841 5583 fortunam
2882 5526 3127 5581 eamdem
3165 5523 3378 5583 urbium
3409 5536 3472 5576 ac
3502 5520 3708 5601 locorum

2182 5627 2382 5696 quibus
2411 5625 2666 5694 adjacent
2697 5624 3102 5694 experirentur,
3132 5636 3369 5690 cumque
3396 5618 3512 5673 istis
3545 5603 3708 5696 ditioni

2184 5694 2413 5772 Persica:
2443 5713 2670 5782 adjectis
2703 5717 2947 5769 Romano
2982 5714 3211 5785 imperio
3244 5712 3546 5782 periissent.
3576 5694 3705 5767 Quod

2186 5820 2368 5865 autem
2401 5809 2457 5863 in
2492 5809 2694 5863 exitum
2732 5811 2924 5863 barum
2954 5806 3354 5878 provinciarum
3394 5801 3703 5869 coeperam“!
