3926 6578
395 385 496 450 τοι

1366 348 1458 455 bs
1506 391 1892 455 MICHAELE
1930 390 2384 452 PALEOLOGO
2423 390 2550 469 1w
2595 394 2685 455 IV.

3523 383 3631 449 ’τιἶὲ

390 501 596 569 ταῦτα,
624 502 736 557 τῶν
758 504 953 575 χωρῶν
979 506 1359 577 κατεχομένων
1382 508 1491 569 τοῖς
1517 506 1776 574 Πέρσαις,
1801 502 1967 557 πάλαι
1994 502 2041 558 Α
2068 504 2176 571 γὰρ
2225 499 2291 572 ἦν
2347 503 2641 575 ἡσυχάζειν
2680 503 2895 567 αὐτοὺς,
2943 502 3060 557 ἀλλ’
3107 500 3473 572 είσδυομίνοις
3523 513 3629 563 τας

388 592 459 646 ἃν
485 596 612 656 ταῖς
638 594 846 665 χώραις
902 596 997 649 καὶ
1044 596 1185 649 αὐτὰ
1238 597 1641 651 συναπώλοντο.
1683 599 1779 649 Ἐν
1820 597 1875 649 δὲ
1904 598 1967 650 τδ

390 684 731 738 συντελέσαν
763 688 826 756 τῇ
860 685 1067 740 τούτων
1104 686 1354 756 ἀπωλείᾳ
1391 688 1486 739 καὶ
1515 689 1621 746 τῶν
1652 687 1831 742 ἄλλων
1868 688 1967 756 μέ-

388 791 611 843 γιστον,
641 776 719 841 ὡς
763 777 926 840 αὐτὸς
976 780 1004 831 ό
1061 778 1315 849 βασιλεὺς
1362 780 1590 851 ὕστερον
1632 780 1840 848 ἔλεγεν,
1879 780 1967 833 ὅτε

393 868 602 938 μικρὸν
636 866 741 936 πρὸ
788 866 1018 921 θανάτου
1046 868 1233 922 πατῶν
1257 869 1350 921 τὸν
1376 871 1544 922 τόπον
1568 868 1715 937 ἑώρα
1744 867 1844 960 egw
1865 866 1967 921 οὐκ

386 957 566 1030 ὀλίγῳ
603 959 896 1013 καὶταῦτα
928 959 1164 1030 στρατῷ,
1199 963 1292 1014 καὶ
1331 960 1399 1014 τὰ
1442 959 1668 1012 πλεῖστα
1697 957 1969 1030 κατῳκτί-

385 1051 544 1116 ζετο,
578 1054 613 1123 ἡ
636 1053 745 1106 τῶν
771 1053 1141 1123 πεμπομένων
1163 1054 1344 1105 ἐκεῖσε
1381 1051 1689 1124 ταξιαρχῶν
1711 1052 1969 1121 γλισχρό-

384 1160 498 1215 της
533 1162 593 1199 τε
625 1146 719 1198 καὶ
754 1145 1013 1213 φειδωλία
1051 1144 1137 1217 [Ρ.
1175 1144 1302 1217 21]]
1330 1144 1425 1199 καὶ
1456 1146 1625 1217 qua
1650 1144 1728 1214 τῷ
1758 1143 1969 1213 λαμόά·

384 1250 513 1288 νειν
545 1236 750 1305 σπουδὴ
783 1236 844 1289 οὐ
876 1236 1305 1307 περιοριζομένη
1337 1236 1519 1306 μέτρῳ
1551 1237 1645 1289 καὶ
1678 1236 1846 1305 κόρῳ,
1874 1236 1968 1289 καὶ

386 1323 424 1393 ὴ
478 1325 694 1378 ἐκεῖθεν
739 1326 875 1396 πρὸς
921 1325 1013 1379 τὸν
1069 1326 1375 1398 κρατοῦντα
1427 1325 1747 1396 ψευδολογία
1800 1324 1968 1394 μηδὲν

390 1416 865 1483 ὲκστρατεύοντα,
925 1420 1001 1482 ὡς
1041 1419 1312 1485 όλίγιστόν
1357 1418 1719 1483 τιιὰπὼλετο,
1755 1418 1833 1479 ὡς
1876 1418 1968 1470 ἐπὶ

386 1508 617 1574 μικροῖς
648 1508 678 1576 ἠ
718 1506 911 1576 ζημία,
949 1508 1023 1570 ὡς
1049 1508 1109 1560 τὸ
1139 1509 1248 1561 πᾶν
1277 1509 1369 1562 ἐπὶ
1400 1509 1717 1577 κεφαλαίοις
1751 1507 1966 1560 ἵσταται

381 1599 486 1647 καὶ
517 1597 579 1648 τ’)
610 1597 906 1667 ἀφαιρεθὲν
940 1600 1177 1667 σπουδῆς
1211 1598 1398 1669 ὀλίγης
1430 1597 1843 1661 ἀνακαλεῖσθαι,
1869 1602 1966 1649 καὶ⁸

379 1686 558 1739 τᾶλλα
585 1683 668 1749 οἷς
706 1690 955 1758 συνεχέσι
987 1691 1241 1757 ποτίμοτς
1267 1690 1366 1757 μὲν
1398 1690 1475 1759 τῷ
1502 1690 1836 1759 φαινομένῳ,
1870 1690 1965 1740 ἁλ-

384 1782 590 1849 μυροῖς
620 1779 677 1831 δὲ
720 1784 784 1851 τῇ
826 1764 1055 1851 ἀληθεία
1084 1782 1183 1844 τὰς
1216 1782 1504 1850 βασιλικὰς
1542 1783 1708 1843 ἀκοὰς
1736 1782 1964 1850 περιῆν·

379 1868 552 1921 τλουν
600 1871 693 1921 καὶ
724 1871 1034 1940 γράφοντές
1079 1889 1134 1924 τε
1191 1872 1286 1924 καὶ
1319 1872 1759 1941 διαμηνυόμενοι.
1805 1871 1877 1921 Τὸ
1911 1870 1966 1922 δὲ

380 1961 486 2028 τῆς
515 1962 807 2029 στρατείας
837 1962 1033 2023 αἴτιον,
1058 1964 1134 2026 ὡς
1159 1965 1253 2017 καὶ
1282 1963 1439 2015 τοῦτο
1468 1964 1629 2024 αὐτὸς
1658 1964 1685 2015 ό
1712 1961 1967 2031 βασιλεὺς

380 2051 687 2119 ὡμολόγει,
729 2053 788 2106 τὸ
821 2055 1096 2124 συρῤαγὲν
1131 2056 1334 2124 σχίσμα
1357 2055 1455 2123 τῆς
1491 2053 1837 2124 Ἐκκλησίας,
1873 2052 1967 2107 καὶ

380 2146 448 2194 τὸ
486 2145 625 2198 πολὺ
661 2147 772 2198 τῶν
796 2148 1187 2200 ἀνυποτάκτωυ
1232 2147 1578 2219 ρακενδυτῶν
1611 2163 1666 2198 τε
1703 2149 1798 2199 καὶ
1830 2163 1966 2199 σακ-

379 2238 640 2309 κοφόρων
670 2239 895 2309 πλῆθος,
934 2242 1027 2295 καὶ
1065 2244 1093 2294 ό
1142 2242 1308 2304 πολὺς
1342 2242 1568 2295 ἐκείνων
1596 2241 1829 2311 φορυτὸς
1855 2241 1966 2293 τῶν

378 2328 470 2390 είς
519 2328 682 2380 αὑτὸν
715 2331 1216 2399 κατηγορημάτων,
1264 2331 1361 2393 καὶ
1413 2332 1444 2400 ἡ
1494 2329 1629 2399 πρὸς
1664 2330 1834 2384 ταῦτα
1867 2329 1963 2383 τοῦ

380 2413 658 2483 βασιλέως
692 2418 866 2470 δειλία
919 2420 1019 2489 τὴν
1055 2421 1394 2474 ἀποστασίαν
1429 2422 1851 2484 ὑποπτεῦοντος.
1884 2421 1960 2474 Οὐ

377 2527 471 2581 vel
499 2529 733 2583 maxime
756 2539 860 2595 est,
893 2530 997 2585 hoc
1024 2530 1145 2592 fuit,
1171 2542 1334 2601 prout
1355 2531 1472 2601 ipse
1504 2549 1628 2587 sero
1655 2546 1961 2602 agnoscens

378 2619 673 2674 confessus
708 2621 1009 2692 imperator
1042 2634 1149 2688 est,
1188 2627 1407 2696 quando
1448 2628 1774 2696 paulo_ante
1807 2642 1961 2681 mor-

381 2724 497 2769 tem
534 2729 595 2767 ea
629 2716 749 2771 loca
794 2731 918 2771 cum
969 2721 1214 2772 exercitu
1254 2735 1364 2774 non
1410 2720 1625 2775 modico
1663 2718 1959 2789 perambu-

379 2804 506 2860 lans
529 2806 702 2860 oculis
724 2807 908 2860 omnia
935 2806 1189 2864 fidelibus
1217 2808 1455 2877 subjecit
1479 2817 1534 2863 et
1561 2808 1707 2862 clare
1734 2821 1957 2876 perspe-

379 2906 474 2951 cta
510 2899 801 2955 miseratus
826 2901 1120 2970 plurimum
1155 2910 1239 2956 est
1272 2901 1654 2971 praefectorum
1696 2900 1791 2969 qui
1828 2900 1956 2954 illuc

346 3016 349 3019 λ
377 2988 747 3045 mittebantur
774 2992 1038 3046 tenacitas
1067 3000 1123 3048 et
1141 3009 1302 3047 avara
1328 2994 1665 3063 parcimonia
1701 3009 1826 3048 cum
1867 3008 1959 3046 ar-

360 3083 537 3155 .denti
593 3083 859 3139 immensa
916 3083 1233 3154 inexplebili
1289 3086 1531 3153 undique
1583 3087 1835 3157 capiendi
1893 3101 1959 3143 ac

2070 595 2178 647 τῶν
2201 595 2504 665 ἀνθρώπων
2536 597 2713 660 οἰκίας
2747 598 2928 665 σφίσιν
2963 591 3036 668 ἦν
3080 598 3142 648 ἐκ
3174 597 3472 666 προχείρου
3505 613 3633 649 συν-

2068 689 2239 757 είρειν
2266 689 2334 741 τὰ
2359 689 2531 741 πολλὰ
2562 689 2704 741 κατὰ
2741 689 3028 759 βασιλέως,
3059 688 3134 750 ὡς
3162 687 3257 740 τὸν
3287 687 3634 757 κληρονόμον

2069 779 2400 849 ἀδικήσειεν,
2448 779 2524 839 ὡς
2566 779 2837 845 ἐξελάσειε
2868 780 2962 832 τοῦ
2997 778 3189 850 θρόνου
3226 779 3319 831 τὸν
3362 778 3635 849 πατριάρο

2069 886 2195 940 χην.
2237 868 2376 923 Ἀλλ’
2409 869 2460 922 οἱ
2494 870 2669 940 ὅρκοι,
2715 869 2831 921 ἀλλ’
2860 870 2916 924 αί
2959 870 3250 939 συνθῆκαι,
3283 868 3416 921 ἀλλὰ
3446 868 3508 921 τὸ
3538 868 3634 921 καὶ

2067 963 2149 1028 τὸ,
2184 957 2266 1025 οἷς
2295 962 2492 1015 ἐκεῖνοι
2538 961 2637 1031 μὲν
2683 962 3005 1032 πορίζεσθαι
3050 959 3217 1033 εἶχον,
3268 962 3493 1015 πλεῖστα
3524 962 3635 1014 τῶν

2068 1055 2372 1109 ἀκουόντων
2398 1055 2896 1124 ἀπολαμϐάνοντες,
2935 1055 3033 1123 ἐμὲ
3063 1055 3138 1117 δὲ,
3177 1056 3363 1124 φησὶν,
3396 1054 3446 1106 οἱ
3480 1052 3633 1121 φόϐοι

2069 1146 2166 1200 καὶ
2193 1148 2248 1199 al
2275 1145 2475 1198 δειλίαι
2525 1147 2898 1214 περιίσταντο,
2948 1145 3023 1216 μὴ
3060 1145 3152 1198 καί
3181 1162 3234 1199 τι
3266 1145 3375 1197 τῶν
3402 1143 3634 1212 ἀδουλήο

2068 1254 2174 1288 των
2221 1237 2626 1307 νεωτερισθείη.
2672 1238 2763 1301 Ἐξ
2814 1230 2889 1289 ὧν
2941 1236 3254 1289 συνέϐαινον
3289 1236 3538 1305 ὑποψίαι,
3568 1233 3634 1297 ἃς

2067 1326 2278 1395 ἀνάγκη
2334 1327 2737 1395 φυλαττόμενον
2780 1326 3205 1381 ἀποκεκλεῖσθαι
3240 1328 3333 1379 καὶ
3379 1327 3632 1397 ἠρεμεῖν,

2066 1417 2127 1469 τὸ
2158 1416 2278 1468 καθ’
2301 1416 2466 1470 αὑτὸν
2500 1417 2884 1489 πολυωροῦντα
2917 1420 3014 1471 καὶ
3051 1418 3118 1471 τὰ
3148 1418 3258 1471 τῶν
3290 1417 3634 1487 πραγμάτων

2066 1511 2176 1572 τοῖς
2202 1510 2458 1579 τυχοῦσιν
2485 1511 2870 1579 ἐπιτρέποντα.
2896 1509 3060 1563 Ταῦτ’
3095 1509 3249 1576 ἔλεγε
3283 1509 3382 1578 μὲν
3409 1506 3635 1571 ὕστερον

2068 1600 2095 1652 ὁ
2135 1599 2352 1669 κρατῶν
2384 1603 2522 1670 πρὸς
2571 1602 2661 1654 τὸν
2722 1602 3130 1671 Ἀλεξανδρείας
3174 1600 3523 1668 ’AOaviotov,
3562 1598 3638 1658 ὡς

2068 1691 2225 1752 αὐτὸς
2261 1693 2391 1760 ἡμῖν
2418 1692 2775 1761 ἀπήγγειλεν,
2799 1694 2887 1745 ὅτε
2928 1692 3100 1745 συνὼν
3132 1694 3388 1753 κάκεῖνος
3423 1691 3514 1743 ἐπὶ
3540 1690 3639 1758 τῆς

2069 1780 2424 1849 ἐκστρατείας
2466 1784 2608 1836 κατά
2675 1782 3030 1854 παραμυθίαν
3087 1782 3164 1851 τῷ
3224 1783 3434 1851 βασιλεῖ
3491 1779 3638 1846 ἐώρα

2072 1869 2172 1938 μὲν
2208 1875 2307 1934 τὰς
2339 1873 2450 1926 τῶν
2482 1874 2677 1943 χωρῶν
2724 1875 2897 1944 πέραν
2926 1874 3020 1927 τοῦ
3049 1874 3378 1942 Σαγγάρεως
3419 1870 3640 1942 ἐρημώ-

2070 1977 2203 2024 σεις,
2243 1964 2516 2032 κατήκουε
2542 1965 2598 2017 δὲ
2626 1965 2736 2017 τῶν
2777 1964 3034 2018 τοιούτων
3066 1964 3516 2033 ὲποικτιζομένου
3539 1962 3636 2014 τοῦ

2067 2051 2400 2118 κρατοῦντος
2439 2055 2561 2116 ταῖς
2588 2053 2957 2124 ὲρημώσεσιν.
3006 2054 3165 2106 Ἀλλὰ
3198 2054 3376 2107 ταῦτα
3413 2053 3512 2122 μὲν
3544 2053 3639 2105 καὶ

2067 2143 2226 2213 ἡμεῖς
2266 2145 2407 2203 κατὰ
2434 2145 2860 2215 τόπον.ὲροῦμεν
2896 2144 3275 2216 πλατύτερονι

2064 2262 2172 2326 κη’.
2228 2257 2366 2323 Περὶ
2419 2258 2524 2312 τοῦ
2557 2259 2683 2311 κατ’
2727 2259 3096 2323 Ἐκκλησίαν
3142 2258 3500 2326 σχίσματος,
3541 2258 3641 2308 καὶ

2275 2327 2405 2396 περὶ
2443 2327 2558 2381 τῶν
2582 2330 3096 2394 Παντεποπτηνῶγ
3120 2325 3427 2396 μοναχῶν.

2135 2419 2222 2491 [Ρ.
2260 2419 2385 2491 ειε]
2426 2421 2559 2472 Τότε
2593 2420 2652 2472 δὲ
2688 2419 2784 2473 καὶ
2812 2421 2934 2484 ταῖς
2985 2418 3271 2490 ἀληθείαις
3321 2418 3381 2471 τδ
3429 2417 3642 2488 σχίσμα

2063 2533 2414 2603 principem,
2469 2532 2779 2601 passimque
2842 2531 3276 2587 invidiosissime
3332 2529 3644 2585 criminan-

2063 2625 2197 2678 tium
2236 2624 2305 2677 ab
2335 2623 2428 2677 illo
2460 2632 2640 2678 tutore
2679 2623 3165 2695 circumscriptum
3208 2635 3644 2691 Oppressumque

2061 2715 2273 2770 nefarie
2326 2717 2619 2785 pupillum,
2671 2716 2741 2769 ab
2785 2717 2980 2769 eodem
3039 2716 3240 2770 avitam
3296 2713 3645 2783 patriamque

2062 2808 2433 2862 hiereditatem
2467 2807 2679 2876 imperii
2710 2807 2951 2877 legitimo
2980 2805 3281 2861 successori
3320 2814 3374 2859 et
3401 2814 3643 2870 ,posses-

2059 2899 2170 2955 seri
2203 2897 2432 2968 Augusti
2478 2897 2589 2953 ﬁlio
2614 2899 2968 2953 interversam
3003 2897 3367 2967 iniquissime,
3418 2894 3504 2948 his
3549 2892 3644 2947 ad-

2059 2991 2227 3046 ditam
2255 2989 2578 3060 ejectionem
2620 2990 2675 3043 in
2713 2989 2966 3046 exsilium
3012 2988 3284 3044 deturbati
3332 2987 3402 3042 de
3443 2987 3644 3039 throno

2058 3082 2383 3153 patriarcha:
2412 3121 2427 3147 ,
2483 3090 2792 3151 cunctaque
2853 3081 2954 3135 ista
3007 3080 3252 3152 perjurio
3309 3078 3645 3150 perﬁdiaque

380 3174 719 3246 congerendi
762 3174 1024 3230 aviditate
1057 3176 1373 3247 conjuncta.
1407 3177 1618 3243 Quibus
1664 3179 1958 3235 accedebat
1983 3164 2027 3222 (ἶ
2057 3175 2332 3230 cumulata
2354 3175 2424 3229 ab
2452 3179 2528 3227 'eo
2560 3173 2652 3244 qui
2692 3174 2844 3229 nullo
2881 3171 3244 3245 iurisiurandi
3292 3185 3401 3243 quo
3436 3184 3495 3225 se
3543 3168 3645 3225 ob-

381 3269 629 3329 indidem
680 3277 808 3322 nata
849 3268 1247 3323 circumventio
1292 3269 1555 3339 principis
1580 3270 1957 3326 mendacissi-

382 3361 491 3415 mis
537 3359 750 3430 decepti
785 3359 1143 3415 relationibus
1188 3360 1602 3415 vaferrimorum
1646 3362 1953 3427 hominum,

383 3452 481 3522 qui
520 3452 747 3522 privatis
796 3451 909 3505 suis
952 3451 1255 3506 rationibus
1292 3452 1534 3520 pernicie
1583 3453 1799 3521 publica
1846 3450 1979 3507 non

385 3544 703 3599 dubitantes
743 3543 1051 3606 consulere,
1091 3546 1476 3612 imperatorem
1511 3545 1580 3598 ab
1608 3545 1957 3613 expeditione

382 3639 443 3691 in
496 3651 589 3690 cas
630 3647 830 3705 partes,
885 3647 944 3691 ut
992 3646 1110 3691 erat
1160 3652 1407 3700 necesse,
1442 3637 1809 3705 suscipienda,
1859 3638 1955 3691 de-

387 3727 681 3795 prehendi,
724 3727 772 3782 si
821 3742 913 3781 res
955 3742 1138 3781 coram
1179 3736 1455 3797 paterent,
1487 3735 1542 3780 et
1591 3726 1811 3780 multari
1847 3740 1960 3779 me-

386 3827 626 3880 tuentes,
660 3819 999 3884 avertebant,
1035 3818 1299 3873 elevando
1335 3818 1685 3872 fallacissime
1711 3818 1958 3886 jacturas

386 3909 581 3972 factas,
613 3918 668 3964 et
696 3916 755 3964 ut
785 3924 1017 3978 quaeque
1055 3923 1210 3963 arces
1245 3916 1340 3961 aut
1370 3908 1535 3962 urbes
1569 3916 1743 3974 captae
1771 3921 1801 3958 a
1833 3904 1961 3959 Per-

387 3999 464 4053 sis
487 4006 663 4063 craot,
693 3998 978 4052 minimum
1011 3998 1063 4051 id
1097 3998 1355 4066 quiddam
1382 4005 1435 4050 et
1461 3995 1719 4050 momenti
1755 3995 1960 4048 nullius

387 4107 509 4146 esse
552 4091 786 4145 dicendo
833 4108 847 4145 :
890 4089 1071 4159 capita
1117 4089 1263 4143 enim
1311 4088 1426 4158 ipsa
1472 4103 1655 4142 rerum
1706 4096 1761 4141 et
1803 4086 1960 4155 quasi

389 4185 569 4238 claves
598 4183 787 4238 limitis
809 4183 989 4237 adhuc
1015 4182 1214 4246 teneri,
1245 4182 1455 4235 minuta
1480 4183 1585 4236 ista
1614 4195 1761 4233 nunc
1779 4179 1959 4233 ablata

388 4275 607 4344 quoties
632 4274 883 4329 volemus
909 4274 1108 4344 exiguo
1138 4282 1339 4327 conatu
1372 4272 1762 4342 recuperanda.
1797 4269 1960 4340 Ejus-

390 4367 545 4427 modi
601 4367 916 4423 vanissimis
961 4365 1291 4420 commentis
1342 4374 1455 4418 tum
1512 4364 1721 4434 scripto
1769 4363 1960 4431 procul

387 4460 594 4527 missis,
639 4469 754 4515 tum
795 4473 927 4515 voce
973 4473 1156 4513 coram
1206 4456 1514 4520 inculcatis,
1562 4456 1820 4510 lactatum
1866 4454 1962 4507 im-

389 4552 633 4622 perantis
665 4551 908 4606 animum
952 4549 1249 4605 indormire
1283 4548 1442 4603 malis
1485 4547 1643 4603 facile
1675 4547 1834 4601 initio
1861 4544 1961 4600 e‘u-

388 4640 655 4695 rabilibus
691 4640 978 4711 cogebant,
1012 4638 1152 4692 nihil
1184 4638 1341 4707 pensi
1384 4637 1672 4697 habentes.
1705 4636 1832 4689 dum
1873 4650 1961 4687 res

388 4740 610 4805 agerent
639 4747 788 4797 suas,
814 4732 1062 4786 insidiari
1108 4730 1349 4789 credulis
1372 4729 1684 4799 principum
1710 4728 1958 4789 auribus,

388 4835 447 4883 et
468 4827 552 4882 eis
588 4826 878 4882 infundere
917 4825 1073 4895 quasi
1106 4825 1281 4895 plenis
1312 4822 1525 4893 poeulis
1551 4822 1789 4875 exitialia
1834 4818 1960 4889 qui-

388 4921 514 4976 dem
545 4932 778 4981 venena,
814 4918 911 4973 sed
951 4928 1069 4995 arte
1106 4916 1421 4971 assentandi
1454 4915 1533 4969 sic
1571 4915 1741 4969 diluta
1777 4912 1962 4967 condi-

390 5018 554 5081 taque
582 5021 642 5064 ut
663 5009 815 5063 virus
840 5024 1032 5064 eorum
1062 5023 1171 5063 non
1211 5007 1535 5062 sentiretur.
1572 5005 1740 5058 Porro
1773 5006 1955 5068 istam,

387 5104 458 5159 de
493 5118 598 5173 qua
654 5102 792 5167 dixi,
845 5116 1023 5157 seram
1077 5100 1309 5171 perditis
1365 5099 1530 5169 rebus
1582 5098 1637 5151 in
1693 5099 1793 5152 ista
1838 5098 1959 5152 loca

388 5194 793 5265 expeditionem
819 5191 1166 5263 imperatoris
1200 5191 1318 5261 ipse
1360 5190 1629 5246 fatebatur
1658 5206 1689 5244 a
1718 5207 1777 5244 se
1810 5199 1959 5243 metu

387 5287 731 5357 erumpentis
776 5286 889 5355 iam
943 5284 1002 5339 in
1056 5293 1304 5355 apertam
1354 5281 1652 5353 perniciem
1702 5280 1959 5337 Ecclesia:

389 5379 705 5437 schismatis
729 5378 891 5449 313
922 5384 1259 5448 susceptam.
1290 5377 1426 5433 Cum
1463 5375 1609 5431 enim
1641 5374 1863 5429 timeret
1889 5389 1960 5429 ne

388 5482 539 5529 tanta
573 5472 836 5528 colluvies
871 5470 1128 5526 claustris
1162 5485 1509 5542 egressorum
1552 5484 1789 5525 excusso
1829 5468 1959 5541 jugo

389 5564 694 5636 disciplina:
745 5564 1166 5636 vagantiumque
1206 5578 1647 5634 quoquoversum
1688 5577 1962 5632 pannosa-

390 5674 512 5712 rum
538 5656 965 5727 quorundam'et
1007 5656 1179 5713 saccis
1206 5655 1440 5711 cilicinis
1470 5654 1832 5717 horrentium,
1872 5653 1960 5707 in-
2008 5699 2012 5704 .

392 5748 729 5808 sinuantium
775 5762 836 5803 se
874 5747 1075 5811 obviis,
1119 5746 1383 5801 domuum
1428 5745 1618 5799 intima
1665 5752 1958 5815 penetran-

394 5840 570 5906 tium,
646 5850 840 5914 cuncta
902 5841 1241 5912 implentium
1306 5839 1836 5899 murmurationibus
1899 5838 1957 5893 in

2060 3265 2391 3331 strinxisset,
2422 3265 2692 3320 fmderum
2720 3281 2841 3333 quae
2868 3264 3139 3319 sanxisset
3168 3273 3419 3332 respectu
3443 3262 3558 3316 haec
3589 3271 3646 3315 et

2059 3360 2147 3413 illa
2205 3358 2458 3427 (plurima
2503 3358 2779 3427 sigillatim
2829 3355 3247 3426 exaggerabant)
3291 3358 3641 3408 attentasset.

2058 3460 2221 3520 atque
2250 3450 2338 3505 his
2367 3450 2528 3518 vulgo
2556 3449 2939 3519 plausibilibus
2974 3448 3246 3517 popularit
3268 3463 3306 3499 -r
3337 3446 3643 3501 buccinan-

2062 3543 2148 3597 dis
2202 3543 2610 3613 emnngentium
2640 3542 2869 3611 pecunia
2904 3541 3182 3596 credulam
3215 3540 3428 3609 plebem
3461 3546 3518 3592 et
3535 3538 3646 3591 lar-

2059 3651 2151 3706 gas
2173 3636 2576 3689 corradentinm
2611 3635 2840 3705 praedas,
2872 3651 2980 3704 quo
3003 3634 3183 3688 minus
3207 3634 3325 3687 illos
3349 3632 3646 3686 abstituros
3683 3678 3693 3687 .

2059 3736 2167 3782 tam
2203 3726 2321 3780 utili
2358 3726 2610 3795 privatim
2647 3736 2828 3795 coepto
2873 3735 2991 3781 erat
3042 3725 3357 3787 verisimile,
3407 3735 3643 3784 —cum,

2060 3820 2305 3890 inquam,
2355 3819 2470 3875 haec
2520 3819 2830 3889 intelligens
2882 3820 3156 3889 Augustus
3201 3815 3520 3871 formidaret
3575 3828 3645 3867 ne

2060 3921 2168 3967 tam
2227 3912 2647 3965 vehementibus
2700 3911 3032 3965 seditionum
3080 3909 3267 3963 ﬂabris
3311 3917 3513 3976 apertae
3553 3922 3643 3960 re-

2058 4003 2311 4058 bellionis
2339 4011 2395 4057 et
2422 4004 2545 4058 belli
2575 4003 2754 4058 civilis
2782 4003 3118 4068 incendium,
3145 4002 3425 4072 a’gerrime
3457 4007 3643 4069 postea

2059 4096 2525 4165 restinguendum.
2548 4094 2997 4159 inflammaretur,
3020 4094 3087 4148 ad
3118 4092 3481 4147 necessariam
3506 4104 3645 4158 prae-

2058 4185 2364 4242 cautionem
2399 4186 2525 4239 mali
2557 4185 2713 4255 tanti,
2741 4194 2900 4253 atque
2935 4184 3001 4238 ad
3029 4183 3417 4254 explorandam
3461 4181 3645 4249 inspe-

2061 4279 2243 4333 ctione
2273 4278 2529 4346 prazsenti
2551 4292 2741 4332 eorum
2776 4278 2941 4331 fidem
2969 4276 3167 4346 quibus
3216 4290 3324 4328 non
3370 4273 3503 4327 satis
3540 4271 3645 4325 sibi

2062 4370 2366 4441 perspectis
2392 4385 2546 4425 arces
2572 4378 2628 4424 et
2655 4369 2964 4439 provincias
2991 4367 3370 4430 commiserat,
3401 4367 3560 4420 istam
3586 4379 3646 4418 se

2065 4463 2457 4532 profectionem
2502 4440 2810 4532 suscepisse
2848 4464 3048 4519 deinde
3078 4461 3377 4517 declaravit
3409 4462 3646 4531 ipsemet

2069 4552 2320 4607 familiari
2351 4569 2606 4608 sermone
2657 4553 2954 4608 Athanasio
2995 4552 3366 4608 Alexandrino
3413 4549 3646 4620 patriar-

2063 4647 2197 4705 chze.
2232 4646 2376 4699 illius
2403 4654 2514 4698 tum
2548 4646 2649 4714 ipsi
2685 4646 2783 4700 vim:
2802 4645 3009 4709 comiti,
3042 4644 3385 4700 confidenter
3412 4642 3528 4695 viro
3551 4640 3645 4695 tali

2062 4752 2189 4791 suas
2222 4738 2387 4790 animi
2425 4738 2781 4807 aegritudines
2811 4748 2865 4791 et
2912 4753 3023 4791 non
3065 4751 3233 4790 vanos
3257 4744 3431 4789 metus
3471 4732 3648 4802 suspi-

2061 4828 2359 4897 cionesque
2385 4828 2659 4897 aperiens,
2692 4844 2811 4898 qum
2846 4829 2936 4882 ille
2968 4828 3196 4881 audiens
3220 4842 3328 4880 non
3363 4825 3649 4879 omittebat

2062 4935 2168 4988 qua
2200 4920 2806 4986 poteratcousolatione
2827 4920 3078 4974 delinire.
3097 4920 3268 4974 Porro
3296 4934 3360 4972 ex
3394 4917 3497 4971 isto
3523 4915 3645 4985 ipso

2062 5026 2163 5064 nos
2191 5011 2307 5066 haec
2332 5012 2861 5075 callemiAthanasio,
2910 5011 3100 5064 audita
3143 5020 3257 5064 tum
3304 5008 3407 5063 sibi
3453 5014 3640 5075 postea

2061 5102 2353 5168 referente,
2381 5102 2756 5172 cognOvimus.
2798 5102 3155 5170 Addvhatque
3205 5100 3309 5154 ista
3355 5099 3647 5155 occasione

2058 5208 2117 5248 se
2138 5194 2309 5248 oculis
2332 5210 2622 5263 usurpasse
2645 5173 3013 5249 miserrimum
3036 5192 3191 5261 plane
3208 5207 3273 5245 ac
3290 5189 3645 5245 meritissimo

2060 5286 2314 5357 praesenti
2347 5285 2511 5357 314
2539 5284 2851 5356 imperatori
2871 5284 3210 5355 deploratum
3236 5291 3435 5337 statum
3459 5280 3641 5352 regio-

2059 5393 2189 5433 num
2216 5378 2354 5434 ultra
2387 5378 2692 5449 Sangarim,
2724 5385 2970 5433 extrema
2988 5376 3241 5432 vastitate
3257 5375 3643 5431 desolatamm.

2060 5469 2260 5526 Verum
2283 5471 2384 5526 ista
2418 5486 2518 5525 nos
2540 5485 2759 5542 quoque
2785 5470 2961 5526 fusius
2981 5484 3344 5526 exsequemur
3372 5482 3474 5524 suo
3502 5467 3648 5523 loco.

2128 5627 2221 5684 28.
2278 5627 2350 5681 Dc
2401 5626 2650 5683 Ecclesia:
2712 5628 3024 5748 εεΙιὶεηιΙαρε,
3061 5635 3108 5680 et
3160 5624 3572 5695 Pantepoplenis

2706 5714 2892 5748 monac
2912 5714 2997 5748 ιη.

2706 5714 2997 5754 monucms.

2132 5834 2244 5893 lloc
2285 5849 2440 5909 porro
2469 5842 2706 5906 tempore
2743 5834 2933 5906 inquo
2990 5831 3285 5893 enarranda
3341 5845 3637 5898 versamur,
