3964 6522
319 368 425 432 769

1256 368 1353 429 DE
1394 365 1777 425 MICIIAELE
1837 362 2290 425 [‘.\L.EOLOGO
2333 368 2457 426 LIB
2522 369 2621 429 IV.

3446 371 3555 438 770

317 485 429 543 λεῖς
480 477 821 548 προέϐαινον,
887 479 1005 549 Ἐφ’
1049 475 1132 544 οἷς
1167 484 1217 533 οῖ
1252 479 1346 532 τοῦ
1382 478 1511 530 λαοῦ
1554 480 1687 547 πρὶς
1714 477 1878 528 αὐτον
1909 479 1954 533 Α
1983 491 2092 526 των
2123 475 2224 543 μὲν
2258 477 2653 547 εὐφημούντων
2680 476 2773 530 τδν
2800 478 3119 555 εὐεργέτην,
3155 480 3290 535 θεοῦ
3318 483 3362 536 δ’
3386 485 3550 540 ὑπισ-

316 574 466 641 ὃρκοι
494 572 590 622 καὶ
609 571 660 622 οἱ
681 571 780 639 τῆς
812 571 1140 636 Ἑκκλιισίας
1160 570 1419 638 ²ιτιγίνοντο.
1439 566 1879 635 Ἐτομογράφουν

312 663 371 715 δὲ
406 662 499 715 καὶ
530 663 581 715 οί
603 665 901 733 ἀρχιερεῖς,
926 663 1016 715 ὐπ’
1048 663 1357 732 ἀφορισμθιν
1400 660 1681 721 ποιοῦντες
1704 656 1792 708 τὸν
1821 655 1880 717 ὃς

316 754 413 804 καὶ
458 753 799 822 ἐπανασταίη
832 753 909 823 τῷ
941 753 1171 823 βασιλεῖ.
1218 749 1358 822 Εἶχε
1390 751 1494 821 γὰρ
1527 752 1606 813 είς
1639 747 1879 816 ὐποψίαν

313 845 437 906 τοὺς
476 844 739 912 ἀδελφοὺς
765 844 867 909 ἔτι,
900 847 994 898 καὶ
1031 845 1237 911 μᾶλλον
1269 845 1361 896 τδν
1394 842 1661 911 δεσπότην
1698 839 1881 892 Ἰωάν-

311 951 429 1001 νην,
455 933 589 987 πολύ
617 934 677 986 τὸ
702 934 903 1004 θερμὸν
928 936 1059 1005 παρ’
1091 934 1287 1003 ἐκείνῳ
1316 933 1528 1003 βλέπων
1560 933 1640 993 είς
1674 930 1875 999 μάχας,

308 1024 407 1077 καὶ⁵
444 1026 545 1095 τὴν
586 1026 719 1095 πρὸς
747 1027 952 1078 ἐκεῖνον
982 1027 1133 1096 παρά
1162 1028 1417 1079 ἁπάντων
1452 1024 1540 1076 διὰ
1567 1025 1627 1077 τὸ
1650 1025 1874 1092 εὐεργε-

308 1116 459 1167 τικὸν
501 1117 751 1186 καὶπρὸς
779 1118 878 1180 τὰς
929 1118 1105 1181 δόσεις
1165 1119 1458 1187 πρόχειρον
1488 1118 1599 1179 τοῖς
1632 1116 1877 1169 αἰτοῦσιν

309 1204 725 1269 ἀγαϐοϐέλειαν.
753 1208 917 1260 Οὐδὲν
943 1208 1051 1277 γὰρ
1069 1208 1209 1261 οὐτω
1229 1208 1407 1261 δουλοῖ
1439 1208 1536 1268 τὰς
1567 1207 1745 1275 ψυχὰς
1768 1208 1879 1268 τ’λῖς

306 1294 617 1359 ἀνθρώποις
639 1297 711 1359 ὠς
743 1298 775 1367 ἡ
810 1299 946 1367 μετά
978 1298 1201 1368 χάριτος
1231 1298 1470 1351 εὐποιία.
1505 1297 1624 1351 Κᾶν
1656 1297 1879 1366 ἀφέλοιο

307 1386 369 1436 τὺ
401 1388 750 1454 εὐεργετικὸν
802 1390 911 1442 τῶν
974 1390 1272 1459 ἀρχόντων,
1330 1390 1586 1460 εὑρήσεις
1633 1387 1876 1451 ἐκείνους

306 1475 650 1540 ἀλαλάζοντα
688 1480 969 1549 τύμπανα,
998 1480 1033 1534 ἀ
1068 1481 1274 1533 κτύπον
1308 1480 1521 1548 ἔχουσιν
1558 1483 1613 1532 ἐν
1640 1480 1716 1550 τῷ
1744 1480 1877 1549 μᾶλ-

308 1569 402 1619 λον
428 1563 571 1643 είκαι
592 1570 744 1625 κενά.
769 1570 924 1624 Οὕτω
954 1573 1048 1624 καὶ
1076 1570 1234 1639 λόγος
1260 1571 1389 1640 παρ’
1412 1572 1674 1641 ἄρχουσιν
1700 1571 1878 1640 ἄπρα-

305 1674 457 1722 κτος,
496 1662 748 1730 κρεῖττον
778 1659 838 1713 δν
872 1661 966 1713 τὸν
1016 1663 1314 1730 δυνάμενον
1365 1658 1423 1714 εὖ
1474 1664 1647 1713 ποιεῖν
1678 1664 1876 1730 πρᾶξιν

305 1749 456 1818 ἔχειν
482 1752 573 1803 τὸν
604 1752 760 1820 λόγον
792 1752 824 1824 ἠ
854 1753 1082 1821 λέγοντα
1117 1755 1278 1823 μόνον
1307 1756 1395 1808 τὸν
1428 1757 1665 1825 ἄρχοντα
1687 1756 1876 1824 ψεύδε-

306 1838 459 1891 σθαι.
493 1841 600 1894 Καὶ
629 1842 928 1912 μαρτύριον
959 1842 1187 1912 ἀψευδὲς
1227 1846 1278 1895 αί
1313 1845 1621 1913 ὼφελοῦσαι
1652 1846 1873 1914 βοτάναι

303 1931 404 1982 καὶ
436 1931 514 2000 τῷ
548 1933 649 2001 βίῳ
678 1935 785 1985 τῶν
806 1934 1109 2006 ἀνθρώπων
1142 1937 1429 2006 χρήσιμοι,
1458 1937 1513 1988 αἳ
1536 1938 1599 2007 δὴ
1636 1938 1877 2007 σιγηλῶς

302 2019 367 2071 τὸ
394 2020 639 2089 ὠφελοῦν
678 2022 759 2094 [Ρ.
787 2024 918 2096 216]
966 2026 1337 2095 προΐσχονται.
1390 2028 1451 2079 El
1482 2028 1537 2079 δέ
1588 2045 1738 2090 τινας
1780 2046 1871 2097 μι-

302 2113 582 2182 κρολόγως
609 2116 643 2184 ἡ
675 2116 782 2168 τῶν
808 2118 1105 2187 χρημάτων
1139 2119 1375 2171 ἀπουσία
1406 2120 1588 2183 λυπεῖ,
1615 2120 1874 2187 δειξάτω-

305 2221 408 2256 σαν
434 2207 633 2261 ἐκεῖνοι
656 2209 754 2278 τὴν
784 2209 1109 2280 παρουσίαν,
1144 2211 1194 2263 τί
1224 2212 1357 2278 πρδς
1392 2212 1588 2280 ἡδονὴν
1626 2213 1872 2282 συμϐάλ-

274 2296 480 2371 iam.
512 2298 621 2350 Καὶ
655 2301 704 2352 εί
730 2299 925 2371 ἡδονὴν
956 2301 1190 2371 ζητοῖεν,
1235 2302 1415 2370 πολλῴ
1448 2303 1668 2356 κάλλιον
1689 2304 1788 2373 τήν
1827 2305 1873 2357 τ’

301 2389 610 2443 ἐνεστῶσαν
645 2389 787 2461 ἔχειν
813 2394 906 2445 καὶ
940 2393 1037 2462 τὴν
1068 2393 1371 2463 μέλλουσαν
1400 2394 1671 2460 ἐλπίζειν,
1697 2396 1876 2453 ἁπάνο

302 2524 649 2593 maximeque
660 2525 895 2594 despotae
908 2526 1153 2593 Joannis,
1170 2543 1331 2596 quem
1344 2528 1409 2581 ad
1426 2528 1641 2597 quidvis
1653 2544 1876 2599 Speran-

312 2616 446 2669 dum
481 2619 691 2688 magnis
722 2620 940 2674 videbat
983 2622 1249 2684 praesidiis
1283 2622 1628 2689 instructum,
1660 2624 1877 2679 fortitu-

302 2706 463 2762 diuis
497 2710 701 2765 bellica:
733 2720 812 2765 tot
864 2713 1169 2781 [meliorum
1218 2715 1560 2769 successibus
1595 2726 1872 2785 spectatae,

303 2800 584 2870 studiique
610 2818 735 2873 erga
762 2816 885 2857 eum
940 2804 1193 2874 praecipui
1226 2807 1471 2859 omnium
1504 2816 1726 2877 propter
1758 2809 1875 2876 ejus

303 2890 873 2949 benevolentissimam
907 2894 1070 2965 320
1100 2896 1157 2951 in
1188 2896 1441 2953 donando
1475 2906 1529 2953 et
1557 2900 1820 2970 quidquid
1842 2915 1875 2955 a

276 2983 504 3052 quovis
557 2995 837 3056 r0garetur
880 2987 1088 3057 prolixe
1152 2987 1507 3058 gratiﬁcando
1544 2990 1870 3060 largitatem.

298 3075 437 3131 Nam
470 3077 607 3131 nihil
629 3078 709 3133 sic
746 3079 955 3134 animos
978 3080 1284 3134 mortalium
1316 3080 1633 3137 hominibus
1654 3083 1875 3152 subjicit

1981 565 2281 634 χνουμένου
2349 567 2409 618 τὸ
2441 566 2655 635 μέλλον.
2687 569 2955 622 Ἵστωσαν
3012 570 3056 623 δ’
3095 572 3178 624 ὅτι
3214 574 3553 645 Πτολεμαίου

1985 656 2089 724 μὲν
2120 658 2214 708 καὶ
2257 656 2605 728 Ἀλεξάνδρου
2634 661 2729 712 καὶ
2760 659 2854 712 τοῦ
2875 662 2971 730 τὴν
2991 660 3274 731 βασιλείαν
3308 668 3373 736 τῇ
3402 668 3556 740 εὐερ-

1980 744 2141 816 γεσίᾳ
2168 745 2443 815 ὁρίζοντος
2474 749 2572 816 (οὐ
2604 748 2713 817 γὰρ
2748 749 2856 818 ἔχω
2883 750 3066 819 λέγειν
3100 753 3364 825 τοῦνομα,
3392 756 3551 827 οἶμαι

1979 835 2057 897 δὲ,
2112 836 2269 898 Τῖτος
2311 832 2408 907 ἦν)
2473 837 2648 891 ταῦτα
2697 841 2763 893 τὰ
2796 842 3073 912 χρήματα,
3136 846 3203 897 δι’
3234 840 3308 900 ὧν
3336 850 3553 909 ἑαυτοῖς

1981 928 2455 996 προσποιήσαντες
2506 929 2606 998 τὴν
2664 931 2933 985 ἀθάνατον
2985 933 3238 990 εὔκλειαν
3296 940 3425 1006 ἡμῖν
3456 941 3553 993 καὶ

1980 1013 2133 1076 αὖθις
2168 1015 2391 1083 ἀφῆκαν
2428 1018 2597 1086 μηδὲν
2625 1018 3050 1089 δαπανήσαντες.
3082 1025 3190 1076 Καὶ
3220 1022 3372 1090 οὗτός
3403 1029 3553 1083 ἐστιν

1980 1105 2325 1175 ἀδαπάνητος
2382 1107 2633 1171 πλοῦτος,
2692 1111 2724 1173 ἡ
2778 1112 3014 1172 εὐποιία,
3062 1115 3129 1183 ἢν
3166 1118 3373 1179 ἐκεῖνος
3412 1119 3551 1187 ἔχων

1981 1198 2116 1265 πρὸς
2149 1198 2354 1260 πάντας
2377 1200 2471 1250 καὶ
2502 1200 2637 1269 ὑπὲρ
2661 1201 2898 1268 βασιλεῖς
2929 1204 3222 1269 ἐκλεῖζετο.
3244 1208 3407 1259 Ταῦτ’
3442 1212 3552 1280 ἄρα.

1981 1296 2073 1344 καὶ
2130 1295 2574 1365 ὐποπτευόμενος
2632 1298 2805 1349 πολλά
2843 1305 3137 1372 παρῃτεῖτο
3187 1304 3295 1355 τῶν
3356 1305 3548 1359 ὄντων.

1980 1383 2091 1450 Τὴν
2121 1382 2226 1450 γὰρ
2252 1383 2424 1453 ἀρχὴν
2457 1387 2782 1455 ὲνεχωρεῖτο
2797 1386 2972 1457 τούτῳ
3005 1389 3078 1457 μὴ
3098 1391 3178 1440 ὅτι
3213 1390 3554 1459 βαρδαρειώ-

1978 1490 2076 1534 τας
2099 1475 2190 1525 καὶ
2215 1474 2591 1544 κορτιναρίους
2618 1478 2776 1544 μόνον
2808 1480 2900 1529 καὶ
2921 1482 3046 1541 τούς
3068 1481 3157 1531 ἐπὶ
3180 1482 3272 1533 τοῦ
3300 1484 3552 1546 κοιτῶνος
3644 1490 3651 1497 ’

1979 1562 2144 1632 ἔχειν,
2208 1566 2299 1615 καί
2334 1581 2397 1632 γε
2450 1566 2576 1629 τοὺς
2623 1569 2715 1619 ἐπὶ
2744 1569 2840 1636 τῆς
2880 1571 3210 1640 εἰσαγωγῆς,
3238 1572 3329 1635 οὓς
3361 1574 3426 1644 δὴ
3458 1577 3553 1628 καὶ

1979 1654 2390 1725 ἑταιρειάρχους
2430 1657 2699 1725 λέγουσιν,
2734 1660 2869 1712 ἀλλά
2901 1678 2953 1712 τι
2993 1664 3084 1713 καὶ
3118 1662 3278 1715 πλέον
3320 1664 3429 1716 τῶν
3454 1666 3553 1734 τῆς

1982 1746 2269 1816 βασιλικῆς
2323 1749 2621 1816 θεραπείας
2658 1750 3139 1820 συνεπιφέρέσοαι.
3194 1755 3334 1807 Ἀλλ’
3371 1758 3451 1818 είς
3489 1756 3553 1809 τὸ

1979 1838 2216 1906 πρόσθεν
2275 1837 2367 1890 ίὼν
2423 1840 2722 1911 ἐξησοένει,
2757 1844 2823 1895 τὰ
2882 1844 2979 1912 μὲν
3004 1846 3167 1910 ἑκὼν,
3204 1846 3273 1898 τὰ
3325 1848 3369 1900 δ’
3402 1847 3551 1901 ἄκων

1978 1931 2527 1999 προσαφαιρούμενος
2551 1949 2563 1962 ·
2600 1936 2691 1985 καὶ
2727 1936 2834 2006 γὰρ
2888 1937 2978 1988 καὶ
3012 1938 3070 1989 τὸ
3107 1937 3240 1989 πολὺ
3272 1940 3365 2005 τῆς
3403 1942 3551 1991 obto-

1977 2018 2168 2085 νομίας
2199 2019 2465 2089 ἀφῄρητο.
2496 2023 2666 2090 Nicon
2695 2024 2799 2092 γὰρ
2827 2027 2995 2077 πᾶσαι
3023 2024 3081 2077 τὸ
3126 2028 3409 2095 πρότερον,
3444 2029 3552 2079 Μι-

1977 2108 2180 2180 τυλήνη
2206 2111 2348 2178 λέγω
2382 2112 2476 2164 καὶ
2517 2114 2714 2178 Ῥόδος,
2782 2116 2875 2167 καὶ
2916 2117 3054 2169 κατά
3100 2117 3201 2185 γῆν
3233 2120 3462 2171 πλεῖστά
3489 2136 3548 2171 τε

1979 2204 2072 2255 καὶ
2101 2204 2334 2272 μέγιστά
2369 2207 2419 2257 οί
2446 2208 2526 2270 είς
2551 2209 2799 2279 αὐτάρκη
2840 2211 3097 2278 πρόνοιαν
3142 2206 3301 2280 ἦσαν.
3327 2211 3459 2263 Τότε
3491 2211 3548 2264 δὲ

1980 2298 2074 2348 καὶ
2104 2299 2204 2365 τὴν
2231 2299 2473 2352 δουλείαν
2522 2301 2801 2369 ἐμφαίνων
2851 2304 2984 2369 πρὸς
3018 2304 3109 2356 τὸν
3163 2305 3359 2356 νεωστὶ
3389 2305 3547 2374 βασι-

1978 2386 2224 2452 λεύοντα,
2259 2392 2311 2443 εῖ
2341 2391 2442 2443 πού
2464 2410 2515 2444 τι
2552 2393 2642 2445 καὶ
2668 2394 2746 2456 είς
2772 2394 3087 2464 φιλοτιμίας
3114 2395 3269 2464 λόγον
3301 2397 3547 2466 χλαμύδα

1976 2520 2117 2576 alius
2156 2522 2376 2591 (nomen
2430 2542 2578 2581 nunc
2630 2544 2737 2581 non
2800 2529 3081 2598 occurrit),
3133 2534 3223 2599 qui
3260 2534 3547 2587 utilitatem

1979 2614 2318 2683 prinmpatus
2356 2618 2468 2671 sola
2494 2618 2784 2673 deﬁnicbat
2807 2619 3063 2676 facultate
3123 2623 3262 2677 bene
3299 2627 3547 2681 merendi

1978 2706 2045 2759 de
2098 2707 2413 2762 hominibus
2452 2709 2651 2778 (Titus,
2684 2712 2898 2781 opinor,
2956 2715 3002 2767 is
3059 2715 3205 2783 fuit),
3258 2732 3352 2771 eas
3404 2722 3549 2787 ipsas

1979 2797 2263 2865 pecunias.
2317 2800 2517 2868 quibus
2566 2802 2854 2871 largiendis
2910 2802 3214 2860 immortale
3265 2810 3547 2864 consecuti

1977 2898 2105 2942 sunt
2137 2890 2323 2957 decus,
2358 2891 2766 2964 inconsumptas
2793 2900 3026 2965 posteris
3055 2900 3339 2955 moriendo
3371 2910 3550 2958 trans-

1977 2979 2264 3041 miserunt.
2321 2996 2488 3036 unum
2520 2998 2585 3037 ex
2632 2984 2767 3054 ipsis
2796 2986 2985 3040 lucrati
3023 2987 3226 3042 bonum
3272 2990 3548 3044 inamissi-

1976 3066 2103 3134 bile,
2124 3068 2508 3125 beneﬁciorum
2533 3072 2729 3128 famam
2746 3085 3029 3129 aeternam.
3053 3077 3169 3141 Qua
3192 3078 3427 3133 Joannes
3449 3081 3545 3134 de-

305 3179 365 3225 ut
389 3170 745 3225 beneﬁcentia
776 3180 925 3241 grate
954 3187 1017 3227 ac
1046 3172 1338 3228 liberaliter
1397 3174 1670 3241 exercita;
1710 3191 1870 3242 quam

1976 3167 2129 3228 Spota
2156 3158 2264 3214 late
2285 3160 2464 3215 clarus
2476 3162 2633 3232 321
2655 3165 2798 3233 apud
2820 3181 3032 3229 omnes,
3058 3166 3180 3236 plus
3196 3168 3357 3222 etiam
3380 3186 3543 3239 qnam

301 3263 351 3317 si
397 3264 733 3334 princtpibus
770 3265 1078 3331 abstuleris,
1109 3266 1357 3322 invenias
1382 3266 1504 3321 illos
1542 3268 1690 3322 aliud
1729 3268 1868 3322 nihil

300 3358 407 3412 nisi
439 3368 689 3429 tympana
722 3358 1051 3423 resonantia,
1083 3374 1202 3429 qua:
1229 3373 1293 3413 eo
1324 3360 1445 3428 plus
1471 3368 1719 3429 strepunt
1765 3376 1872 3430 quo

301 3450 479 3519 magis
513 3461 639 3504 sunt
672 3466 863 3505 vacua.
893 3450 1096 3506 Horum
1127 3451 1272 3505 enim
1308 3451 1455 3505 inani
1505 3466 1639 3506 sono
1669 3452 1869 3506 similia

302 3554 432 3597 sunt
461 3543 724 3614 promissa
748 3543 1052 3613 principum
1078 3542 1275 3598 effectu
1296 3552 1557 3613 sequente
1588 3545 1868 3611 destituta,

303 3649 428 3689 cum
461 3635 651 3689 melius
674 3636 829 3706 longe
863 3635 955 3699 sit,
998 3650 1123 3689 eum
1155 3634 1246 3705 qui
1297 3644 1477 3704 potest
1508 3636 1684 3704 reipsa
1718 3638 1866 3700 dare,

303 3728 441 3781 nihil
465 3728 715 3792 dicendo,
751 3727 844 3782 sed
870 3727 987 3782 vice
1014 3727 1305 3783 verborum
1340 3743 1502 3796 opera
1533 3728 1865 3795 exhibendo,

303 3834 464 3889 quam
508 3820 851 3888 pollicentem
903 3836 1023 3888 quae
1087 3819 1310 3872 minime
1361 3819 1559 3873 deinde
1619 3830 1864 3889 praestet,

304 3911 608 3981 principem
664 3911 903 3967 mentiri.
951 3911 1124 3980 llujus
1153 3912 1229 3966 rei
1262 3911 1618 3966 manifestum
1678 3928 1868 3967 exem-

309 4009 459 4076 plum
500 4008 679 4061 videre
703 4016 785 4061 est
822 4006 877 4061 in
909 4007 1110 4075 herbis}
1135 4007 1359 4062 utilibus
1412 4009 1536 4061 vita:
1595 4008 1865 4073 humanae,

304 4098 635 4169 qurejuvant
674 4108 729 4152 et
767 4112 875 4153 non
914 4099 1209 4167 loquuntur
1258 4114 1557 4169 succosque
1618 4099 1869 4155 salubres

307 4195 476 4246 tacite
500 4191 976 4257 ministrantsuos,
1017 4205 1084 4244 co
1118 4189 1380 4260 gratiores
1402 4206 1508 4261 quo
1564 4191 1868 4261 simplicius

239 4343 249 4352 ,
303 4294 356 4339 et
386 4284 454 4337 ah
478 4282 771 4336 ambitione
800 4280 1123 4349 disjunctius
1154 4290 1402 4351 prosunt.
1435 4281 1638 4347 Quodsi
1670 4282 1867 4350 quibus

304 4387 465 4427 avare
485 4372 719 4427 sordidis
750 4372 895 4425 dolet
923 4372 1217 4441 ahjungere
1272 4388 1302 4425 a
1326 4388 1383 4426 se
1415 4374 1667 4427 donando
1698 4389 1867 4442 pecu-

1975 3250 2329 3319 imperatores
2379 3253 2504 3324 ipsi,
2537 3257 2952 3325 praedicabatur.
3002 3260 3138 3315 Hinc
3179 3259 3435 3318 videlicet
3486 3264 3543 3317 in

1971 3344 2311 3414 suspiciones
2336 3346 2647 3403 incurrebat
2670 3352 3045 3421 regnantium;
3076 3355 3274 3423 quibus
3320 3356 3394 3410 illi
3437 3359 3545 3411 sol-

1973 3438 2106 3492 liciti
2142 3440 2253 3493 aeri
2298 3456 2427 3496 cura
2476 3443 2867 3514 incumbebant
2922 3447 2987 3501 ad
3026 3448 3422 3503 detrahendum
3477 3451 3546 3505 de

1972 3529 2166 3597 Opibus
2193 3530 2310 3599 ejus
2337 3543 2640 3603 caeteraque
2670 3535 2860 3604 gloria,
2891 3546 3152 3605 quantum
3183 3538 3317 3592 citra
3372 3540 3548 3594 decla-

1973 3620 2071 3673 rati
2096 3622 2205 3674 odii
2242 3623 2517 3690 publicam
2551 3624 2946 3694 professionem
2971 3640 3214 3696 possent.
3251 3630 3386 3684 Cum
3407 3649 3538 3703 ergo

1973 3715 2242 3783 principio
2271 3730 2592 3770 concessum
2623 3717 2672 3771 ei
2706 3718 2897 3774 fuisset
2946 3736 3054 3774 non
3102 3722 3455 3779 Bardareotas
3489 3738 3542 3781 ct

1972 3802 2297 3857 cortinarios
2327 3805 2499 3858 solum
2548 3816 2613 3859 ac‘
2643 3808 2923 3876 praefectos
2968 3812 3201 3866 cubiculi
3262 3815 3459 3869 habere
3486 3817 3539 3870 in

1971 3896 2276 3951 ministerio
2317 3897 2635 3965 domestico,
2675 3901 2768 3954 sed
2809 3918 2861 3955 et
2911 3902 3348 3970 admissionales,
3402 3926 3541 3977 quos

1971 3988 2352 4043 heueriarehas
2386 3989 2596 4053 dicunt,
2650 4001 2705 4045 et
2743 3992 2787 4046 si
2822 3994 2951 4062 quid
2983 3994 3064 4049 his
3093 3998 3325 4064 amplius
3367 3999 3419 4051 in
3452 4016 3538 4053 re-

1971 4081 2058 4150 gio
2086 4081 2198 4135 fere
2229 4082 2484 4136 satellitio
2516 4095 2791 4149 censetur,
2820 4103 3146 4157 quocunque
3176 4089 3276 4143 iret
3308 4090 3540 4144 circum-

1969 4173 2170 4229 ducere
2204 4175 2373 4229 libere
2422 4177 2767 4245 permissum,
2814 4178 3073 4249 deinceps
3126 4181 3230 4235 ista
3287 4185 3537 4238 contrahi

1970 4266 2175 4319 sensim
2204 4281 2269 4319 ac
2315 4266 2565 4336 restringi
2610 4276 2785 4336 coepta
2818 4278 2969 4334 sunt,
3021 4270 3181 4325 modo
3232 4271 3333 4324 hoc
3378 4272 3540 4326 modo

1968 4357 2073 4411 alio
2102 4373 2167 4411 ex
2195 4358 2301 4413 illis
2360 4359 2628 4428 privatum
2683 4360 2999 4415 excedentis
3046 4362 3265 4415 modum
3312 4363 3540 4419 honoris

305 4463 474 4531 niani,
506 4463 709 4532 cujusa
731 4472 1024 4532 conspectu
1054 4471 1275 4518 remota:
1302 4463 1631 4518 desiderium
1660 4466 1867 4520 scilicet

1974 4452 2280 4521 insignibus
2326 4453 2541 4519 ablatis,
2580 4468 2726 4507 nunc
2776 4453 2914 4522 ipso,
2976 4455 3119 4523 quod
3160 4455 3228 4509 ita
3284 4458 3539 4525 expedire

303 4572 411 4611 non
448 4558 652 4624 ferunt,
690 4556 748 4624 ii,
778 4572 979 4627 quaeso,
1031 4557 1213 4611 dicant
1261 4574 1422 4628 quam
1458 4576 1635 4614 veram
1673 4572 1726 4615 ct
1758 4578 1864 4615 non

304 4647 675 4717 imaginariam
702 4648 1029 4718 voluptatem
1062 4664 1408 4703 nummorum
1441 4649 1573 4718 ipsis
1597 4653 1697 4705 sub
1739 4668 1868 4705 ocu-

304 4740 368 4795 lis
416 4750 471 4795 et
510 4742 563 4795 iu
601 4757 761 4795 manu
815 4740 1116 4810 positorum
1176 4742 1371 4796 all‘erat
1427 4743 1739 4810 prmsentia.
1808 4742 1864 4795 Si

303 4832 539 4903 gaudere
566 4842 836 4901 quzerunt,
883 4834 1026 4903 quod
1069 4834 1324 4903 gaudium
1365 4849 1428 4886 eo
1469 4835 1661 4901 majus,
1724 4835 1867 4902 quod

304 4924 386 4977 vel
417 4937 656 4992 praesens
678 4924 956 4993 largiendo
987 4924 1289 4993 percipitur
1320 4925 1403 4978 vel
1446 4936 1596 4978 certo
1623 4925 1747 4978 inde
1777 4939 1867 4978 se-

304 5026 557 5070 cuturum
618 5017 903 5084 speratur?
949 5015 1207 5070 Homines
1236 5016 1346 5084 jam
1395 5031 1541 5069 nunc
1588 5016 1867 5069 beneﬁciis

306 5107 485 5161 aﬁ'ecti
526 5107 899 5162 benefactorcs
943 5109 1424 5163 acclamationibus
1449 5108 1638 5163 faustis
1685 5108 1865 5162 laudi-

307 5200 517 5266 busque
555 5199 887 5253 dulcissimis
914 5200 1193 5253 cumulant
1227 5216 1240 5251 :
1277 5198 1416 5252 Deus
1472 5207 1649 5252 autem
1699 5200 1863 5253 etiam

306 5292 358 5343 in
390 5291 633 5344 futurum
665 5292 903 5361 ingentia
939 5304 995 5344 Se
1021 5304 1219 5360 repens
1262 5305 1380 5346 rum
1415 5290 1696 5343 beneficiis
1727 5305 1865 5358 prtr-

306 5388 410 5439 mia
442 5384 745 5439 conﬁrmat.
777 5384 963 5438 Sciant
991 5392 1171 5437 autem
1197 5383 1457 5452 ejusmoti
1500 5382 1711 5452 angusti
1749 5384 1865 5436 ani-

307 5476 377 5531 mi
415 5478 686 5545 principes
722 5492 887 5529 unum
920 5477 1079 5529 istum
1113 5475 1542 5544 ipsisfprOprium
1570 5483 1624 5527 et
1650 5490 1865 5545 semper

307 5585 621 5623 mansurum
640 5570 948 5622 ditiiarum
977 5568 1329 5622 consitutum
1359 5568 1615 5630 fructum,
1637 5568 1861 5637 gloriam

303 5678 420 5727 qua:
451 5678 513 5715 ex
546 5660 927 5714 distributione
956 5659 1192 5727 ipsarum
1228 5658 1279 5711 in
1313 5673 1499 5711 eorum
1546 5674 1742 5710 nomen
1773 5673 1861 5711 re-

301 5751 523 5808 dundat.
571 5750 701 5805 Nam
737 5750 934 5818 niinqui
970 5750 1286 5803 Ptolemaeus
1336 5749 1635 5803 Alexander
1677 5758 1730 5801 et
1774 5748 1861 5801 ille

1972 4549 2199 4602 sentiret
2224 4548 2441 4603 invidia:
2475 4548 2771 4617 placandae,
2806 4558 3000 4618 sponte
3033 4551 3345 4615 abdicante,
3391 4570 3539 4608 nunc

1966 4642 2201 4696 dominis
2262 4641 2346 4696 vel
2379 4642 2446 4696 ab
2507 4642 2678 4696 invito
2730 4643 3127 4698 auferentihus.
3186 4644 3328 4710 Quin
3372 4648 3538 4700 ctiam

1967 4735 2310 4803 splendorem
2363 4736 2482 4805 ejus
2516 4736 2810 4790 obscurare
2865 4736 3221 4791 domesticum
3260 4755 3365 4791 non
3403 4755 3538 4792 con-

1968 4828 2125 4891 tenti,
2172 4830 2451 4898 plerasque
2513 4829 2785 4883 attributae
2842 4830 2970 4882 olim
3018 4832 3305 4899 potestatis
3353 4841 3537 4900 partes

1970 4923 2230 4991 paulatim
2256 4923 2531 4991 carpendo
2560 4920 2932 4985 resumebant,
2982 4922 3142 4975 simul
3184 4922 3531 4991 dignitatem,

1966 5014 2127 5069 simul
2157 5014 2275 5083 ejus
2297 5013 2630 5068 sustinendis
2675 5013 3051 5079 fundamenta,
3106 5024 3402 5080 proventus
3439 5029 3534 5082 pe-

1966 5106 2141 5161 cunia:
2170 5121 2405 5170 annuos,
2440 5105 2792 5174 malignitatis
2840 5105 2949 5174 jam
2982 5106 3119 5158 male
3182 5105 3537 5159 dissimulant:

1966 5196 2185 5250 minime
2216 5196 2446 5250 obscura
2506 5194 2844 5266 grassatione
2899 5194 3229 5249 minuentes.
3286 5195 3432 5249 Data:
3455 5196 3533 5250 illi

1966 5287 2119 5356 prius
2149 5285 2341 5341 insulae
2379 5286 2596 5341 fuerant
2633 5286 2904 5354 pleraeque
2934 5300 3035 5339 nec
3067 5301 3255 5354 parum
3315 5287 3531 5354 uberes,

1965 5378 2237 5449 Mitylene,
2264 5378 2509 5445 inquam,
2541 5386 2595 5429 et
2632 5375 2856 5430 Rhodus
2899 5375 3149 5445 aliaeque,
3184 5387 3296 5431 tum
3328 5378 3379 5430 in
3410 5394 3536 5432 con.

1966 5472 2160 5528 tinenti
2218 5470 2448 5540 plurima
2509 5470 2856 5537 maximaque
2918 5470 3216 5535 territoria,
3278 5470 3421 5524 unde
3456 5470 3533 5526 illi

1969 5565 2250 5620 mercedes
2285 5563 2352 5616 ad
2387 5562 2586 5616 victum
2612 5570 3001 5631 sumptumque
3033 5571 3287 5616 caeterum
3315 5564 3537 5631 amplis-

1969 5659 2117 5712 simae
2149 5656 2409 5711 redirent.
2456 5652 2683 5707 Cunctis
2719 5654 2868 5707 hisce
2917 5654 3171 5722 demptis,
3226 5670 3332 5707 non
3374 5656 3535 5708 modo

1965 5752 2019 5805 in
2050 5748 2317 5811 ordinem,
2341 5746 2435 5801 sed
2475 5745 2606 5800 etin
2640 5754 2748 5800 tam
2778 5747 3035 5800 miserum
3070 5745 3343 5801 servitutis
3373 5747 3533 5801 reda-
