3964 6558
478 394 584 463 771

1684 398 2003 458 GEORGII
2046 398 2522 460 PACHYMERE

3563 414 3652 479 772

478 505 633 573 παρὰ
665 499 927 572 βασιλέως
969 499 1264 570 ἐλάμϐανε,
1319 500 1492 570 μέγας
1523 499 1599 553 ὣν
1652 506 1870 574 μικροῖς
1915 492 2043 573 ίμα-
2074 509 2118 563 Α
2146 504 2258 559 ὄντι
2305 508 2494 576 χρόνος
2529 490 2775 578 ἐτρίϐετο
2805 508 3075 576 πλεῖστος,
3107 509 3206 564 οὐκ
3239 504 3333 564 οἶδ’
3357 512 3383 566 ὅ
3410 532 3457 569 τι
3485 521 3665 576 milium

476 595 613 657 τίσις
649 594 744 647 καὶ
771 593 850 654 εἰς
882 592 1010 659 γόνυ
1044 592 1193 662 μόλις
1239 593 1671 662 περιεστέλλετο,
1709 598 1803 648 καὶ
1835 596 1862 647 ὁ
1892 596 2041 666 ἥρως

479 689 686 747 ἐκεῖνος
717 687 809 736 ἐπὶ
861 683 969 736 τῶν
1006 684 1321 754 ἀνακτόρων
1354 684 1487 737 πολὺ
1522 685 1680 738 πλέον
1708 690 1828 749 ταῖς
1864 687 2040 739 παιδι⁴

473 782 594 841 καῖς
618 776 952 847 ἀμπεχόναις
982 776 1331 846 ἐνηγλαῒζετο
1363 776 1395 845 ἢ
1432 779 1544 840 τοῖς
1578 777 1727 841 ἰδίοις
1776 780 1869 831 καὶ
1900 779 2042 831 κατὰ

470 874 670 944 τρόπον
700 872 793 925 τοῦ
823 871 1075 940 σώματος
1105 872 1338 941 ἔχουσιν.
1375 870 1562 935 Οὕτως
1598 872 1802 935 ἐκεῖνος
1835 872 1897 924 ὲκ
1930 871 2041 924 τῶν

472 967 577 1031 ἔξω
595 967 689 1019 καὶ
709 964 791 1028 οἷς
811 964 1007 1027 ἐποίει,
1034 966 1131 1033 τὴν
1154 964 1301 1019 ἔνδον
1325 965 1567 1017 διάθεσιν
1590 964 1682 1016 καὶ
1701 963 1737 1016 ἃ
1766 964 2042 1032 ἐλογίζετο

471 1058 892 1126 παρενέφαινεν,
915 1057 1051 1109 ὅπου
1083 1056 1177 1108 καὶ
1211 1055 1381 1126 αὐτὴν
1409 1055 1473 1124 δὴ
1501 1056 1598 1126 τὴν
1623 1054 1711 1106 διὰ
1741 1056 2042 1127 μαργάρων

468 1150 917 1220 καλύπτρανῖκαὶ
952 1149 1020 1204 τὰ
1053 1148 1321 1215 όξύλευκοι
1368 1149 1673 1220 παράσημα
1708 1148 2038 1214 ἀπεϐάλετο,

467 1242 611 1295 κατὰ
646 1241 845 1311 τρόπον
879 1241 936 1306 ὃς
992 1240 1086 1294 καὶ
1148 1241 1266 1310 μετ’
1319 1241 1380 1293 ού
1422 1239 1557 1292 πολὺ
1624 1241 1942 1310 ῥηθήσεται,
1976 1237 2039 1289 τὸ

468 1333 723 1388 ταπεινὸν
747 1332 928 1403 ἐαυτῷ
958 1333 1206 1403 προνοῶν
1236 1331 1325 1386 διὰ
1357 1331 1418 1385 τὸ
1450 1331 1660 1385 ἐκεῖθεν
1681 1330 1919 1401 ἀσφαλὲς
1943 1329 2038 1383 καὶ

468 1426 649 1495 πάσης
686 1441 825 1494 καχυ
838 1424 1028 1491 ποψίας
1058 1424 1349 1494 ἀνώτερον.

466 1538 530 1598 λ’,
567 1540 677 1594 Τοῦ
703 1536 969 1608 μεγάλου
998 1539 1417 1593 κονοσταὺλου
1450 1536 1561 1608 τοῦ
1598 1533 2035 1608 Ταρχανειώτοιι

533 1605 825 1676 πρὸςτόν
867 1608 1155 1676 ,πενθερὸν
1217 1608 1405 1662 αὐτοῦ
1447 1606 1724 1673 Ἰωάννην
1795 1605 2041 1671 αὐτομό-

534 1684 737 1732 dumo.

576 1696 737 1746 ησις.

2156 596 2229 660 ὡς
2265 599 2307 650 δ’
2332 601 2359 651 ὁ
2386 600 2492 652 τῶν
2529 601 2738 652 πολλῶν
2761 601 2917 668 λόγος
2948 603 3082 671 ἔχει,
3131 604 3209 671 τῷ
3240 605 3441 676 ἁδελφῷ
3483 612 3671 680 Μιχαὴλ

2154 690 2365 760 ὑστέρῳ
2408 708 2471 757 γε
2508 692 2618 744 ὄντι
2651 693 2815 743 αὑτοῦ
2852 694 2931 753 είς
2968 694 3141 760 μέγαν
3183 697 3486 763 δομέστικον
3529 719 3671 757 κατα-

2156 782 2342 834 στάντι
2369 783 2608 849 ὲγκοτῶν
2641 787 2909 849 ἐκτόπως,
2945 786 3010 837 δι’
3034 787 3200 839 αὐτὸν
3232 789 3288 840 δὲ
3315 793 3404 842 καὶ
3443 795 3512 861 τῷ
3539 801 3672 867 τιμή-

2155 890 2330 936 σαντι,
2357 874 2551 944 βουλὴν
2571 876 2882 945 βουλεύεται
2901 877 3019 930 λίαν
3042 881 3272 950 αἰσχρὰν
3297 885 3386 934 καὶ
3405 884 3490 936 τοῦ
3512 887 3676 954 γένους

2151 965 2397 1031 ἀναξίαν.
2435 966 2530 1028 Εἰς
2557 966 2682 1020 νοῦν
2712 968 2819 1037 γὰρ
2853 969 3180 1038 βαλλόμενος
3212 974 3520 1041 αὐτομολεῖν
3561 980 3676 1048 πρὸς

2151 1056 2242 1110 τὸν
2275 1058 2557 1129 πενθερὸν,
2579 1062 2697 1112 ἐπεὶ
2727 1063 2783 1113 ὲν
2815 1064 3147 1116 καταστάσει
3179 1064 3286 1116 τῶν
3310 1068 3420 1117 ἐκεῖ
3444 1072 3675 1137 πραγμά-

2150 1167 2259 1204 των
2293 1151 2461 1205 ὖντων
2482 1153 2582 1205 οὐκ
2613 1154 2821 1207 ἀνυστά
2850 1156 2897 1207 oi
2940 1156 3009 1208 τὰ
3042 1156 3141 1225 τῆς
3175 1158 3489 1224 αὐτομολίας
3508 1161 3678 1226 διέγνω

2151 1240 2459 1309 γίγνεσθαι,
2520 1244 2620 1313 τὴν
2681 1246 2771 1297 ἐπὶ
2829 1246 2928 1313 τῆς
2976 1247 3183 1316 πέτρας
3212 1249 3413 1318 σηπίην
3440 1255 3675 1319 μιμεῖται.

2160 1334 2374 1402 Ἐκείνη
2406 1335 2516 1401 γὰρ
2559 1336 2691 1405 (καὶ
2728 1337 2914 1388 σιωπῶ
2946 1337 3035 1388 τὸν
3068 1339 3295 1404 φυσικὸν
3337 1338 3486 1407 λόγον
3509 1342 3597 1411 οὺχ
3616 1344 3679 1406 ὡς

2149 1421 2429 1490 ὲξέρασμα
2450 1422 2511 1473 τὸ
2546 1423 2711 1490 μέλαν
2744 1424 3054 1492 δεχόμενον,
3089 1427 3202 1478 ἀλλ’
3233 1428 3483 1481 ἀκούσιον
3507 1432 3679 1502 διαχώ-

2155 1529 2306 1582 ρημα
2341 1512 2467 1583 ῥυὲν
2501 1514 2763 1582 ἐξαίφνης
2797 1517 2874 1584 τῷ
2910 1516 3061 1587 φόϐῳ
3118 1518 3536 1588 συστελλομένης
3562 1523 3682 1574 καθ-

2152 1603 2379 1670 εκτικῆς
2412 1605 2718 1673 δυνάμεως,
2751 1600 2792 1672 ᾧ
2824 1607 2888 1676 δὴ
2922 1612 3013 1660 καὶ
3042 1612 3449 1677 συμϐεϐηκότος
3478 1613 3532 1663 τὸ
3566 1615 3683 1675 ζῶον

2147 1697 2226 1755 είς
2241 1694 2492 1763 βοήθειαν
2507 1696 2708 1766 χρῆται
2730 1699 2821 1750 καὶ
2839 1699 3128 1768 ἀποφυγὴν
3151 1702 3257 1753 τῶν
3274 1702 3503 1769 δεινῶνι,
3522 1705 3684 1775 ἐκείνη

536 1792 621 1865 [Ρ.
645 1792 775 1864 217]
813 1792 972 1845 Ἀλλὰ
1004 1792 1271 1861 πρότερον
1292 1791 1326 1863 ἢ
1348 1789 1505 1844 τοῦτο
1535 1789 1788 1861 ῥηθῆναι,
1807 1788 1865 1842 τὺ
1895 1787 2037 1840 κατὰ
2066 1814 2111 1871 Β
2146 1787 2323 1839 τοίνυν
2358 1786 2590 1875 θέλουσα
2619 1790 2843 1857 φεύγειν
2873 1791 2998 1854 τοὺς
3023 1792 3264 1862 θηρατάς
3303 1792 3486 1863 ἐξεμεῖ
3514 1796 3571 1848 τὸ
3599 1798 3683 1865 μά-

462 1886 554 1939 τδν
588 1886 761 1956 μέγαν
791 1884 1148 1937 κονοσταῦλον
1179 1884 1269 1937 τὸν
1305 1883 1728 1954 Ταρχανειώτην
1767 1880 2036 1951 Ἀνδρόνι-

463 1994 558 2029 κον
583 1977 678 2029 καὶ
712 1976 931 2044 ἀνεψιὸν
961 1974 1052 2028 τοῦ
1084 1973 1412 2045 κρατοῦντος
1459 1972 1727 2041 λεγέσθω.
1791 1971 2035 2038 Ἔφθασε

469 2067 569 2135 μὲν
595 2067 622 2118 ό
647 2065 803 2133 λόγος
837 2066 931 2117 καὶ
959 2065 1209 2134 γαμϐρὸν
1238 2064 1488 2130 ἀπέδειξε
1517 2064 1704 2116 τοῦτον
1738 2063 1829 2115 τοῦ
1861 2061 2036 2114 Δούκα

471 2156 720 2209 Ἰωάννου
744 2156 837 2208 καὶ
860 2154 918 2218 ἐξ
942 2155 1269 2224 ἀξιωμάτων
1294 2155 1818 2225 σεϐαστοκράτορος.
1848 2152 2035 2223 Τούτῳ

458 2248 637 2300 τοίνυν
671 2247 737 2299 τά
770 2248 909 2299 κατὰ
948 2248 1047 2315 τὴν
1089 2246 1410 2316 Ὀρεστιάδα
1443 2262 1502 2298 τε
1546 2247 1638 2299 καὶ
1683 2246 1753 2298 τὰ
1782 2245 2034 2314 ἐνδότερα

457 2338 551 2392 τοῦ
582 2336 753 2409 Αἴμου
807 2328 1234 2406 ἐκτετράφατο,
1287 2340 1380 2392 καὶ
1407 2331 1476 2408 ἦν
1523 2337 1673 2407 αὐτῷ
1714 2336 1930 2407 σύναμα
1964 2339 2031 2406 τῇ

460 2432 685 2499 γυναικὶ
715 2429 957 2500 κάθιτμα
984 2431 1017 2500 ὴ
1061 2428 1523 2499 ’Δδριανούπολις.
1568 2427 1657 2492 Ὧς
1693 2429 1824 2497 γοῦν
1850 2430 2031 2482 ἐκεῖσε

466 2614 589 2661 ctus
614 2614 698 2661 est
715 2605 962 2675 gradum,
1002 2606 1260 2675 utpalam
1288 2607 1398 2675 jam
1446 2617 1762 2660 cerneretur
1821 2605 2030 2661 ambire

458 2698 634 2752 aulica
660 2697 946 2753 sedulitate
977 2699 1277 2766 Augustum
1313 2696 1609 2765 juniorem,
1646 2712 1709 2751 ac
1738 2699 1782 2751 si
1812 2697 2029 2766 quando

456 2791 508 2845 is
542 2790 670 2860 ipsi,
702 2789 848 2844 velut
892 2790 946 2842 in
975 2788 1255 2856 prmmium
1288 2789 1565 2858 obsequii,
1599 2790 1833 2858 aliquam
1862 2805 1891 2843 e
1914 2789 2028 2843 suis

454 2883 792 2955 chlamydem
824 2884 1073 2949 donaret,
1098 2892 1412 2938 reverenter
1441 2884 1713 2952 acciperet
1742 2882 2026 2937 indueret-

457 2996 586 3050 que,
650 2979 754 3034 etsi
781 2994 869 3046 ea,
929 2979 1129 3049 quippe
1180 2980 1248 3032 ad
1309 2981 1536 3033 formam
1580 2979 1817 3033 nondum
1867 2978 2023 3047 plene

458 3074 630 3127 adulti
658 3074 937 3141 aquuata
996 3074 1264 3142 corporis,
1320 3075 1461 3139 viro,
1497 3075 1674 3143 qualis
1727 3084 1844 3129 erat
1884 3074 2021 3144 ipse,

2141 1876 2238 1927 λαν
2300 1880 2395 1928 καὶ
2458 1877 2549 1930 τὸν
2605 1879 2802 1932 πόντον
2856 1882 3096 1950 συγχέει,
3149 1886 3241 1936 καὶ
3271 1883 3413 1936 οὕτω
3446 1886 3592 1955 dadis
3624 1892 3681 1957 τῇ

2138 1965 2223 2039 [Ρ.
2245 1967 2374 2039 218]
2406 1970 2669 2042 φυγαδείᾳ
2704 1972 2928 2041 χρῆται.
2988 1975 3252 2036 Κάκεῖνος
3281 1980 3500 2046 συγχεῖν
3534 1978 3684 2033 θέλων

2134 2063 2205 2112 τὰ
2239 2062 2542 2131 πράγματα
2573 2063 2647 2124 ὡς
2687 2065 3090 2135 βοηθησόμενος
3121 2069 3259 2138 πρὸς
3286 2070 3387 2139 τὴν
3421 2070 3587 2140 φυγὴν
3626 2076 3681 2142 τῇ

2138 2152 2416 2223 συγχύσει,
2452 2153 2713 2225 Τοχάρων
2744 2155 2983 2223 ἐξελθεῖν
3009 2160 3168 2227 γένος
3204 2161 3623 2228 παρασκευάζει,
3641 2165 3682 2216 οῖ

2136 2246 2229 2298 καὶ
2260 2245 2517 2312 φανέντες
2548 2248 2647 2314 τὴν
2677 2248 2782 2317 γῆν
2805 2251 2985 2329 πᾶσαν
3014 2252 3237 2319 ἐκείνην
3262 2253 3486 2306 ὲπέθεον
3505 2255 3573 2316 ὡς
3599 2257 3682 2309 ἐπὶ

2134 2335 2317 2406 κέρδει
2356 2337 2777 2407 συγκληθέντες.
2815 2341 2882 2392 Ἀ
2903 2341 3083 2394 τοίνυν
3110 2345 3307 2397 ἐκεῖνοι
3350 2345 3411 2397 τὺ
3448 2348 3682 2414 τηνικάδε

2134 2428 2263 2489 τοὺς
2288 2428 2615 2499 ἀνθρώπους
2636 2430 2899 2500 ΐδρισαν,
2926 2433 3065 2486 ίδίαν
3097 2437 3321 2489 ἀπαιτεῖ
3344 2438 3534 2509 σχολὴν
3565 2439 3678 2510 πρὸς

2133 2617 2377 2678 tempore
2407 2617 2672 2673 versatus,
2707 2620 2929 2680 repente
2954 2613 3139 2668 nescio
3185 2614 3316 2683 quid
3380 2631 3588 2685 passus,
3630 2625 3681 2671 ut

2131 2717 2260 2755 vero
2290 2701 2533 2771 plerique
2560 2701 2733 2763 aiunt.
2784 2704 2969 2758 audita
3026 2707 3367 2774 promotione
3423 2709 3680 2763 Michaelis

2130 2792 2317 2846 fratris
2350 2792 2436 2846 sui
2467 2791 2696 2848 minoris
2727 2793 2784 2848 in
2816 2795 3134 2864 dignitatem
3181 2799 3363 2869 magni
3394 2800 3678 2861 domestici,

2126 2884 2526 2940 incredibiliter
2578 2885 2819 2941 offensus
2870 2896 2978 2941 tam
3016 2889 3118 2958 ipsi
3150 2907 3309 2959 quam
3351 2893 3405 2946 ei
3454 2907 3484 2946 a
3515 2908 3613 2961 quo
3640 2893 3681 2945 is

2130 2977 2307 3032 fuerat
2337 2978 2391 3031 in
2430 2979 2594 3033 istum
2631 2989 2856 3034 evectus
2910 2981 3162 3050 gradum,
3214 2983 3279 3037 ad
3315 2984 3679 3053 cogitationem

2128 3071 2283 3124 valde
2315 3070 2733 3139 vituperabilem
2766 3080 2820 3125 et
2848 3088 3048 3141 genere
3081 3073 3360 3144 indignam
3387 3090 3488 3128 suo
3523 3074 3682 3146 appli-

462 3166 717 3235 perfectzn
755 3166 926 3220 :etatis
958 3175 1290 3235 statumque
1320 3167 1532 3221 altioris
1556 3182 1744 3236 parum
1767 3166 2029 3221 conveni-
2057 3171 2099 3226 (ζ
2133 3171 2219 3216 eat
2269 3164 2532 3227 animum,
2597 3163 2886 3217 consilium
2939 3162 3119 3219 iniens
3174 3164 3569 3238 trausfngiendi
3625 3165 3682 3218 ad

456 3267 559 3311 ret.
595 3258 734 3326 Ergo
767 3257 979 3311 rideres
1014 3258 1177 3311 heroa
1232 3258 1383 3312 illum
1418 3267 1627 3312 tantum
1674 3274 1770 3327 per
1825 3260 2024 3331 regiam

457 3348 646 3403 fratris
673 3348 849 3403 aulam
882 3348 1056 3402 curtis
1097 3358 1150 3403 et
1177 3350 1394 3420 paulum
1447 3350 1610 3404 mrdo
1638 3352 2027 3407 excedentibus

456 3439 753 3508 puerilium
800 3455 1111 3495 mensuram
1165 3441 1472 3496 tunicarum
1506 3457 1757 3513 :egreque
1812 3443 1883 3497 ad
1930 3460 2023 3513 ge-

458 3548 569 3586 nua
608 3531 899 3602 promissis
934 3547 1058 3587 sese
1086 3535 1258 3588 multo
1295 3535 1472 3603 majus
1529 3550 1593 3589 ac
1623 3535 1880 3589 libentius
1934 3552 2025 3590 os—

462 3635 675 3680 tentare
704 3626 950 3680 vestibus
1010 3643 1172 3696 quam
1226 3629 1460 3698 propriis
1506 3645 1537 3682 e
1585 3646 1682 3685 suo
1727 3631 2027 3687 domestico

460 3718 825 3788 depromptis,
859 3734 1064 3788 suoque
1092 3720 1344 3775 videlicet
1376 3723 1548 3792 ipsius
1571 3723 1838 3793 adaptatis
1866 3725 2027 3777 modo

455 3810 718 3878 corporis.
749 3810 837 3865 Sic
862 3810 972 3876 ille,
1005 3828 1109 3881 qua
1142 3812 1301 3882 322
1331 3815 1549 3880 penitus
1582 3823 1721 3869 esset
1758 3814 1813 3867 in
1845 3813 2026 3867 animo

456 3901 701 3965 alii-rtus,
736 3904 1035 3958 modestam
1092 3903 1345 3971 fastuque
1379 3904 1717 3973 superiorem
1753 3902 1901 3956 omni
1931 3905 2028 3958 de-

457 3994 774 4048 missionem
802 3996 988 4049 habitu
1021 3997 1282 4065 facisque
1319 3998 1584 4065 gaudebat
1627 3997 1870 4051 exterius
1900 4011 2026 4066 pro-

455 4086 622 4138 ferre.
658 4085 776 4151 Quo
810 4085 863 4139 in
898 4102 1100 4154 genere
1144 4096 1355 4158 tegmen
1388 4103 1607 4158 quoque
1650 4089 1847 4159 capitis
1877 4105 2023 4142 mar—

459 4179 646 4248 garitis
682 4180 996 4234 distinctum
1051 4192 1105 4234 et
1130 4196 1192 4234 ex
1254 4196 1411 4235 roseo
1452 4183 1738 4236 candentia
1774 4182 2026 4253 deposuit

450 4267 683 4337 insignia
712 4271 853 4322 ultro
882 4284 946 4323 ac
971 4270 1180 4332 volens,
1220 4279 1279 4323 ut
1311 4270 1468 4338 paulo
1497 4280 1618 4338 post
1648 4272 1877 4337 dicetur,
1924 4272 2024 4325 ob-

458 4353 727 4420 sequiosar
763 4353 1043 4407 modestiae
1090 4354 1373 4415 instinctu,
1412 4353 1674 4407 humilem
1723 4354 1777 4407 in
1808 4370 1867 4407 se
1889 4370 2018 4423 spe-

449 4444 585 4497 ciem
625 4444 888 4498 affectans
918 4453 1140 4513 propter
1185 4452 1458 4513 Speratam
1511 4460 1576 4497 ex
1628 4460 1691 4498 ea
1746 4445 2013 4499 securita-

2130 3269 2401 3308 socerum.
2468 3255 2602 3319 Quia
2657 3271 2787 3310 vero
2846 3257 3158 3327 tranquillo.
3216 3268 3273 3311 ut
3335 3270 3468 3313 tunc
3525 3267 3680 3319 erant,

2130 3360 2313 3398 rerum
2347 3354 2491 3398 statu
2529 3356 2645 3400 tuto
2674 3358 2834 3416 atque
2860 3348 3081 3418 impune
3116 3350 3169 3404 id
3199 3366 3256 3404 se
3301 3350 3483 3405 facere
3536 3366 3683 3421 posse

2128 3439 2474 3508 desperabat,
2508 3455 2615 3508 quo
2646 3440 2695 3494 ei
2739 3456 2805 3495 ex
2860 3441 3126 3496 sententia
3176 3441 3460 3512 negotium
3511 3457 3685 3496 succe-

2127 3529 2300 3591 deret,
2341 3529 2546 3597 sepiam
2590 3531 2883 3585 merentem
2943 3541 3111 3600 petrae
3176 3532 3277 3585 sibi
3332 3533 3543 3601 putavit
3577 3530 3685 3584 imi-

2130 3619 2369 3672 tandam.
2389 3620 2461 3673 De
2492 3621 2652 3690 hujus
2679 3623 2943 3690 aquatica:
2976 3622 3268 3676 animantis
3296 3632 3495 3676 natura
3524 3621 3684 3676 brevi-

2127 3718 2210 3763 ter
2226 3710 2407 3765 dicere
2424 3727 2533 3766 non
2557 3712 2767 3774 omitto,
2794 3713 2936 3781 quod
2962 3713 3053 3781 qui
3073 3714 3442 3767 observarunt
3472 3712 3684 3779 diligen-

2129 3800 2256 3865 tius,
2295 3803 2517 3857 tradunt
2548 3819 2656 3857 non
2685 3820 2805 3858 esse
2842 3804 3298 3859 illiatramentum
3330 3805 3386 3858 in
3408 3813 3684 3874 potestate,

2125 3894 2279 3962 quasi
2312 3894 2363 3948 id
2403 3904 2597 3964 sponte
2626 3910 2746 3948 cum
2781 3897 2896 3950 vu‘t
2918 3906 3151 3961 evomat,
3185 3897 3277 3951 sed
3308 3907 3496 3952 atrum
3537 3898 3684 3950 istum

2124 3984 2391 4053 liquorem
2427 3986 2590 4053 piscis
2622 3987 2783 4055 hujus
2811 3987 3113 4042 visceribus
3145 4001 3478 4059 conceptum
3506 4003 3681 4043 excre-

2123 4085 2369 4130 mentum
2402 4077 2505 4147 ipsi
2540 4078 2700 4149 323
2734 4096 2875 4143 esse,
2926 4081 3069 4148 quod
3100 4097 3164 4135 ex
3216 4084 3524 4137 contractis
3554 4092 3684 4135 metu

2123 4168 2325 4222 inﬁrmi
2356 4178 2410 4223 et
2458 4168 2801 4235 formidolosi
2869 4171 3181 4225 animalculi
3208 4175 3476 4227 membris
3508 4188 3677 4227 neres-

2123 4258 2269 4313 sario
2301 4258 2634 4313 eil‘undatur.
2662 4260 2891 4314 Ᾱδιιιιίιιξ
2923 4277 3085 4330 porro
3112 4261 3267 4330 quasi
3324 4262 3546 4316 cuidam
3578 4262 3683 4327 ejus

2124 4352 2403 4413 tribuitur,
2451 4351 2595 4421 quod
2638 4352 2809 4421 ipsam
2865 4354 3241 4409 necessitatem
3285 4356 3441 4409 velut
3478 4369 3682 4409 vertens

2120 4442 2175 4496 in
2225 4442 2536 4505 consilium,
2587 4443 2697 4497 ista
2726 4442 3024 4498 suil‘usione
3051 4443 3276 4513 liquoris
3308 4446 3416 4499 atri
3460 4450 3681 4500 saiutem

450 4547 563 4590 tem
595 4546 652 4591 et
714 4537 979 4591 malarum
1031 4538 1100 4591 de
1131 4552 1190 4591 se
1251 4537 1624 4606 suspicionum
1670 4537 2017 4593 abolitionem
2052 4544 2096 4601 ι)
2124 4533 2442 4602 plerumque
2465 4532 2568 4587 sibi
2605 4532 2844 4599 conficit,
2882 4550 3075 4587 manus
3121 4533 3200 4588 sic
3225 4534 3503 4604 effugiens
3539 4552 3677 4602 pren-

448 4630 686 4699 plenam.

448 4787 539 4842 50.
564 4784 1058 4856 Magniconostauli
1084 4785 1450 4841 Turchaniota:
1480 4785 1547 4840 ad
1565 4785 1821 4841 Joannem
1849 4788 2010 4854 ipsius

872 4873 1111 4910 socerum
1139 4856 1517 4926 transfugium.

521 4995 626 5051 Sed
657 4995 760 5049 ista
800 4995 1118 5072 priusquam
1170 4991 1483 5056 referimus,
1528 4994 1596 5049 de
1622 5010 1819 5065 magno
1845 5010 2011 5050 cono-

448 5090 628 5147 staulo
659 5087 971 5141 Andronico
1002 5084 1365 5139 Tarcbaniota
1390 5086 1592 5140 sororis
1644 5087 1870 5158 Augusti
1903 5088 2010 5142 ﬁlio

447 5185 679 5238 dicatur.
716 5181 867 5233 Hunc
890 5178 1052 5246 paulo
1085 5178 1341 5247 superius
1374 5178 1713 5233 narravimus
1751 5195 2009 5250 generum

446 5274 617 5330 fuisse
651 5272 853 5326 iactum
882 5270 1038 5323 ducis
1062 5267 1308 5336 Joannis,
1346 5269 1608 5339 dignitate
1665 5271 2005 5326 sebasmera-

446 5368 623 5423 toris:
657 5380 818 5434 porro
846 5363 1023 5417 eidem
1059 5370 1183 5431 post
1234 5363 1367 5417 istas
1391 5363 1609 5430 nuptias
1651 5363 1855 5417 credita
1890 5363 2009 5418 fue-

447 5467 530 5512 rat
557 5454 875 5527 gubernatio
931 5453 1243 5522 provinciae,
1274 5470 1392 5522 quae
1448 5463 1645 5522 praeter
1672 5455 2004 5510 Orestiadem

447 5557 503 5603 et
555 5548 866 5615 adjacentes
918 5545 1046 5599 huic
1112 5555 1283 5598 terras
1343 5544 1505 5598 etiam
1546 5544 1806 5601 interiora
1838 5545 2003 5600 Ηιειηιί

446 5637 823 5705 complectitur
851 5652 866 5699 ;
894 5649 1000 5703 qua
1050 5649 1179 5687 cura
1212 5642 1269 5687 ut
1298 5634 1636 5688 commodius
1667 5652 1728 5689 ex
1784 5636 2001 5705 prnpin~

445 5745 553 5800 quo
594 5728 926 5793 fungeretur,
963 5724 1224 5780 domicilii
1255 5725 1435 5779 sedem
1491 5726 1839 5794 Adriano;.oli
1871 5728 2003 5780 ﬁxe-

446 5828 551 5882 rat.
636 5817 727 5871 ubi
793 5832 913 5871 cum
955 5829 1126 5869 uxore
1162 5814 1492 5867 morabatur.
1561 5814 1631 5867 lbi
1699 5816 1857 5885 longo
1890 5816 2000 5885 jam

2030 4688 2048 4707 _
2114 4625 2375 4681 santium.
2409 4624 2544 4679 Cum
2575 4624 2718 4679 enim
2755 4626 3080 4695 piscatorem
3110 4627 3402 4682 imminere
3440 4629 3542 4682 sibi
3568 4643 3679 4685 can-

2113 4726 2316 4771 tantem
2378 4718 2566 4784 sentit,
2618 4718 2826 4774 evomit
2881 4728 3243 4773 atramentum
3274 4760 3288 4781 ,
3322 4731 3381 4774 et
3414 4737 3602 4789 aquam
3632 4737 3679 4770 n.

2111 4824 2215 4878 qua
2263 4818 2365 4870 est.
2407 4809 2560 4879 prius
2624 4809 2971 4879 pellucidam,
3041 4812 3223 4865 turbat
3279 4812 3673 4881 obfuscatque.

2111 4910 2275 4971 atque
2331 4901 2383 4955 in
2425 4900 2531 4955 illis
2581 4900 2821 4956 tenebris
2880 4902 3065 4972 efi‘ttgii
3103 4903 3242 4956 viam
3305 4902 3540 4957 invenit.
3594 4902 3673 4956 Sic

2110 4991 2457 5046 Andronicus
2518 4991 2901 5055 Tarchaniota,
2967 5002 3027 5047 ut
3054 5010 3241 5048 secure
3265 5010 3328 5047 ac
3361 4996 3484 5048 sine
3516 4996 3676 5056 impe-

2109 5083 2353 5138 dimento
2410 5081 2772 5136 deliberatum
2833 5094 3225 5153 exsequeretur
3289 5087 3673 5154 irattsiugi09It,

2112 5177 2331 5231 turbare
2358 5177 2511 5248 prius
2548 5192 2611 5231 ac
2644 5176 2876 5231 miscere
2909 5177 3089 5230 omnia
3142 5178 3456 5242 constituit,
3493 5176 3676 5232 accitis

2109 5270 2165 5324 in
2200 5269 2475 5324 Romanas
2506 5278 2677 5322 terras
2706 5267 2998 5331 Tocharis,
3042 5269 3134 5338 qui
3169 5269 3353 5322 statim
3388 5270 3459 5323 ad
3495 5279 3672 5323 osten-

2107 5376 2222 5415 sam
2277 5371 2628 5414 accurrentes
2678 5359 2937 5427 praedam,
2997 5376 3191 5427 magno
3237 5376 3476 5414 numero
3540 5359 3673 5412 intra

2108 5452 2242 5506 fines
2281 5449 2492 5519 imperii
2523 5459 2650 5503 sunt
2684 5449 2803 5502 visi.
2866 5450 3136 5515 Quantum
3194 5461 3377 5504 autem
3426 5452 3501 5504 illi
3553 5465 3673 5503 tunc

2107 5542 2297 5608 cladis,
2331 5551 2383 5594 et
2413 5540 2590 5595 omnis
2616 5541 2833 5609 generis
2866 5539 3187 5608 injuriarum
3209 5541 3426 5594 miseris
3457 5542 3668 5596 illorum

2107 5643 2376 5687 tractuum
2433 5632 2751 5685 hominibus
2802 5631 3110 5693 intulerint,
3156 5632 3361 5700 proprii
3398 5631 3667 5702 necparvi

2105 5725 2285 5793 operis
2330 5733 2705 5791 argumentum
2765 5733 2930 5786 esset,
2992 5739 3085 5791 pro
3115 5725 3496 5794 magnitudine
3529 5734 3670 5778 atro-

2105 5816 2249 5873 cium
2283 5816 2543 5869 malorum
2585 5832 2690 5868 tt'ett
2730 5815 2944 5881 limis,
2979 5817 3067 5869 sed
3103 5816 3348 5888 Luminis
3373 5815 3667 5888 scribendi.
