3964 6526
303 362 407 425 773

1248 354 1343 413 DE
1387 348 1778 413 MICIIAELE
1816 342 2277 406 PALrEOLOGO
2319 343 2461 406 LIB.
2501 344 2599 404 IV.

3441 337 3548 402 774

302 472 399 544 τὴν
422 470 528 523 τῶν
556 466 749 522 δεινῶν
770 464 1114 534 ἐξαγγελίαν,
1134 464 1193 517 οὐ
1227 460 1569 533 γράμμασιν,
1605 457 1742 513 ἀλλὰ
1769 456 1864 510 δά·
1889 456 1936 515 Α
1965 452 2068 508 λα’.
2098 454 2484 544 ’ςκατρατεία
2518 450 2624 531 τρῦ
2648 449 2955 544 ,δερ-πύξου
2987 447 3549 544 σός-αμα

304 577 458 631 κρυσι
484 558 897 630 γνωριούμενα·
919 555 1060 627 πλὴν
1091 553 1165 617 ὡς
1200 552 1266 607 ἂν
1303 550 1565 621 ἀσφαλῶς
1591 551 1738 604 εῐποι
1758 566 1863 611 τις,

302 651 400 720 οὐχ
421 650 567 719 ἥττω
595 647 766 699 ταῦτα
796 646 905 698 τῶν
939 644 1075 709 μετὰ
1103 641 1196 694 τοῦ
1228 639 1641 693 Κωνοταντίνου
1671 637 1866 707 προτέ-

308 760 412 814 ρων
446 738 696 809 σφαγῶν.
717 738 883 801 Αὐτὸς
913 737 968 790 δὲ
997 739 1062 807 τῇ
1090 736 1282 789 τούτου
1305 732 1567 804 συγχύσει
1596 729 1867 801 προσϐοη-

305 833 561 900 θοὺμενος
593 830 709 898 ἅμα
743 830 964 895 γυναικὶ
988 827 1281 896 αὐτομολεῖ
1303 824 1436 896 πρὸς
1462 824 1553 877 τὸν
1584 820 1866 891 πενθερόν.

315 922 535 985 ’0..οἱας
565 922 701 991 γοῦν
729 922 829 988 τῆς
879 919 1147 990 ἀναδοχῆς
1173 917 1383 971 ἐκεῖθεν
1424 916 1744 985 εὐμοίρησε,
1772 929 1868 964 τεε-

308 1015 484 1086 ριττὺν
549 1015 677 1074 ἴσως
733 1013 827 1066 καὶ
881 1012 1082 1079 λέγειν,
1130 1011 1284 1079 ὅμως
1312 1007 1368 1062 δὲ
1412 1008 1544 1079 ὓλην
1574 1007 1747 1060 ἐδίδου
1772 1005 1871 1076 τὴν

308 1106 487 1177 μάχην
519 1104 727 1158 ἁνάπτε
737 1101 881 1156 σθαι.
902 1102 1012 1179 καὶ
1029 1101 1144 1179 ’γαρ
1162 1099 1301 1163 τέως
1318 1101 1344 1152 ὁ
1360 1098 1569 1161 Δούκας
1587 1098 1694 1159 τοῖς
1721 1097 1873 1160 ἰδίοις

305 1175 641 1265 άρκούμενος
672 1189 946 1262 ἡσύχαζεν
960 1175 1299 1259 ’ἀναμένωὴ
1324 1188 1464 1259 ξέστι
1496 1188 1539 1240 δ’
1572 1181 1633 1241 οὗ
1664 1188 1873 1241 καὶτὸν

308 1284 438 1339 ἴδιον
461 1287 659 1354 τρόπον
689 1277 1114 1343 κατασκευάζων
1138 1282 1231 1332 ἐπὶ
1247 1282 1317 1331 τὰ
1341 1279 1434 1332 τοῦ
1465 1277 1730 1348 βασιλέως
1755 1277 1875 1330 ἑπι-

305 1374 636 1443 τειχίσματα
666 1372 760 1424 καὶ
813 1372 880 1424 τὰ
911 1371 1038 1441 περὶ
1089 1370 1158 1423 τὰ
1222 1369 1498 1423 Ἰωάννινα
1545 1368 1870 1440 περισπῶν.

318 1464 578 1535 Ἦρεμεῖν
618 1463 663 1516 δ’
697 1463 797 1516 οὐκ
822 1458 889 1534 ἦν
915 1462 1053 1525 ὅλως
1095 1461 1287 1532 ἐκείνῳ
1325 1461 1476 1531 ἀνδρὶ
1532 1461 1734 1532 μάχαις
1759 1459 1878 1528 χαί-

311 1575 458 1630 ροντι
483 1557 577 1609 καὶ
600 1555 879 1624 πολέμοις,
915 1553 974 1619 ἐξ
1000 1547 1073 1607 ὧν
1104 1553 1412 1622 κερδαίνειν
1440 1553 1525 1606 ἀεί
1561 1553 1679 1605 ποτ’
1710 1553 1873 1622 ἠλπι-

310 1649 426 1707 ζεν.
468 1649 533 1703 Ἦ
565 1649 673 1719 γὰρ
701 1648 795 1701 τοῦ
826 1648 1052 1717 εὐεργοῦ
1092 1647 1255 1717 σχολὴ
1292 1646 1386 1701 καὶ
1408 1645 1550 1717 ὑπὲρ
1577 1645 1670 1698 τοῦ
1703 1644 1874 1717 ἀργοῦ

309 1740 573 1811 ἀσχολίαν
601 1741 671 1793 τὰ
711 1738 947 1809 μέγιστα
981 1738 1415 1808 κατεργάζεται·
1445 1738 1518 1800 ὼς
1548 1737 1655 1806 γὰρ
1698 1734 1877 1806 ἀργῆς

2044 517 2291 593 gelidai
2319 519 2579 586 στρατοῦ
2641 520 2791 593 πρὸς
2823 519 2955 593 τόν.
2991 517 3303 587 Ἰωάννην,
3352 518 3450 572 καὶ
3475 521 3550 591 τὰ

2042 589 2151 659 τῆς
2177 592 2580 662 ἀνδραγαθίας
2615 591 2721 645 τοῦ
2752 589 3062 645 Ἰωάννου.

2046 727 2133 799 |_P.
2164 726 2292 798 219]
2322 725 2486 778 Ταῦτ’
2522 726 2631 794 ἄρα
2667 723 2760 777 καὶ
2794 723 3046 794 βασιλεὺς
3078 723 3413 776 δεινοπαθῶν
3453 722 3551 774 ἐπὶ

1976 822 2184 883 τούτοις
2215 820 2474 890 δυνάμεις
2518 818 3001 890 παρασκευάζεται
3051 819 3293 882 πλείους,
3341 818 3550 887 πλῆθος

1974 910 2107 965 ὡσεὶ
2147 910 2557 981 τεσσαράκοντα
2611 911 2708 965 σὺν
2761 910 2839 979 τῷ
2886 908 3128 981 ναυτικῷ
3167 911 3441 981 χιλιάδων,
3472 910 3552 972 ὡς

1973 999 2218 1070 λέγεται,
2254 1001 2351 1054 καὶ
2381 1000 2658 1072 παραδοὺς
2688 1001 2766 1073 τῷ
2812 1002 3050 1073 δεσπότῃ
3089 1004 3296 1071 πέμπει
3327 1002 3414 1054 διὰ
3450 1018 3549 1054 ταο

1978 1090 2118 1160 χέων
2146 1092 2238 1144 ἐπὶ
2271 1090 2364 1144 τὸν
2406 1090 2681 1162 Ἰωάννην.
2712 1092 3097 1162 Συνεκπέμπει
3143 1093 3187 1147 δ’
3220 1092 3416 1162 ἐκείνῳ
3455 1092 3552 1144 καὶ

1978 1180 2172 1245 ἄλλους
2223 1181 2445 1244 πλείους
2497 1182 2606 1235 τῶν
2640 1182 2887 1252 λοχαγῶν
2932 1184 3025 1236 καὶ
3073 1185 3136 1237 ὲκ
3183 1185 3548 1253 μεγιστάνων,

1977 1266 2052 1327 ὧν
2083 1269 2162 1337 εἷς
2199 1269 2267 1345 ἧν
2291 1277 2387 1328 καὶ
2411 1273 2471 1327 ὃν
2497 1272 2611 1345 εἶχε
2657 1274 2978 1343 δομέστικον
3010 1278 3108 1345 τῆς
3145 1276 3443 1345 τραπέζης.
3488 1274 3548 1327 Ὀ

1978 1364 2024 1418 δ’
2055 1361 2124 1437 ἦν
2168 1369 2196 1420 ό
2238 1366 2615 1438 Καϐαλλάριος
2673 1365 2930 1430 Ἀλέξιος,
2978 1368 3116 1437 ἀνὴρ
3157 1367 3415 1433 γεννάδας
3456 1368 3551 1418 καὶ

1980 1457 2252 1527 ἀνδρικὸς,
2283 1457 2343 1520 ὃς
2365 1459 2459 1512 καὶ
2482 1458 2811 1530 παραπήλαυ
2822 1475 2910 1512 σεν
2935 1458 3060 1511 ὕστε
3072 1475 3161 1528 ρον
3182 1457 3275 1511 τοῦ
3310 1450 3548 1526 πολέμου

1979 1547 2252 1615 τοξευθεὶς
2290 1550 2349 1603 ὲν
2378 1553 2443 1621 τῇ
2464 1551 2611 1623 μάχῃ
2646 1552 2799 1622 παρά
2832 1568 2946 1615 του,
2976 1552 3216 1620 κάκείνῳ
3241 1550 3339 1619 μὲν
3370 1550 3545 1615 κλέος,

1980 1641 2160 1712 ἑαυτῷ
2210 1642 2267 1696 δὲ
2309 1646 2497 1698 πεσεῖν
2548 1645 2785 1707 εὐκλεῶς
2829 1645 3121 1714 παρέσχεν,
3152 1638 3212 1696 οὗ
3266 1643 3551 1697 κάλλιστον

1981 1736 2095 1797 τοῖς
2119 1735 2258 1796 νέοις
2287 1735 2508 1789 πίπτειν
2529 1735 2728 1789 πεσών.
2772 1735 2859 1798 Ὠς
2886 1736 3016 1805 γοῦν
3043 1735 3139 1798 τὰς
3162 1735 3421 1803 δυνάμεις
3447 1749 3553 1787 πα-

307 1833 492 1903 ψυχῆς
546 1833 641 1886 καὶ
692 1830 1266 1902 κατερρᾳθυμημένης
1325 1828 1386 1883 τὸ
1432 1832 1769 1900 ὲνευκσ.ιρεῖν
1822 1830 1880 1881 ἐν
1912 1817 1952 1870 Β
1984 1825 2233 1897 ραλασὼν
2261 1826 2290 1878 ό
2319 1827 2586 1896 δεσπότης
2620 1828 2757 1898 πρὸς
2779 1827 2929 1881 δύσιν
2960 1827 3155 1899 ἤλαυνε
3182 1828 3398 1898 θαρρῶν
3428 1829 3551 1891 ταῖς

309 1927 517 1990 κενοῖς,
547 1924 692 1977 οὕτω
723 1921 934 1993 θερμῆς
964 1921 1060 1976 καὶ⁸
1085 1921 1380 1985 σπουδαίας
1406 1921 1467 1974 τὸ
1487 1922 1687 1991 χωρεῖν
1713 1918 1880 1989 ὁμόσε

309 2018 426 2077 τοῖς
466 2015 810 2085 πράγμασιν.
837 2002 1024 2075 Οὕτως
1055 2006 1123 2082 ἦν
1158 2013 1368 2074 ἐκεῖνος
1400 2010 1476 2081 τῷ
1512 2011 1632 2064 τότε
1660 2010 1758 2079 τῆς
1786 2011 1884 2062 αὐ-

310 2109 411 2177 τῆς
442 2107 640 2176 πείρας
662 2105 757 2158 καὶ
801 2102 1140 2172 στρατηγίας
1170 2102 1271 2175 ὕλῃ
1300 2104 1414 2165 τοῖς
1450 2101 1882 2172 παραπέμπουσι

311 2197 625 2269 χρώμενος,
685 2196 747 2249 οὐ
779 2193 1035 2263 πολεμῶν
1093 2193 1184 2246 ὅτε
1240 2193 1385 2256 δόξοι
1442 2195 1550 2255 τοῖς
1597 2193 1881 2255 ἐναντίοις,

311 2292 454 2346 ἀλλὰ
491 2288 693 2360 μᾶλλον
724 2286 802 2357 τῷ
830 2288 1073 2356 ἐνεργεῖν
1104 2285 1390 2357 διεγείρων
1417 2289 1512 2338 καὶ
1550 2284 1641 2336 τὸν
1672 2282 1885 2337 ἀπάλα-

315 2400 473 2453 μνον.

312 2559 585 2615 (Ia-terum
618 2556 671 2613 id
705 2556 811 2612 dici
882 2556 1003 2611 sine
1034 2555 1329 2610 mentiendi
1363 2553 1605 2625 periculo
1639 2555 1887 2611 breviter

316 2657 542 2720 potest:
581 2648 946 2703 calamitatem
999 2647 1416 2717 vastitatemque
1445 2647 1549 2702 ista
1600 2646 1888 2702 occasione

317 2741 453 2795 huic
478 2740 823 2811 importatam
857 2739 1062 2809 regioni
1092 2738 1264 2794 nihilo
1295 2739 1587 2801 mitiorem,
1638 2740 1887 2794 minusve

315 2831 574 2886 acerbam
624 2830 950 2886 crudelitate
984 2832 1234 2892 caedium,
1270 2830 1608 2900 avaritiaque
1664 2831 1886 2900 tapiua-

316 2940 444 2978 rum
481 2937 545 2977 ea
578 2922 768 2986 fuisse,
803 2938 922 2993 qua:
955 2937 985 2975 a
1009 2923 1231 2992 iqtranto
1271 2932 1397 2976 ante
1444 2923 1640 2977 iisdem
1674 2923 1888 2993 populis

313 3016 627 3087 irruptione
673 3014 1024 3070 Constantini
1084 3013 1300 3086 Bulgari
1353 3013 1631 3069 Tocharos
1695 3031 1887 3070 secum

314 3111 573 3167 ducentis
608 3109 783 3164 fuerat
841 3108 1007 3163 illata.
1046 3108 1147 3163 Per
1181 3109 1321 3163 hanc
1372 3108 1463 3161 ille
1493 3108 1596 3162 sibi
1629 3109 1696 3162 ad
1729 3110 1887 3164 linem

313 3199 653 3255 destinatum
682 3198 867 3253 utilem
896 3197 1276 3253 confusionem
1301 3214 1504 3262 rerum,
1540 3198 1606 3253 ad
1639 3214 1889 3254 socerum

316 3306 431 3346 una
466 3307 588 3346 cum
622 3290 851 3361 conjuge
884 3289 1145 3362 profugit.
1197 3291 1269 3346 Ut
1324 3299 1505 3344 autem
1538 3300 1795 3361 exceptus
1827 3292 1895 3345 ab

311 3397 378 3437 eo
420 3382 607 3445 fuerit,
640 3390 697 3436 et
726 3380 849 3450 quis
881 3380 987 3451 ipsi
1027 3381 1154 3434 novi
1185 3381 1396 3435 fructus
1433 3381 1652 3450 hospitii
1690 3381 1895 3435 consti-

315 3472 473 3538 terit,
534 3470 871 3542 superlluum
903 3470 1099 3541 Opinor
1160 3471 1318 3526 nobis
1357 3471 1427 3525 sit
1465 3472 1685 3540 exsequi
1718 3490 1730 3524 :
1764 3472 1897 3527 illud

313 3572 558 3629 constat,
592 3563 735 3633 quod
801 3564 870 3619 ad
933 3571 1178 3617 nostram
1244 3580 1354 3616 rent
1423 3563 1584 3626 facit,
1625 3562 1894 3617 submini-

314 3666 550 3714 stratum
582 3656 707 3711 inde
741 3665 1060 3724 praetextum
1112 3654 1311 3709 Joanni
1363 3655 1489 3709 duci
1544 3656 1666 3709 belli
1704 3656 1757 3709 in
1799 3672 1897 3711 nos

314 3748 597 3805 movendi.
624 3748 862 3803 Eatenus
894 3748 1038 3801 enim
1083 3747 1174 3801 ille
1205 3748 1318 3801 suis
1370 3757 1661 3803 ccutentus
1703 3759 1896 3801 utcun-

315 3853 430 3908 que
459 3837 772 3907 quiescebat
799 3836 1143 3895 occasionem
1188 3844 1561 3905 exspectans:
1618 3845 1671 3890 et
1720 3853 1896 3906 quan-

316 3946 487 4001 quam
519 3928 842 3998 erumpebat
878 3942 1269 3997 no:.nnnquam
1305 3929 1601 3999 impatiens
1631 3929 1896 3985 fcederum

318 4022 563 4086 animus,
606 4020 901 4085 tentandis,
921 4035 1042 4074 cum
1071 4020 1258 4074 aderat
1284 4021 1685 4090 opportunitas,
1715 4023 1898 4076 muni-

320 4114 569 4170 tionibus
620 4111 1012 4182 imperatoris:
1076 4126 1185 4182 quo
1238 4111 1294 4164 in
1348 4128 1546 4182 genere
1576 4130 1697 4184 quae
1752 4115 1898 4170 circa

319 4206 598 4263 Joannina
632 4213 762 4259 sunt
817 4206 881 4259 ad
943 4221 1003 4260 se
1053 4215 1389 4261 attraxerat:
1448 4216 1624 4260 tamen
1692 4207 1894 4262 larvam

323 4300 511 4353 adhuc
540 4297 681 4352 haud
718 4297 880 4366 plane
910 4296 1220 4367 abjeeerat;
1278 4313 1389 4352 non
1421 4298 1510 4352 ille
1545 4299 1761 4368 quidem
1799 4316 1898 4354 na-

326 4401 451 4446 tura
509 4390 630 4444 talis
663 4400 721 4443 ut
771 4388 826 4442 in
876 4388 966 4443 illa
1001 4388 1092 4442 diu
1116 4390 1302 4460 {32¢
1329 4391 1672 4445 simulatione
1723 4393 1895 4446 teneri

1982 1919 2361 1987 παρασκευαῖς
2396 1916 2473 1982 ὡς
2502 1920 2595 1971 καὶ
2624 1918 2756 1972 αὐτὸ
2795 1919 3030 1989 κινήσων
3057 1919 3114 1972 τὸ
3146 1918 3362 1986 ἔδαφος,
3394 1920 3422 1971 ὀ
3452 1917 3549 1988 βα-

1984 2008 2165 2071 σιλεὺς
2216 2009 2311 2063 καὶ
2358 2008 2486 2062 λαὸν
2517 2009 2606 2062 διὰ
2645 2008 2919 2076 θαλάσσης
2963 2010 3193 2076 ὁπλίζει,
3239 2010 3332 2062 καὶ
3366 2010 3551 2061 στόλον

1983 2098 2422 2172 ὲξαρτυσάμενος
2471 2100 2654 2155 ἱκανὸν
2688 2103 2751 2154 ἐκ
2799 2100 3005 2165 πόλεως
3035 2104 3127 2154 καὶ
3175 2100 3282 2155 τῶν
3315 2100 3549 2169 ὁπουδή-

1983 2206 2114 2244 ποτε
2152 2192 2343 2262 χωρῶν
2392 2209 2453 2245 τε
2487 2193 2581 2245 καὶ
2624 2192 2885 2262 νεωρίων,
2915 2180 3005 2257 ὡς’
3041 2189 3181 2245 εἶναι
3229 2192 3327 2253 τὰς
3370 2191 3553 2253 πάσας

1986 2281 2119 2346 ναῦς
2150 2284 2369 2355 μακράς
2401 2300 2459 2337 τε
2490 2281 2606 2355 ἅμα
2638 2284 2732 2337 καὶ
2758 2282 3204 2354 ταχυναυτούσας
3230 2302 3296 2355 τρ
3328 2286 3379 2353 ῖς
3413 2284 3552 2352 πρὸς

1984 2377 2105 2437 ταῖς
2136 2375 2532 2446 ἑϐδομήκοντα,
2567 2375 2838 2447 παραδοὺς
2863 2359 3067 2439 ταύτας
3092 2376 3170 2445 τῷ
3208 2375 3557 2445 πρωτοστρά-

1990 2556 2121 2605 tunc
2150 2551 2352 2606 bellare
2407 2566 2531 2606 cum
2566 2551 2708 2606 hosti
2747 2551 3062 2617 videretur;
3115 2553 3209 2607 sed
3242 2568 3306 2606 ex
3336 2567 3430 2606 sua
3459 2567 3557 2622 spe

1994 2658 2061 2698 ac
2091 2644 2379 2698 commodo
2413 2643 2674 2699 articulos
2699 2645 3050 2700 occasionum
3072 2658 3328 2713 captans;
3357 2655 3414 2699 et
3445 2661 3555 2699 non

1989 2735 2152 2791 minis
2210 2737 2532 2802 admonens,
2592 2739 2686 2794 sed
2742 2741 2950 2810 agendo
2983 2740 3418 2812 expergefacieus
3468 2743 3558 2794 a.l-

1988 2828 2294 2883 versarium
2325 2829 2744 2885 indormientrm
2779 2833 2963 2887 rebus.

1988 2944 2080 2999 3!.
2111 2944 2395 3014 Eapedilio
2424 2944 2653 3000 Ioannis
2686 2948 2909 3013 despero:
2938 2964 3054 3002 cum
3111 2949 3397 3002 muhorum
3434 2946 3558 3002 mil-

2062 3014 2188 3067 lium
2224 3017 2455 3068 exercitu
2515 3019 2767 3071 adversus
2823 3015 3083 3073 Joannem
3145 3021 3374 3084 ducem;
3415 3031 3463 3071 et
3496 3022 3560 3073 de

2061 3086 2220 3152 hujus
2250 3086 2485 3153 facinore
2518 3088 2733 3156 insigni.

2066 3196 2191 3253 llaec
2222 3198 2296 3252 ita
2332 3208 2488 3253 erant
2519 3221 2529 3254 :
2566 3200 2761 3267 quibus
2821 3201 3052 3272 cognitis
3103 3202 3412 3273 indignatus
3460 3204 3562 3257 im-

1994 3299 2241 3359 perator,
2268 3290 2565 3346 exercitum
2620 3304 2896 3362 comparat
2951 3294 3225 3364 ingentem
3261 3313 3274 3362 ;
3310 3313 3558 3358 numero,

1994 3390 2081 3435 ut.
2110 3381 2304 3445 fertur,
2352 3382 2507 3451 quasi
2577 3382 2936 3454 quadraginta
2973 3383 3222 3447 millium,
3276 3385 3563 3441 navalibus

1994 3474 2049 3528 in
2080 3490 2200 3529 eam
2234 3490 2501 3529 summam
2525 3476 2941 3544 comprehensis
2967 3476 3158 3546 copiis.
3186 3476 3385 3531 Etlioc
3414 3488 3563 3531 tanto

1996 3573 2263 3637 apparatu
2322 3566 2524 3621 tradito
2573 3565 2771 3619 Joanni
2824 3568 3085 3636 despotw,
3144 3569 3342 3622 vadere
3411 3570 3561 3622 illum

1996 3658 2282 3713 confestim
2312 3658 2527 3713 infestis
2560 3658 2731 3727 signis
2783 3658 2838 3712 in
2874 3658 3142 3717 Joannem
3193 3661 3365 3729 jubet.
3422 3662 3565 3715 Μὲμίι

1995 3750 2159 3806 etiam
2196 3766 2318 3804 cum
2348 3765 2414 3804 eo
2440 3752 2623 3820 plures
2653 3750 2788 3805 alios
2838 3751 3178 3805 tribunorum
3231 3763 3285 3806 et
3345 3770 3562 3823 magna-

1999 3853 2390 3912 tum,quorum
2426 3859 2565 3897 unus
2592 3852 2728 3907 erat,
2761 3859 2924 3912 quem
2972 3844 3328 3898 domesticum
3365 3862 3564 3901 mense

1997 3935 2207 3996 habuit,
2231 3934 2567 3988 Caballarius
2597 3934 2838 4001 Alexius,
2866 3935 2949 3987 vir
2977 3950 3272 4004 generosus
3297 3948 3349 3990 ct
3386 3939 3560 3992 fortis.

1997 4025 2155 4080 Hunc
2213 4025 2354 4079 Mars
2414 4027 2514 4079 hoc
2580 4024 2723 4079 bello
2781 4024 3097 4094 pignoratus
3137 4037 3239 4090 est,
3290 4028 3480 4097 sagitta
3510 4030 3563 4083 in

1997 4119 2184 4188 praelio
2204 4119 2472 4172 sublatum
2492 4133 2523 4171 a
2565 4116 2821 4186 quopiam
2857 4118 3061 4188 ignoto,
3081 4120 3172 4188 qui
3191 4119 3292 4173 sibi
3313 4121 3560 4189 gloriam,

2001 4210 2143 4264 hosti
2201 4210 2492 4265 honestum
2546 4210 2712 4263 funus
2768 4212 3001 4280 peperit.
3055 4211 3146 4265 Sic
3201 4214 3345 4266 enim
3396 4215 3567 4269 decus

1998 4301 2075 4355 illi
2105 4301 2331 4373 contigit
2382 4301 2630 4369 gloriosae.
2684 4302 2875 4355 martis
2907 4302 2979 4355 ibi
3008 4304 3285 4372 oppetitae,
3329 4294 3419 4359 ubi
3474 4320 3566 4360 ca-

1999 4395 2130 4450 dere
2186 4392 2480 4463 juvenibus
2544 4400 2627 4447 est
2679 4394 3151 4449 honestissimum.
3214 4398 3342 4450 Eum
3404 4399 3570 4469 igitur

322 4497 491 4554 posse
524 4490 855 4551 speraretur.
925 4481 1137 4552 Quippe
1197 4482 1363 4579 vasti!
1395 4485 1760 4557 pugnacisque
1812 4486 1893 4539 vir
1927 4502 1965 4554 ι)
1997 4487 2304 4542 succinctus
2360 4487 2570 4556 magnis
2621 4485 2770 4540 hisce
2831 4487 3177 4541 terrestribus
3241 4490 3411 4557 copiis
3472 4492 3567 4546 de-

323 4575 519 4641 animi,
570 4574 707 4628 nihil
762 4573 866 4630 nisi
900 4573 1009 4628 vim
1062 4585 1116 4629 et
1142 4575 1281 4630 bella
1312 4573 1550 4646 spirans,
1602 4578 1894 4648 exquibus

323 4677 615 4722 aucturum
653 4680 770 4721 sese
803 4665 1072 4733 fortunas,
1105 4675 1159 4721 et
1182 4665 1351 4721 lucris
1373 4667 1687 4739 ingentibus
1715 4670 1897 4724 ditan-

322 4759 460 4813 dum
517 4756 843 4813 conﬁdebat.
916 4759 1082 4812 Pozro
1140 4757 1240 4812 viri
1295 4758 1507 4840 strenui
1568 4763 1652 4817 vel
1716 4760 1894 4830 ipsum

324 4850 525 4916 otium,
552 4850 769 4920 negotio
815 4849 1028 4905 remissi
1056 4865 1118 4904 ac
1145 4850 1405 4920 languidi,
1439 4852 1601 4907 rebus
1630 4868 1898 4924 peragem

328 4944 419 4998 dis
452 4942 706 4997 maximis
732 4942 1006 4998 eliicacius
1037 4951 1138 4997 est.
1192 4942 1326 4996 Nam
1377 4957 1435 4997 nt
1460 4945 1659 4998 anima!
1691 4945 1897 5000 desidis

327 5051 395 5092 ac
427 5034 746 5106 negligentis
781 5046 864 5090 est
889 5034 942 5089 in
997 5033 1155 5091 vanis
1184 5034 1288 5089 sibi
1329 5035 1563 5105 placere,
1593 5052 1657 5092 ac
1685 5036 1897 5092 felicem

329 5148 391 5187 se
421 5141 613 5202 putare
643 5131 927 5202 complexu
960 5130 1212 5186 exsilium
1244 5129 1510 5185 bonorum
1537 5148 1551 5183 :
1588 5132 1667 5187 sic
1701 5133 1841 5187 acris
1869 5150 1899 5189 e

330 5221 614 5278 contrario
675 5231 840 5291 atque
897 5228 1122 5274 arrecta:
1180 5219 1542 5289 ardenter-que
1606 5220 1899 5289 majoribus

333 5331 507 5385 usque
563 5313 912 5369 inhiabunda:
963 5312 1243 5384 preprium
1296 5321 1400 5376 est,
1453 5328 1811 5384 prorumpere
1842 5314 1898 5368 in

331 5423 476 5478 opus
505 5405 701 5477 quavis
747 5406 1056 5470 occasione,
1089 5421 1153 5461 ac
1204 5405 1410 5460 nullam
1457 5406 1656 5460 frustra
1715 5406 1899 5462 offerri

332 5500 727 5555 moxendarum
761 5514 938 5552 rerum
970 5513 1158 5554 ansam
1189 5498 1391 5553 sinere.
1427 5495 1573 5551 Talis
1604 5508 1733 5551 tunc
1786 5508 1902 5551 erat

332 5589 443 5644 dux
473 5586 749 5652 Joannes;
778 5588 911 5658 ipsis
947 5588 1055 5640 illis
1085 5602 1222 5657 quas
1250 5586 1437 5640 furtim
1471 5588 1706 5657 primum
1723 5598 1897 5641 atten-

336 5688 476 5733 taret
528 5678 973 5750 grassatiunculis
1028 5686 1083 5732 et
1135 5677 1477 5732 successibus
1537 5676 1763 5731 modicis
1803 5692 1901 5747 pro

337 5774 690 5839 fundamento
775 5773 1091 5827 ulteriorum
1155 5781 1353 5828 utens:
1407 5787 1509 5827 nec
1575 5774 1928 5843 exspectans'

1996 4576 2412 4648 spota’Joannes
2444 4575 2607 4630 tantis
2624 4576 2822 4631 animis
2849 4577 2901 4630 in
2921 4576 3268 4633 Occidentem
3298 4583 3481 4645 movit,
3510 4593 3570 4636 ut

1994 4668 2156 4739 325
2183 4678 2380 4724 terram
2405 4668 2547 4723 haud
2569 4668 2733 4723 dubie
2784 4684 2841 4723 se
2874 4684 3271 4725 concussurum
3296 4672 3571 4729 confidere

1995 4761 2286 4828 vileretur,
2301 4761 2589 4815 destinavit
2612 4761 2901 4831 imperator
2914 4764 3103 4818 eodem
3115 4779 3325 4834 quoque
3341 4765 3570 4819 classem

1997 4861 2389 4920 oneratamque
2402 4852 2797 4922 superbissimo
2822 4853 3054 4917 delectu,
3073 4868 3196 4907 cum
3215 4870 3277 4908 ex
3302 4856 3429 4909 urbe
3453 4866 3569 4909 tum

1997 4957 2063 4998 ex
2096 4941 2308 4997 cunctis
2325 4942 2619 5011 provinciis
2643 4958 2705 4996 ac
2726 4943 3010 4997 navalibus
3040 4943 3454 5012 diligentissime
3476 4946 3573 4997 ba-

1999 5034 2132 5098 bito,
2151 5032 2223 5088 ita
2243 5042 2577 5088 utnumerus
2598 5033 2818 5088 navium
2846 5034 3041 5102 partim
3063 5033 3345 5104 longarum
3371 5035 3566 5104 partim

2000 5126 2238 5182 celerum
2268 5126 2336 5181 ad
2368 5136 2476 5180 tres
2521 5134 2575 5181 et
2603 5128 2942 5197 septuaginta
3007 5128 3367 5193 ascenderet;
3430 5144 3572 5196 quas

2001 5218 2390 5274 commendans
2448 5219 2830 5288 protostratori
2881 5219 3366 5288 Pliilantbropeno,
3401 5220 3569 5288 jussit

2000 5325 2124 5367 eum
2158 5326 2281 5366 eum
2312 5324 2375 5364 ea
2408 5310 2581 5365 classe
2614 5325 2738 5363 oras
2767 5310 2947 5378 legere
2979 5311 3353 5367 Latinirarum
3386 5315 3569 5381 regio-

2001 5420 2155 5469 num,
2216 5404 2553 5473 infestasque
2614 5402 2838 5466 habere,
2916 5421 2979 5458 ac
3045 5404 3215 5458 sicubi
3269 5421 3355 5459 res
3404 5406 3568 5461 ferret

2002 5498 2330 5551 exscendere
2380 5496 2894 5565 incursionibusque
2925 5513 3102 5560 Urere,
3136 5498 3215 5551 sic
3268 5500 3572 5554 arb'tratus

2002 5589 2207 5643 certius
2261 5587 2583 5655 faciliusque
2644 5600 2999 5656 proctssuras
3062 5588 3129 5642 ad
3186 5604 3335 5642 s-em
3396 5590 3611 5659 plenae“

2004 5678 2242 5733 victoria:
2269 5678 2392 5731 belli
2423 5676 2661 5730 universi
2696 5677 2959 5740 rationes,
2980 5678 3022 5731 si
3064 5681 3281 5748 proprio
3310 5680 3568 5749 impliciti

2004 5769 2245 5842 periculo
2283 5767 2458 5823 Latini
2490 5767 2728 5838 cogitare
2766 5772 2830 5822 de
2881 5770 3155 5828 mittendis
3186 5774 3379 5830 Joanni
3413 5774 3570 5828 auxi-
