3964 6568
431 392 539 467 775

1616 404 1939 467 GEORGII
1980 403 2458 466 PACHYMEBE

3558 398 3662 465 776

426 536 552 592 τορι
575 514 1016 590 Φιλανθρωπηνῷ
1047 516 1143 570 καὶ
1173 515 1337 572 αὐτὸν
1367 518 1667 590 ὶκπέμπει,
1690 524 1814 585 ταῖς
1836 521 2000 575 Δατι-
2028 525 2074 582 Α
2100 520 2306 585 ἐκεῖνος
2360 519 2632 590 ὲλάμϐανε
2667 518 2769 589 τῆς
2801 517 3089 589 ἀποφυγῆς
3129 518 3223 572 καὶ
3265 517 3336 571 τά
3366 516 3472 585 ἔξω
3502 535 3667 589 προσ-

427 611 612 674 τικαῖς
641 608 845 680 χώραις
877 607 1256 677 προστάσσων,
1298 608 1354 661 εῖ
1390 625 1477 662 ποι
1519 610 1791 680 παρείκοι,
1826 626 1997 680 προσ⁹

428 702 683 758 ϐάλλειν·
742 701 884 755 οὕτω
925 700 1032 772 γὰρ
1090 701 1290 769 μᾶλλον
1328 701 1531 754 εὐοδεῖν
1583 703 1675 755 τον
1711 703 1852 756 κατά
1893 702 1999 771 γῆν

427 794 667 860 πόλεμον
700 792 856 863 ᾤετο,
890 794 938 845 ei
969 791 1180 862 ἔχοντες
1210 791 1333 844 καθ’
1367 791 1561 853 αὐτοὺς
1594 793 1642 845 οἱ
1672 794 1887 845 Λατῖνοι
1907 791 2001 844 τὸν

425 885 559 955 περὶ
599 885 751 954 σφίσι
800 884 964 952 φόϐον
992 886 1089 954 τῆς
1133 883 1271 953 πρὸς
1319 882 1408 937 τὸν
1452 883 1701 953 Ἰωάννην
1751 882 2001 954 βοηθείας

426 976 774 1045 ἀπόσχοιντο.
800 966 915 1029 Καὶ
939 975 1004 1045 δὴ
1032 975 1130 1044 τὴν
1160 958 1421 1045 ταχίστην
1448 973 1526 1044 τῷ
1555 973 1703 1043 τόπῳ
1728 973 1836 1026 τῶν
1862 974 2000 1027 νέων

427 1067 659 1138 Πατρῶν
687 1066 1008 1129 ἐπιστάντος
1054 1066 1148 1119 τοῦ
1177 1066 1438 1118 δεσπότου
1482 1063 1743 1134 ἔκπληξις
1782 1067 2000 1134 κατεῖχε

429 1158 638 1221 πάντας
674 1158 770 1210 καὶ
816 1156 1049 1229 ταραχὴ,
1101 1157 1176 1221 ὠς
1225 1158 1564 1226 προσχωρεῖν
1601 1155 1700 1225 μὲν
1751 1155 2001 1209 ἐντεῦθεν

428 1250 623 1320 ἐκείνῳ
670 1250 767 1312 τὰς
812 1250 1015 1319 χώρας,
1056 1250 1423 1318 γνωσιμαχεῖν
1468 1247 1524 1299 δὲ
1562 1246 1632 1300 τά
1662 1246 1895 1318 φρούρια
1924 1247 2001 1310 ὡς

430 1343 625 1414 μικρὸν
682 1342 1020 1412 ἀντισχόντα,
1060 1341 1182 1397 ὅσον
1226 1339 1629 1410 ἀφοσιώσασθαι
1678 1341 1777 1410 τὴν
1817 1339 1999 1394 πίστιν

424 1434 502 1505 τῷ
557 1435 795 1505 Ἰωάννῃ,
848 1430 1135 1500 προδοῦναι
1180 1431 1256 1501 μὴ
1291 1431 1583 1499 ἐνεγκόντα
1634 1431 1733 1501 τὴν
1778 1430 1995 1502 ἔφοδονο

426 1525 531 1577 ποῦ
558 1524 665 1595 γὰρ
697 1525 762 1578 ἀν
796 1542 877 1587 τις
928 1523 1021 1576 καὶ
1059 1523 1287 1593 ἤλπισεν
1335 1521 1394 1586 ἐξ
1424 1522 1582 1576 ἄλλον
1612 1524 1756 1584 τινος
1797 1522 2000 1592 τρόπου

425 1617 523 1672 καὶ
562 1618 806 1688 μηχανῆς
844 1613 1145 1680 σώζεσθαι;
1174 1616 1201 1667 ὁ
1235 1616 1419 1683 μέντοι
1472 1630 1537 1680 γε
1578 1613 1829 1684 Ἰωάννης
1874 1614 2000 1677 τοὺς

426 1710 555 1778 περὶ
585 1709 748 1761 αὐτὸν
777 1708 870 1762 καὶ
902 1707 1097 1777 μόνους
1130 1706 1287 1777 ἔχων,
1343 1705 1422 1774 τῷ
1453 1705 1644 1775 πλήθει
1686 1705 1829 1758 κατά
1861 1705 1998 1756 πολὺ

426 1799 765 1869 λειπόμενος,
786 1801 903 1862 ταῖς
926 1799 1187 1860 ἐπινοίαις
1211 1798 1485 1868 ἐπεχείρει
1518 1795 1807 1860 σώζεσθαι.
1833 1796 1998 1848 ’Ὅθεν

2102 611 2428 665 υπώπτευεν
2453 610 2553 681 ἤδη
2582 608 2688 664 τῶν
2731 611 2987 664 ἁπάντων
3021 610 3495 681 καταληφθέντων,
3529 614 3670 681 ἔγνω

2101 702 2347 774 φρουρίῳ
2370 702 2562 756 ἑαυτὸν
2578 701 2889 767 πιστεῦσαι,
2903 700 2997 755 καὶ
3016 702 3195 773 φέρων
3217 702 3408 756 ἑαυτὸν
3425 707 3545 767 ταῖς
3561 705 3675 760 Πά-

2100 812 2259 865 τραις
2291 795 2467 865 ὀχυρᾷ
2514 794 2666 847 πόλει
2709 795 2804 848 καὶ
2831 794 2894 847 ὲκ
2938 794 3059 846 νέου
3092 794 3333 867 συστάσῃ
3366 795 3549 849 δίδωσι
3582 797 3673 849 καὶ

2102 886 2351 939 πιστεύει
2380 885 2877 956 φυλαχθησόμενος.
2897 885 3007 938 Καὶ
3031 884 3059 937 ὁ
3083 885 3181 956 μὲν
3206 886 3529 958 καταφυγὴν
3550 886 3674 955 ὀχυ-

2106 978 2205 1047 ράν
2237 971 2361 1046 εὗρε
2394 975 2493 1038 τὰς
2537 975 2777 1045 Πάτρας,
2804 977 2854 1026 oi
2899 974 2943 1026 δ’
2968 975 3111 1043 ἀμφὶ
3140 973 3228 1027 τὸν
3270 974 3534 1040 δεσπότην
3565 990 3674 1043 μα-

2106 1066 2292 1129 θόντες
2320 1067 2419 1136 τὴν
2448 1066 2601 1120 πόλιν
2631 1064 2816 1134 κύκλῳ
2847 1064 3312 1136 περικαθίζουσιν.
3345 1065 3451 1116 Καὶ
3483 1063 3677 1133 συχναὶ

2105 1158 2242 1227 πρὸς
2276 1160 2401 1220 τοὺς
2427 1158 2578 1219 ἐντὸς
2610 1155 2964 1226 διαμηνύσεις
2990 1156 3237 1223 ἐγένοντο
3264 1155 3358 1208 τοῦ
3385 1154 3676 1219 δεσπότου,

2105 1249 2323 1313 ἑαυτοῖς
2361 1249 2457 1318 μὲν
2483 1250 2735 1317 προνοεῖν
2763 1248 2870 1301 τῶν
2904 1246 3219 1318 βελτίστων,
3252 1248 3456 1300 ἐκεῖνον
3484 1245 3541 1299 δὲ
3569 1263 3680 1297 παι

2106 1342 2364 1413 ραδόντας
2409 1340 2679 1405 σώζεσθαι
2707 1357 2719 1371 ·
2750 1342 2824 1412 μὴ
2852 1341 2959 1411 γάρ
2988 1341 3295 1409 ἀποχωρεῖν
3339 1337 3571 1403 ἐκεῖθεν,
3598 1337 3679 1407 μὴ

2102 1434 2283 1488 ἄλλοθί
2315 1451 2415 1486 που
2445 1433 2769 1504 τραπέσθαι,
2826 1431 2903 1503 μὴ
2940 1432 3223 1501 φροντίσαι
3252 1431 3321 1484 τά
3364 1428 3525 1495 πέριξ
3555 1430 3676 1482 καί·
3740 1496 3746 1502 ,

2101 1543 2233 1580 οντα
2287 1525 2381 1578 καὶ
2433 1524 2636 1595 ἀγροὺς
2687 1524 3140 1577 κατασκάπτοντα
3196 1522 3292 1574 καὶ
3346 1518 3678 1589 ἀμπελῶνας

2101 1617 2388 1689 τέμνοντα,
2438 1618 2531 1671 καὶ
2563 1617 2715 1679 τέλος
2753 1618 2848 1670 καὶ
2889 1616 3071 1676 αὐτοῖς
3100 1613 3172 1673 ὡς
3221 1614 3501 1682 πολεμίοις
3528 1611 3679 1682 χρώ-

2106 1728 2268 1781 μενον
2298 1710 2480 1763 τέλεον
2510 1709 2819 1778 ἀφανίζειν,
2852 1707 2955 1761 κᾶν
2986 1708 3093 1775 ὅπη
3139 1707 3232 1761 καὶ
3268 1708 3296 1758 ό
3321 1707 3505 1774 χρόνος
3538 1720 3679 1773 προ-

2105 1803 2254 1874 ϐαίη.
2308 1801 2491 1855 Ταῦτα
2534 1803 2626 1854 τοῦ
2654 1802 2917 1854 δεσπότου
2956 1797 3343 1868 διαμηνύοντος
3388 1798 3607 1857 ἐκεῖνοι,
3637 1794 3673 1863 ἢ

426 1894 522 1945 καὶ
554 1859 649 1945 vim
820 1859 970 1954 ἔνθα,
1004 1887 1099 1944 νῦν
1123 1888 1167 1943 δ’
1208 1859 1753 1958 ἐκεῖσεπροϐάίνων,
1784 1887 1857 1949 ὡς
1887 1880 1997 1940 οἷόν
2026 1859 2073 1919 Β
2102 1859 2230 1956 ταῖςΙ
2245 1894 2527 1965 ἀληθείαις
2555 1893 2586 1964 ἢ
2618 1892 2749 1962 παρ’
2780 1892 2990 1944 ἐκείνου
3031 1859 3488 1959 προϐιϐαζόμενοι
3528 1859 3679 1937 ἔνδον

427 2002 487 2039 τε
513 1981 601 2055 ἦν,
646 1982 1080 2053 κατησφαλίζετο
1106 1980 1175 2034 τά
1210 1982 1376 2034 αὐτοῦ
1399 1997 1412 2010 ·
1439 1980 1499 2034 τὸ
1541 1981 1650 2049 γάρ
1681 1981 1877 2050 χωρεῖν
1918 1981 1997 2042 είς

429 2080 607 2151 μάχην
643 2080 701 2132 ’ἐν
731 2097 783 2132 τι
832 2076 941 2129 τῶν
970 2076 1248 2130 ἀδυνάτων
1290 2075 1483 2128 ἐδόκει.
1528 2075 1666 2128 Ἀλλ’
1708 2075 1758 2127 οἱ
1787 2074 1881 2127 τοῦ
1910 2074 1999 2125 δε-

427 2173 625 2225 σπότου
662 2168 1072 2242 ἱχνηλατοῦντες
1119 2164 1230 2221 οἷον
1282 2168 1489 2219 ἐκεῖνον
1515 2166 1807 2235 επέτρεχον
1843 2181 2002 2217 συνε-

426 2264 703 2334 χέστερον,
758 2259 1378 2332 προκαταλαμϐάνοντες
1411 2257 1495 2328 ΙΡ.
1527 2254 1656 2329 220]
1688 2257 1889 2317 τόπους
1917 2248 2001 2318 οἷς

428 2356 590 2409 αὐτὸν
614 2352 782 2425 ᾤοντο
832 2352 1121 2416 σώζεσθαι,
1155 2349 1277 2404 ὅθεν
1311 2351 1406 2403 καὶ
1450 2348 1528 2420 τῷ
1559 2350 1868 2419 ἀποχωρεῖν
1902 2346 2002 2416 μὶν

427 2449 706 2517 προσῆγεν
743 2445 1009 2509 ἐκείνους,
1040 2444 1115 2513 τῷ
1141 2442 1195 2495 δέ
1243 2458 1306 2510 γε
1330 2441 1532 2494 δειλίαν
1557 2440 1842 2510 ἐμφαίνειν
1872 2439 2003 2512 Θαρ-

431 2540 798 2612 ραλεωτέρους
855 2535 1028 2589 ἐποίει
1084 2533 1478 2605 προσϐάλλειν·
1525 2533 1602 2601 τῷ
1644 2532 1754 2601 γὰρ
1805 2532 2002 2600 πλήθει

430 2631 723 2702 περιῆσαν,
769 2630 862 2681 καί
895 2627 1239 2697 κατημέλουν
1269 2624 1579 2689 διώκοντες.
1619 2625 1706 2688 Ὠς
1743 2624 1801 2678 δὲ
1841 2625 2003 2694 κόρον

427 2810 518 2867 liis
555 2808 1000 2881 probiberentur.
1057 2807 1195 2862 Cum
1223 2822 1354 2877 ergo
1408 2806 1749 2863 velocissime
1776 2806 2002 2878 despota

429 2900 663 2959 Ioannes
691 2903 748 2956 in
774 2901 952 2956 locum
991 2907 1137 2955 esset
1183 2908 1473 2969 pervectus
1508 2913 1775 2953 novarum
1811 2898 2001 2953 Patra-

426 3011 572 3057 rum.
630 2994 820 3066 ingens
880 2992 954 3048 ibi
1009 3001 1236 3047 cunctos
1294 3000 1470 3046 terror
1528 3001 1583 3046 et
1620 2991 2001 3046 consternatio

427 3085 685 3149 turbavit,
737 3084 873 3139 adeo
928 3091 984 3137 ut
1038 3083 1086 3137 ei
1128 3081 1329 3152 passim
1393 3081 1512 3151 pagi
1568 3092 1620 3135 et
1682 3082 1881 3151 oppida
1941 3096 2002 3135 se

2099 1984 2273 2049 ὄντος,
2313 1984 2501 2054 ,ἠπίως
2562 2000 2622 2035 τε
2675 1981 3038 2050 ἀπελογοῦντο
3088 1979 3182 2032 καὶ
3236 1975 3679 2047 προσελιπάρουν

2103 2078 2241 2146 σφᾶς
2273 2076 2384 2128 τῶν
2425 2075 2611 2145 ὁρμῶν
2652 2076 2881 2137 ἀνεῖναι,
2921 2071 3038 2143 μετ’
3086 2072 3147 2124 οὺ
3202 2070 3336 2123 πολὺ
3384 2067 3677 2137 προδοῦναι

2102 2169 2199 2220 καὶ
2215 2167 2306 2219 τὸν
2331 2167 2583 2235 Ἰωάννην
2610 2160 3160 2234 καθυπισχνούμενοι.
3204 2162 3292 2224 Ὠς
3315 2160 3443 2228 γοῦν
3472 2158 3677 2223 μεταξὺ

2102 2259 2292 2330 χρόνος
2322 2257 2593 2328 ἐτρίϐετο,
2620 2259 2715 2311 καὶ
2737 2258 2785 2310 οί
2818 2256 2918 2328 μὲν
2942 2255 3226 2317 ἀναϐολαῖς
3256 2250 3554 2322 ὲναιώρουν
3579 2251 3680 2321 τὴν

2103 2353 2417 2421 προδοσίαν,
2446 2352 2494 2405 οἱ
2524 2351 2580 2403 δὲ
2613 2352 2735 2403 ὅσον
2769 2348 2922 2402 οὔπω
2960 2348 3156 2401 ἀνύσαι
3199 2346 3260 2399 τὸ
3290 2348 3397 2399 πᾶν
3429 2344 3680 2416 ἦλπιζον,

2103 2445 2405 2514 ἐπιχειρεῖν
2444 2459 2498 2496 τι
2543 2441 2652 2495 τῶν
2703 2440 2948 2509 συνήθων
3005 2438 3146 2506 ἔγνω
3175 2441 3202 2491 ό
3248 2428 3518 2507 Ἰωάννης.
3570 2437 3682 2491 Καὶ

2103 2533 2408 2604 σκοπητέον
2442 2533 2518 2597 ὡς
2554 2532 2775 2604 ἄριστα.
2808 2531 3020 2593 Νυκτὸς
3053 2531 3160 2600 γὰρ
3216 2530 3408 2583 ἑαυτὸν
3446 2528 3679 2598 σχοίνοις

2101 2628 2191 2683 διά
2221 2626 2317 2681 τοῦ
2344 2626 2561 2698 τείχους
2609 2624 3016 2695 καταχαλάσας,
3064 2622 3138 2685 ὡς
3176 2620 3252 2693 μὴ
3282 2619 3565 2691 φωραθείη
3592 2618 3679 2673 διὰ

2102 2806 2300 2862 salutis
2348 2820 2541 2860 omnes
2573 2804 2628 2858 in
2692 2804 2819 2872 fuga
2863 2808 3173 2871 reponeret.
3210 2797 3281 2854 Ut
3333 2807 3515 2852 autem
3546 2797 3680 2853 satis

2101 2902 2341 2971 denique
2396 2900 2548 2954 illum
2585 2896 2870 2953 desultorii
2931 2895 3136 2950 erroris
3189 2905 3244 2949 et
3274 2893 3411 2963 fugae
3453 2891 3679 2947 infinita

2105 2995 2327 3051 taulium
2387 2994 2560 3073 pepit,
2591 2991 2863 3061 simulque
2913 2988 3289 3045 cunctantium
3352 2986 3421 3041 ab
3471 2986 3674 3041 exteris

2102 3089 2436 3144 auxiliorum
2463 3085 2782 3156 suspicatus
2816 3082 3134 3153 conjectura
3165 3094 3417 3144 causam,
3450 3079 3520 3132 ab
3558 3076 3679 3132 uni-

425 3179 707 3244 dederent,
776 3176 985 3232 arcium
1049 3190 1180 3231 vero
1243 3176 1492 3245 praesidia
1543 3176 1688 3230 inter
1737 3175 2002 3245 ancipites
2031 3209 2075 3266 C
2109 3180 2281 3234 versis
2304 3178 2416 3249 jam
2444 3191 2505 3232 se
2528 3177 2694 3230 sociis
2719 3173 3041 3229 derelictum
3089 3170 3376 3235 intellexit,
3405 3170 3519 3225 arci
3552 3167 3672 3222 cui.

426 3268 730 3327 sententias
783 3266 1128 3321 fluctuarent.
1195 3265 1401 3336 Exigua
1462 3280 1564 3319 nec
1625 3265 1870 3336 longum,
1941 3274 2001 3320 ut

425 3361 745 3432 apparebat,
804 3359 1039 3412 valitura
1097 3356 1221 3411 fidei
1269 3356 1466 3411 Joanni
1516 3358 1655 3412 datae
1696 3358 2001 3435 reverentia

425 3454 716 3509 cohibente
743 3450 962 3520 ab‘ipso
999 3449 1065 3504 ad
1127 3450 1361 3519 primam
1395 3450 1579 3505 statim
1640 3450 1996 3521 irruptionem

426 3543 737 3615 prodendo;
764 3558 889 3596 nam
922 3541 990 3596 ad
1019 3550 1321 3603 extremum
1354 3543 1526 3596 vitare
1565 3557 1623 3596 se
1660 3557 1819 3611 posse
1847 3543 2001 3598 dedi-

427 3637 594 3692 tionis
621 3634 1001 3691 uecessitatem
1032 3635 1475 3703 desperaverant,
1521 3634 1706 3704 utique
1746 3650 1869 3690 cum
1888 3635 1998 3690 cir-

426 3728 920 3799 cumspicientibus
950 3737 1171 3797 cuncta,
1200 3725 1392 3781 salutis
1410 3727 1518 3782 alia
1540 3728 1628 3783 via
1652 3729 2000 3798 expediendae

427 3822 568 3875 ratio
602 3819 921 3873 humanitus
958 3825 1243 3888 appareret
1272 3817 1441 3872 nulla.
1500 3816 1644 3873 Inter
1672 3820 1785 3874 haec
1829 3817 2041 3873 Joan-'

428 3926 527 3964 nes
560 3910 676 3980 ipse
706 3910 909 3980 passim
970 3909 1218 3964 desertus
1251 3924 1280 3962 a
1318 3909 1609 3978 plerisque,
1642 3925 1739 3964 nec
1762 3910 1870 3964 alio
1881 3910 1994 3980 jam

425 4003 540 4059 fere
573 4019 736 4074 (luam
765 4001 1116 4056 familiarium
1155 4000 1582 4056 domesticorum
1603 4012 1789 4072 scptus
1828 4004 1992 4059 comi-

426 4105 563 4159 tatu,
596 4105 710 4149 arte
744 4104 907 4163 atque
940 4093 1161 4162 ingenio
1186 4093 1441 4163 supplere
1492 4093 1767 4148 defectum
1829 4111 1994 4163 Opum

424 4200 480 4244 et
519 4188 682 4258 capiti
736 4204 801 4243 ac
860 4203 1088 4242 summa:
1139 4203 1322 4241 rerum
1355 4203 1578 4243 suarum
1621 4205 1779 4258 quam
1812 4198 1998 4259 posset

425 4283 632 4352 optime
660 4281 949 4337 consulere
984 4280 1284 4341 nitebatur,
1318 4279 1436 4334 loca
1473 4296 1540 4333 ex
1593 4280 1727 4334 locis
1755 4288 1996 4346 mutans,

430 4389 695 4443 nusquam
751 4373 843 4426 diu
897 4371 1229 4436 consistens,
1279 4386 1425 4425 nunc
1455 4370 1567 4432 bic,
1595 4386 1721 4424 mox
1754 4370 1863 4424 illic
1892 4370 1997 4423 im-

428 4466 647 4535 proviso
695 4464 1030 4534 apparendo,
1086 4472 1318 4518 conatus
1358 4463 1787 4531 insequentium,
1815 4462 1995 4532 quoad

2107 3272 2254 3343 piam
2284 3271 2509 3326 munita:
2546 3277 2715 3339 caput
2736 3266 3081 3334 salutemque
3107 3264 3382 3318 cenfldere
3409 3261 3671 3317 decrevit.

2104 3366 2245 3434 Ergo
2268 3379 2328 3419 se
2353 3362 2549 3417 Patras
2600 3358 2893 3416 conferens
2947 3356 3257 3427 (praevalida
3318 3356 3435 3409 haec
3467 3363 3586 3408 erat
3619 3361 3674 3408 et

2102 3456 2529 3528 propugnaculis
2554 3468 2748 3509 recens
2781 3444 3010 3506 structis
3047 3446 3414 3503 munitissima
3461 3445 3671 3513 civitas)

2100 3565 2167 3605 eo
2227 3564 2289 3604 se
2341 3546 2586 3610 inclusit,
2638 3545 2894 3600 idoneum
2947 3542 3001 3596 id
3056 3540 3368 3611 praesidium
3402 3548 3553 3593 ratus
3580 3540 3666 3593 cui

2102 3656 2373 3698 summam
2410 3654 2595 3694 rerum
2645 3648 2701 3691 et
2730 3635 2990 3704 reliquias
3043 3634 3277 3688 fortuna:
3320 3633 3374 3686 in
3429 3641 3669 3687 extremo

2103 3732 2427 3789 discrimine
2452 3728 2845 3786 custodiendas
2873 3737 3019 3782 recte
3048 3727 3316 3781 crederet.
3349 3726 3416 3779 At
3447 3726 3667 3794 despota

2100 3827 2341 3882 Joannes
2370 3824 2463 3895 qui
2492 3832 2749 3892 tauquam
2776 3820 3030 3891 indagine
3049 3819 3290 3874 clausam
3312 3818 3482 3873 feram
3507 3833 3666 3873 vena-

2103 3930 2188 3975 tor
2268 3919 2512 3986 undique
2575 3915 2853 3986 vestigans
2907 3913 3115 3967 nullum
3174 3913 3336 3966 linem
3397 3908 3663 3980 quazreudi

2098 4009 2328 4065 Joannis
2354 4009 2512 4063 ducis
2552 4007 2720 4075 inque
2755 4020 2910 4060 suam
2942 4010 3272 4074 potestatem
3311 4001 3554 4070 redigere
3580 4016 3665 4052 eo-

2103 4103 2266 4157 nandi
2310 4102 2567 4161 faciebat,
2600 4099 2690 4153 ubi
2720 4100 2831 4151 cito
2862 4098 3113 4167 cognovit
3142 4094 3317 4149 Patris
3346 4110 3471 4149 eum
3498 4095 3664 4148 inclu-

2100 4212 2239 4259 sum,
2270 4210 2334 4249 eo
2358 4194 2644 4266 contestim
2673 4191 2971 4244 exercitum
3008 4192 3226 4257 rapiens
3256 4203 3459 4242 corona
3486 4189 3662 4240 urbem

2099 4287 2486 4349 circumdedit,
2547 4298 2723 4354 prono
2778 4281 2845 4336 ad
2901 4281 2953 4335 id
2988 4296 3122 4336 usus
3176 4280 3359 4335 studio
3383 4279 3661 4334 ducumac

2101 4381 2363 4444 militum,
2397 4393 2536 4448 quos
2566 4388 2621 4431 ct
2654 4377 2807 4445 ipsos
2831 4374 2956 4428 belli
2990 4389 3101 4427 uno
3131 4373 3186 4426 in
3215 4372 3390 4441 capite
3420 4370 3660 4441 patrandi

2103 4471 2427 4541 percupidos
2467 4470 2748 4524 alacritate
2781 4467 3082 4537 pelliciebal
3117 4469 3185 4520 ad
3231 4464 3661 4520 contendendum

426 4564 660 4625 poterat,
723 4554 1014 4609 frustrans.
1079 4553 1215 4608 Nam
1283 4569 1505 4607 manum
1568 4568 1881 4620 conserere,
1946 4562 1999 4609 et

2104 4567 2241 4620 mira
2302 4565 2419 4632 ipsa
2474 4579 2583 4617 non
2634 4560 2799 4616 dubia
2834 4561 3032 4615 vicinia
3070 4558 3282 4628 praedae,
3335 4558 3424 4612 cui
3466 4554 3661 4631 dudum

427 4649 601 4702 aleam
627 4647 810 4717 jacere
830 4646 1018 4716 prmlii,
1044 4646 1358 4701 destitutum
1390 4646 1580 4715 copiis,
1620 4646 1758 4700 ultra
1782 4660 1998 4700 omnem

427 4750 488 4794 ut
526 4738 862 4803 facultatem,
922 4737 993 4792 ita
1045 4739 1430 4808 cogitationem
1459 4746 1598 4792 erat.
1635 4737 1805 4792 Porro
1832 4738 2001 4792 duces

425 4845 492 4884 ac
530 4830 733 4885 milites
762 4831 999 4900 despotic
1022 4828 1128 4883 late
1152 4844 1249 4898 per
1276 4831 1551 4898 regionem
1586 4826 1761 4895 sparsi
1802 4827 1998 4883 ducem

426 4920 665 4976 hostium
692 4921 782 4975 ubi
809 4921 1002 4975 lateret
1054 4920 1311 4974 omnibus
1355 4917 1599 4989 vestigiis
1627 4917 1955 4989 indagabant

427 5022 738 5071 scrutantes
791 5013 1012 5068 assidue
1049 5013 1165 5067 loca
1208 5022 1404 5067 cuncta
1439 5011 1637 5080 quibus
1669 5010 1834 5081 326
1868 5026 1993 5065 eum

424 5106 685 5160 abscondi
736 5106 819 5160 vel
874 5107 1068 5174 exigua
1114 5105 1355 5174 suspicio
1409 5117 1532 5157 esse
1580 5113 1784 5173 posset.
1844 5101 1997 5157 Unde

425 5212 551 5252 eum
588 5198 679 5252 ille
732 5197 969 5251 latebras
1024 5196 1257 5251 subinde
1295 5205 1553 5250 mutuans
1588 5194 1856 5249 continuo
1905 5192 1997 5249 fu-

424 5301 599 5361 geret,
627 5291 873 5345 trabebat
902 5300 1028 5359 post
1052 5306 1109 5344 se
1136 5289 1344 5354 hostes,
1384 5288 1616 5343 ulterius
1648 5286 1729 5341 sic
1778 5301 1997 5356 semper

425 5387 480 5439 in
512 5388 631 5456 ejus
677 5383 899 5439 ditionis
956 5396 1077 5435 sese
1141 5387 1524 5450 promoventcs
1558 5378 1796 5431 intima:
1856 5392 1995 5447 quos

427 5477 520 5532 ille
553 5477 669 5546 ipse
696 5473 1001 5529 manifestis
1050 5471 1425 5541 deprehensus
1478 5468 1696 5524 iudiciis
1726 5469 1883 5524 ducis
1911 5467 1996 5523 fu-

424 5567 622 5637 gientis
678 5568 840 5620 timor
874 5563 1194 5619 audaciores
1234 5559 1455 5614 scilicet
1513 5558 1993 5616 ineoinvebendo
2039 5602 2044 5608 .

422 5659 675 5722 faciebat,
708 5657 872 5713 lretos
896 5657 1082 5726 utique
1125 5670 1232 5724 qua
1263 5652 1410 5706 clare
1444 5651 1813 5719 praevalebant
1847 5654 1990 5708 mul-

425 5753 672 5819 titudine,
726 5767 828 5806 nec
881 5764 1206 5822 magnopere
1260 5747 1666 5801 formidandum
1698 5748 1990 5819 quidquam

423 5844 748 5902 arbitrantes
776 5846 845 5900 ab
893 5861 956 5900 eo
1001 5844 1091 5915 qui
1122 5841 1326 5895 viribus
1358 5841 1533 5911 palam
1565 5838 1832 5909 dillidens,
1866 5859 1987 5912 Spes

2103 4658 2471 4720 inbiavcrant,
2499 4670 2660 4722 quam
2705 4654 2816 4708 suis
2860 4653 3048 4721 utique
3096 4650 3208 4721 jam
3256 4652 3508 4705 manibus
3532 4651 3661 4705 elabi

2094 4749 2373 4816 negabant
2402 4760 2582 4815 posse.
2607 4743 2827 4800 Crebris
2875 4752 3001 4798 ante
3044 4742 3227 4796 omnia
3264 4743 3556 4811 colloquiis
3610 4749 3662 4796 et

2103 4834 2558 4904 promissionibus
2598 4832 2788 4887 tentati
2812 4832 3157 4887 obsessorum
3191 4832 3259 4885 ab
3286 4831 3661 4886 obsidentibus

2100 4927 2268 4981 animi
2300 4934 2450 4981 sunt.
2478 4924 2893 4994 Proponebatur
2922 4923 3057 4993 ipsis
3083 4938 3178 4994 per
3210 4923 3443 4979 subinde
3472 4927 3662 4979 missus

2101 5018 2277 5090 pellas
2306 5026 2362 5071 et
2384 5026 2692 5085 quaestuosa
2718 5012 2983 5079 conditio,
3010 5010 3321 5083 paciscendi
3344 5015 3446 5069 sibi
3476 5029 3663 5084 praater

2100 5109 2534 5163 incolumitatem
2571 5121 2851 5170 securam,
2887 5107 3226 5177 amplissima
3254 5108 3660 5175 certissimaque

2097 5200 2342 5271 praemia,
2396 5215 2519 5269 quae
2566 5199 2864 5269 promereri
2909 5200 3090 5255 statim
3119 5208 3345 5270 possent
3394 5201 3537 5256 facili
3568 5200 3657 5254 dea

2098 5294 2308 5348 ditione
2343 5293 2507 5346 unius
2558 5292 2815 5357 hominis,
2850 5307 3032 5346 causae
3079 5302 3160 5346 t0t
3188 5293 3456 5347 malorum
3494 5294 3575 5348 vel
3608 5294 3655 5347 in

2099 5398 2340 5454 praesens
2382 5385 2692 5455 urgentium
2726 5385 2812 5440 vel
2860 5385 2913 5439 in
2947 5383 3188 5439 futurum
3238 5386 3653 5441 imminentium.

2097 5477 2189 5533 Sic
2220 5479 2365 5531 enim
2396 5488 2549 5555 certo
2596 5475 2879 5544 haberent,
2911 5494 3187 5547 nunquam
3233 5478 3358 5533 inde
3389 5480 3657 5535 abscessu.

2097 5584 2210 5633 ros,
2234 5577 2328 5622 aut
2352 5568 2459 5622 alio
2487 5569 2697 5637 .quovis
2732 5578 2981 5638 respectu
3026 5570 3351 5625 avertendos
3393 5571 3654 5625 Rommtos

2095 5661 2197 5714 nisi
2233 5662 2481 5715 confecta
2518 5676 2609 5726 re;
2645 5677 2742 5714 nec
2789 5661 3010 5715 interim
3064 5663 3396 5729 parcituros,
3426 5673 3518 5717 aut
3548 5662 3647 5715 ulla

2095 5751 2472 5805 misericordia
2529 5752 2863 5807 revocandis
2917 5753 2984 5806 ab
3037 5754 3256 5807 urendis
3278 5761 3388 5811 tota
3444 5756 3647 5823 regione

2094 5843 2338 5913 frugibus
2369 5859 2431 5898 ac
2458 5845 2633 5913 tectis,
2677 5846 2818 5917 agris
2854 5861 2916 5898 ac
2973 5847 3105 5899 5;.th
3135 5848 3506 5903 t0.tt‘uicattd:t
3535 5854 3643 5902 cor.
