3964 6598
269 446 352 507 777

1182 434 1279 494 DE
1315 428 1707 491 MICHAELE
1750 424 2212 486 PALt‘EOLOGO
2252 424 2398 483 LIB.
2450 426 2547 485 IV.

3360 418 3465 477 778

268 556 586 631 στρατοπέδου
645 553 897 624 βαδίζων,
944 550 1105 615 εὐθὺς
1145 567 1203 603 τε
1260 545 1795 620 μετασχηματίζεται
1826 548 1872 604 Α
1899 540 2126 612 λιπαρεῖ
2163 542 2401 613 βοηθεῖν,
2440 544 2519 605 είς
2573 541 2755 594 πίστιν
2785 540 2839 594 δέ
2895 538 3003 593 τῶν
3041 535 3282 591 σπονδῶν
3336 536 3467 587 ἐαυ-

268 655 346 706 xei
396 648 599 719 χλαῖναν
636 646 735 715 μὲν
796 644 1055 715 μέλαιναν
1112 639 1471 712 περιτίθεται,
1524 636 1715 706 κρατεῖ
1749 633 1792 688 δ’

265 750 349 801 ἀνὰ
374 748 541 816 χεῖρας
570 743 739 795 ἵππου
776 743 1003 814 ῥυτῆρα,
1039 742 1129 794 καὶ
1161 738 1305 793 κατὰ
1341 737 1648 808 θεράποντα
1695 753 1793 804 με-

264 834 705 902 τασκευασάμενος
762 832 1131 885 καθευδόντων
1184 830 1313 899 περὶ
1378 827 1545 898 μέσας
1594 826 1795 883 νύκτας

266 928 387 981 ἅπαν
414 925 469 976 τὸ
494 922 845 993 στρατόπεδον
869 921 1067 992 διεξῄει
1096 918 1521 991 ἐρωτηματικῶς
1537 915 1797 985 ἐκφωνῶν

266 1017 490 1088 συχνάκις
506 1032 567 1067 πε
579 1016 630 1083 ρί
645 1015 812 1067 ἵππου
826 1015 985 1082 δῆθεν
1008 1012 1365 1073 ἀπολωλότος.
1389 1009 1497 1063 Καὶ
1512 1010 1561 1061 οἱ
1582 1008 1681 1079 μὲν
1700 1024 1799 1059 κα-

263 1108 519 1178 τημέλουν,
551 1109 594 1159 οἱ
616 1107 675 1159 δέ
696 1109 791 1160 καὶ
822 1105 1184 1174 ἀπελογοῦντο
1212 1104 1420 1157 ἔνδοθεν
1447 1102 1553 1155 τῶν
1586 1099 1798 1171 σκηνῶν

265 1202 327 1271 μὴ
352 1200 463 1251 ἰδεῖν
485 1199 539 1250 τὸ
569 1199 807 1263 σύνολον,
829 1199 1036 1251 ἐκείνου
1066 1197 1237 1250 καὶτὰ
1269 1197 1347 1259 είς
1372 1195 1587 1265 εὕρεσιν
1603 1192 1797 1261 δαψιλῆ

258 1290 791 1359 καθυπισχνουμένου.
844 1291 954 1343 Καὶ
998 1289 1139 1342 οὕτω
1183 1288 1361 1341 λαθὼν
1402 1287 1496 1350 τὰς
1546 1287 1801 1339 ἁπάντων

262 1384 462 1450 γνώσεις
490 1379 780 1433 ἀπολύεται
814 1382 910 1451 μὲν
935 1381 1028 1433 τοῦ
1065 1379 1374 1450 Ῥωμαϊκοῦ
1412 1376 1800 1447 στρατοπέδου,

262 1474 609 1537 ἐνσκευασθεὶς
642 1474 696 1527 δὲ
732 1474 827 1543 ἅμ’
858 1473 954 1543 ἕῳ,
990 1474 1084 1527 καὶ
1134 1471 1200 1525 δι’
1226 1472 1436 1542 ἀδήλων
1469 1470 1569 1532 τὰς
1616 1467 1803 1538 Θήόας

263 1569 309 1616 ἐν
336 1567 549 1635 ἡμέραις
586 1566 834 1634 μετρίαις
866 1564 1212 1624 καταλαϐὼν,
1249 1559 1475 1632 μηδενὸς
1500 1559 1608 1613 τῶν
1639 1556 1801 1610 αὐτοῦ

261 1659 437 1719 εἰδότος
465 1657 604 1725 (οὐδὲ
642 1658 752 1726 γὰρ
777 1657 825 1708 οί
862 1657 1009 1709 ἔνδον
1036 1656 1266 1722 Πατρῶν
1290 1654 1432 1724 πλὴν
1456 1655 1563 1706 τῶν
1588 1652 1804 1705 οἰκείων

222 1750 342 1825 ,καὶ
373 1743 445 1811 οἷς
503 1750 784 1801 ἐπίστευεν
826 1749 1045 1819 ᾔδεσαν,
1099 1748 1148 1800 οἳ
1195 1747 1257 1817 δὴ
1306 1749 1399 1798 καὶ
1449 1747 1535 1813 ἐφ’
1570 1745 1804 1815 ἡμέραις

259 1842 458 1910 ἔμελλον
508 1842 820 1905 συσκιάζζειν
860 1841 919 1893 τὸ
968 1840 1151 1908 δρᾶμα
1198 1841 1311 1901 τοῖς
1348 1839 1405 1891 ἐν
1436 1840 1501 1907 τῇ
1544 1837 1696 1891 πόλει
1731 1835 1806 1907 μὴ

260 1934 557 2003 φαινομένου
591 1932 686 1985 τοῦ
736 1932 1029 2003 Ἰωάννου),
1065 1934 1245 1984 ἐκεῖσε
1277 1930 1456 1983 τοίνυν
1504 1927 1595 1983 τὸν
1629 1928 1804 1999 μέγαν

258 2024 425 2095 κύριον
445 2024 874 2091 καταλαμϐάνει,
905 2022 1305 2092 ὁμωνυμοῦντά
1335 2022 1383 2073 οἱ
1410 2020 1498 2091 [Ρ.
1522 2018 1654 2091 921]
1682 2019 1806 2088 (Zu—

262 2114 507 2184 ριωάννης
537 2117 648 2185 γὰρ
674 2113 815 2166 κατὰ
846 2112 1093 2182 γλῶτταν
1127 2111 1390 2182 ἐλέγετο),
1415 2109 1512 2164 καὶ
1549 2110 1612 2180 δὴ
1636 2126 1805 2180 προσ-

262 2296 579 2365 rumpeudis,
642 2294 961 2350 excidendis
1014 2293 1206 2359 vineis,
1261 2292 1499 2361 denique
1551 2289 1709 2361 ipsis,
1760 2288 1803 2342 si

224 2422 229 2429 ς
259 2388 485 2457 accipere
502 2388 685 2441 oblata
702 2393 1035 2451 recusarent,
1058 2395 1314 2455 tanquam
1346 2383 1596 2438 hostibus
1623 2381 1813 2435 inexo-

260 2480 483 2535 rabiliter
502 2480 753 2546 infensis,
784 2479 935 2533 omni
962 2478 1089 2533 belli
1114 2478 1271 2532 clade
1298 2474 1611 2546 perdendis,
1637 2486 1813 2544 quan-

263 2579 513 2641 tacunque
545 2572 708 2641 327
744 2571 811 2624 ad
848 2569 904 2623 id
952 2567 1339 2639 perficiendum
1372 2566 1632 2638 patientia
1674 2579 1813 2634 opus

260 2674 407 2719 esset.
455 2667 588 2719 Nam
643 2665 743 2718 sibi
793 2663 1071 2717 abundare
1122 2663 1316 2724 otium,
1350 2668 1404 2714 et
1427 2660 1584 2713 unice
1622 2673 1815 2713 vacare

261 2759 424 2813 soluto
444 2759 593 2813 curis
625 2757 767 2821 aliis,
798 2755 1193 2826 quantumlibet
1218 2753 1454 2821 spatium
1485 2755 1538 2807 in
1566 2767 1627 2807 ea
1662 2753 1831 2815 obsi-_

260 2850 405 2904 dioue
452 2866 802 2905 consumere.
845 2848 995 2902 Talia
1026 2847 1371 2902 denuntianti
1429 2846 1668 2915 despotte
1718 2845 1819 2898 Pa-

263 2948 455 2995 trenses
485 2941 604 2995 sive
628 2958 753 2995 vere
770 2941 1086 3010 sinceraque
1114 2939 1312 2993 mentis
1333 2938 1567 3008 propriae
1592 2946 1816 2992 senten-

262 3032 348 3095 tia,
402 3033 513 3087 sive
554 3033 632 3087 ita
682 3033 989 3087 faciendum
1038 3038 1386 3103 suggerente,
1441 3044 1605 3100 quem
1667 3029 1817 3083 intus

261 3135 431 3177 secum
458 3124 758 3188 habebant,
785 3123 995 3178 Joanne
1022 3122 1184 3187 duce,
1214 3130 1498 3177 mansuete
1544 3119 1820 3176 modeste-

1895 639 2005 700 τοῖς
2045 637 2143 690 καὶ
2182 636 2342 706 κῆδος
2384 634 2552 688 ἐτίθει
2609 633 2883 702 γενέσθαι,
2907 632 2982 695 ὡς
3037 629 3223 683 λαϐεῖν
3260 628 3485 681 ἐκεῖνον.

1898 727 2152 798 γαμϐρὸν
2200 728 2293 780 ἐπὶ
2342 727 2594 797 θυγατρί.
2649 726 2707 778 Ὀ
2736 726 2794 778 δὲ
2841 726 3013 795 μέγας
3057 722 3245 792 κύριος
3289 719 3471 772 Ἰωάν-

1900 837 1998 890 νης
2037 837 2105 872 τα
2156 817 2278 872 καθ’
2314 818 2477 870 αὑτὸν
2526 817 2625 887 μὲν
2677 818 2993 887 παρῃτεῖτο,
3042 814 3116 875 ὡς
3171 812 3292 883 μηδ’
3330 808 3471 863 εἶναί

1900 914 1949 964 οἱ
1978 912 2202 965 δυνατὸν
2243 910 2337 963 ἐπὶ
2403 909 2633 979 συζυγίᾳ
2676 907 3089 976 καταληφθῆναι
3138 904 3352 957 ἀσθενεῖ
3408 918 3471 969 γε

1900 1004 2013 1057 ὄντι
2076 1005 2169 1055 καὶ
2221 1002 2467 1071 ποδάγρα
2525 1002 2671 1070 δεινῇ
2727 998 3175 1069 προσπαλαίοντι,
3243 993 3470 1061 ἀδελφὸν

1900 1095 1957 1148 δέ
1987 1095 2035 1147 οἱ
2073 1091 2211 1148 εἶναι
2244 1094 2334 1146 τὸν
2369 1094 2535 1147 παῖδα
2584 1092 2930 1161 Γουλίελμον,
2974 1090 3031 1142 ὃν
3063 1089 3156 1143 καὶ
3186 1090 3264 1150 είς
3306 1088 3471 1156 κῆδος

1902 1183 2011 1239 οἷον
2031 1188 2231 1243 ἐκεῖνος
2263 1184 2545 1255 προῦτεινε
2572 1186 2665 1237 καὶ
2684 1184 2805 1236 λίαν
2832 1185 3102 1253 χρήσιμον
3122 1179 3468 1250 παρεδείκνυ.

1915 1279 2075 1333 Ἀλλὰ
2096 1278 2165 1331 τὰ
2196 1280 2289 1347 μὲν
2320 1277 2411 1331 τοῦ
2444 1277 2635 1346 κήδους
2667 1277 2761 1328 καὶ
2785 1275 3008 1344 ὕστερον
3042 1273 3193 1339 ἔλεγε
3221 1269 3474 1339 τελεσθή-

1906 1368 2093 1423 σεσθαι
2138 1369 2244 1421 τῶν
2288 1367 2752 1436 συναλλαγμάτων
2796 1367 3084 1435 κειμένων,
3118 1364 3144 1416 ὃ
3170 1363 3233 1433 δὴ
3266 1362 3358 1415 καὶ
3385 1361 3478 1429 γέ·-

1904 1456 2027 1529 γονε
2053 1480 2066 1493 ο
2094 1463 2212 1516 τότε
2239 1463 2294 1515 δὲ
2328 1460 2673 1531 τριακοσίους
2715 1459 3112 1527 καθαλλαρίους
3143 1456 3266 1517 δοὺς
3304 1454 3474 1522 αὐτῷ,

1904 1556 2063 1626 ἧκαί
2117 1555 2357 1618 πλείους,
2399 1554 2473 1616 ὡς
2530 1554 2766 1621 λέγεται,
2814 1551 2874 1615 ἐξ
2927 1551 3093 1619 αὐτῆς
3134 1547 3474 1616 ἀποπέμπει.

1906 1647 2103 1718 ἄνδρας
2134 1648 2389 1718 ἀρεῖκοὺς
2437 1646 2531 1700 καὶ
2558 1644 2770 1697 πολλῶν
2798 1662 2958 1696 τινων
3006 1643 3211 1695 καθυπε
3224 1639 3481 1710 ρτεροῦνε

1904 1758 2021 1802 τας.
2060 1738 2169 1803 Οὓς
2220 1737 2400 1790 λαϐὼν
2451 1738 2542 1789 καὶ
2574 1740 2685 1799 τοῖς
2714 1735 2880 1788 αὐτοῦ
2917 1732 3222 1803 προσμίξας
3265 1731 3352 1784 διὰ
3383 1746 3480 1781 τα⁶

1907 1835 2069 1903 χέων,
2101 1832 2175 1895 ὼς
2211 1831 2401 1901 μηδενὶ
2434 1830 2747 1900 φωραθείη,
2790 1829 2982 1896 καιρὸν
3012 1827 3351 1896 ἐπιτηρήσας
3384 1825 3482 1891 ἐμ-

1908 1925 2094 1977 πίπτει
2156 1923 2263 1977 τῶν
2305 1924 2659 1993 πραχθέντων
2713 1920 2786 1991 μὴ
2843 1918 3185 1988 αἰσθομένοις
3240 1915 3376 1987 μηδέ
3428 1931 3481 1966 τι

1908 2016 2299 2089 προσδοκῶσιν,
2334 2015 2447 2068 ἀλλ’
2479 2017 2535 2068 ἐν
2584 2014 2768 2069 ἀνέσει
2829 2014 3061 2083 παντοίᾳ
3110 2010 3355 2078 διάγουσι
3390 2009 3478 2060 λο-

1908 2108 2121 2178 γισμῶν
2151 2108 2226 2171 ὡς
2270 2106 2416 2160 ἔνδον
2467 2104 2944 2173 ἐγκεκλεισμένου.
2994 2103 3143 2166 Τέως
3182 2101 3239 2154 δὲ
3272 2101 3345 2163 ὡς
3377 2101 3462 2151 εἰσ

1916 2288 2141 2358 impune
2168 2286 2411 2357 trajectis
2439 2301 2601 2355 quam
2632 2286 2739 2340 late
2768 2283 3025 2354 patebant
3054 2279 3251 2336 castris
3288 2278 3484 2332 Itoma-

1918 2378 2007 2435 nis
2034 2380 2329 2446 universis,
2370 2378 2473 2434 sub
2503 2392 2758 2433 auroram
2797 2391 2891 2446 per
2933 2376 3048 2429 vias
3086 2372 3326 2428 occultas
3348 2385 3484 2426 con-

1915 2471 2087 2528 tendit
2108 2472 2322 2528 Thebas
2344 2487 2557 2533 versus,
2597 2487 2706 2541 quo
2760 2469 2951 2540 paucis
2996 2469 3188 2523 dit-bus
3234 2466 3489 2533 insupe-

1921 2567 2261 2622 ctatissimus
2291 2566 2564 2636 pervenit.
2594 2562 2864 2629 Quienim
2906 2562 2978 2616 ibi
3011 2561 3308 2636 quidquam
3344 2572 3486 2626 prae-

1921 2663 2137 2717 moneri
2196 2662 2262 2717 de
2294 2661 2458 2731 328
2473 2661 2589 2730 ejus
2622 2659 2857 2715 adventu
2886 2661 3176 2728 potuisset,
3206 2632 3383 2725 iquem
3421 2670 3489 2706 ne

1918 2758 2210 2811 l’atrenses
2235 2756 2454 2825 quidem
2482 2754 2657 2808 Patris
2678 2754 2979 2808 excessisse
3008 2751 3184 2805 adhuc
3204 2758 3488 2808 noverant,

1918 2849 2108 2919 paucis
2140 2848 2245 2902 illis
2278 2846 2706 2901 domesticorum
2738 2844 2964 2910 factum,
3016 2842 3173 2911 cujus
3208 2842 3306 2895 soli
3334 2852 3489 2893 erant

1920 2941 2147 3009 conscii,
2180 2941 2381 2996 silentii
2411 2941 2554 3011 quod
2587 2949 2776 2995 sancte
2808 2939 3173 3009 promiserant
3208 2936 3315 2989 fide
3344 2948 3491 2988 sum-

1922 3049 2008 3089 ma
2036 3033 2366 3099 celantibus,
2395 3045 2449 3088 et
2482 3044 2642 3103 prout
2669 3039 3003 3087 convenerat
3029 3028 3257 3083 Joannis
3291 3028 3481 3081 absen-

1923 3126 2051 3180 tiam
2115 3127 2421 3196 tegentibus
2469 3126 2703 3179 artiticio
2735 3124 2892 3179 facile
2921 3131 3201 3178 avertente
3247 3120 3493 3175 curiosas

261 3232 354 3284 que
382 3217 781 3285 respondebant
811 3224 1183 3281 ;excusanles.
1209 3224 1474 3268 maturam
1493 3213 1546 3267 in
1570 3210 1820 3282 ρηεευῐιιὶ
1849 3248 1891 3310 c
1927 3218 2269 3287 suspiciones
2292 3218 2543 3273 sollicitae
2573 3218 2875 3288 praesertim
2910 3225 2963 3271 et
3012 3216 3117 3269 alio
3151 3222 3373 3267 attentte
3395 3212 3488 3265 tali

264 3323 367 3364 rem
395 3325 499 3364 non
536 3326 664 3364 esse
689 3327 703 3375 ;
727 3310 1047 3380 suppliciter
1066 3317 1288 3363 orantes
1322 3307 1527 3361 remitti
1558 3305 1822 3375 tantisper

262 3401 683 3471 oppugnationis
759 3401 1047 3471 impetus;
1101 3414 1361 3471 magnum
1426 3396 1607 3452 brevis
1658 3411 1821 3451 morae

261 3494 481 3561 pretium
517 3493 643 3549 fore
668 3511 682 3561 ;
706 3509 833 3547 nam
867 3509 925 3547 se
948 3494 1164 3547 interim
1213 3491 1548 3546 confirmatis
1589 3489 1820 3555 viribus,

262 3585 346 3638 ubi
377 3587 656 3655 praesidio,
711 3575 856 3655 quod
914 3586 1230 3655 impositum
1282 3584 1589 3640 cervicibus
1619 3581 1823 3653 perfer-

264 3684 394 3736 rent,
429 3677 726 3731 eluctattdo
758 3677 891 3732 satis
936 3686 1179 3747 possent,
1222 3675 1405 3729 omnia
1468 3689 1588 3744 quae
1634 3688 1825 3743 posce-

259 3780 436 3822 rentur
487 3770 784 3825 effecturos
823 3778 877 3824 et
935 3768 1198 3823 Joannem
1250 3767 1305 3821 in
1366 3782 1518 3821 suam
1548 3766 1821 3819 redactum

260 3867 575 3926 potestatem
610 3860 924 3914 tradituros.
948 3858 1161 3912 Auditae
1182 3872 1367 3925 preces
1394 3866 1538 3911 sunt.
1590 3855 1682 3911 Vis
1710 3869 1827 3910 sus-

259 3953 509 4017 penditur
541 3970 555 4019 ;
581 3952 719 4007 fides
748 3960 1097 4022 exspectatur
1130 3951 1547 4022 promissorum.
1578 3946 1823 4018 Longum

260 4039 310 4091 in
337 4040 418 4095 his
446 4052 666 4113 tempus
720 4042 855 4109 abit,
903 4043 1030 4098 hinc
1082 4041 1437 4098 Patrensibus
1484 4042 1539 4095 in
1591 4040 1823 4095 artificio

258 4134 394 4202 quod
477 4135 747 4205 prodesse
799 4147 1063 4204 cmperat,
1119 4135 1369 4205 gnaviter
1428 4133 1823 4204 perstantibus,

259 4227 376 4283 inde
402 4230 671 4284 Romanis
695 4243 789 4298 8pc
819 4229 921 4283 sibi
950 4244 1091 4283 vana
1119 4229 1361 4283 victoriae
1382 4226 1646 4296 proximae
1670 4226 1825 4281 blan-

257 4322 550 4379 dientibus.
589 4324 706 4379 Hoc
738 4324 967 4379 articulo
1026 4339 1205 4377 rerum
1255 4298 1571 4376 tentandum
1622 4318 1827 4387 aliquid

260 4431 513 4487 magnum
552 4418 667 4472 dux
720 4416 963 4471 Joannes
996 4414 1297 4477 constituit,
1331 4413 1573 4467 adhibita
1605 4412 1659 4466 in
1693 4427 1827 4466 con-

257 4507 459 4575 silium,
481 4519 683 4579 przeter
699 4508 798 4577 ipsi
814 4506 1130 4562 familiarem
1154 4507 1501 4573 innatamque
1521 4504 1826 4570 audaciam,

1938 3318 2085 3365 statu
2116 3309 2376 3364 civitatis.
2412 3310 2741 3364 AtJoaunes
2786 3324 3039 3379 magnum
3070 3306 3273 3361 Thebis
3320 3304 3495 3359 domi-

1923 3420 2053 3458 num
2088 3403 2295 3458 invenit
2322 3404 2423 3459 sibi
2465 3403 2883 3473 cognominem:
2939 3400 3268 3470 Syrioannes
3293 3397 3494 3467 quippe

1924 3496 2111 3565 lingua
2150 3496 2259 3549 illic
2292 3496 2491 3550 usitata
2524 3494 2845 3549 vocabatur.
2879 3492 3036 3547 llunc
3068 3491 3255 3547 adiens
3288 3489 3490 3544 intimis

1924 3589 2180 3660 precibus
2206 3599 2329 3641 orat
2368 3598 2426 3641 ut
2456 3588 2557 3641 sibi
2615 3588 2933 3651 auxiliatur,
2991 3587 3174 3639 oblata
3210 3585 3263 3638 in
3293 3584 3495 3653 pignus

1924 3681 2153 3736 foederis
2183 3681 2401 3751 propria
2465 3681 2575 3734 tilia
2610 3678 2712 3749 ipsi
2742 3689 3001 3749 nuptura.
3039 3677 3119 3732 Ad
3151 3692 3215 3731 ea
3264 3692 3497 3746 magnus

1925 3776 2179 3831 dominus
2212 3775 2450 3829 Joannes
2475 3774 2704 3841 negabat
2736 3790 2792 3828 se
2817 3784 3001 3843 aptum
3038 3773 3263 3841 nuptiis,
3296 3772 3497 3841 quippe

1926 3882 2050 3922 cum
2113 3866 2273 3920 malis
2306 3865 2580 3934 desperati
2612 3865 2835 3918 remedii
2876 3864 3018 3928 aliis,
3056 3872 3169 3918 tum
3207 3864 3493 3918 incurabili

1926 3958 2227 4029 praesertim
2270 3956 2636 4012 conflictatum
2672 3957 2932 4026 podagra.
2970 3957 3073 4010 Sed
3112 3955 3334 4010 fratrem
3384 3955 3491 4010 sibi

1924 4068 2048 4107 esse
2082 4052 2486 4107 adolescentem
2510 4051 2864 4115 Gulielmum,
2891 4066 3054 4121 quem
3090 4052 3144 4105 in
3172 4052 3330 4105 istam
3375 4050 3491 4103 alli-

1927 4146 2154 4199 nitatem
2210 4144 2314 4198 sibi
2365 4144 2524 4198 valde
2555 4145 2841 4214 probatam
2875 4152 2927 4197 et
2964 4144 3237 4210 utrimque
3281 4143 3496 4212 judica-

1928 4246 2037 4292 tam
2072 4237 2259 4291 utilem
2297 4236 2535 4291 offerret.
2578 4255 2597 4289 r
2643 4235 2840 4291 Verum
2886 4237 3022 4293 haec,
3058 4252 3076 4286 ι
3116 4236 3310 4305 inquit,
3341 4234 3493 4305 «jam

1929 4344 2073 4383 nunc
2102 4330 2241 4383 inter
2269 4345 2369 4385 nos
2399 4338 2665 4383 conventa
2706 4343 2806 4383 suo
2857 4328 3108 4382 videlicet
3157 4328 3495 4382 curabuntur

1930 4428 2194 4489 tempore,
2241 4439 2258 4471 ι
2302 4428 2464 4490 prout
2503 4430 2586 4476 est
2639 4437 2829 4475 revera
2884 4420 3113 4483 faetum,
3148 4419 3268 4475 istis
3294 4419 3492 4475 deinde

1934 4511 2037 4564 rite
2104 4509 2394 4565 celebratis
2450 4511 2751 4579 nuptiiszr
2811 4525 2953 4564 nunc.
2994 4517 3053 4562 ut
3113 4508 3261 4578 quod
3332 4510 3497 4562 instat
3547 4516 3555 4523 '

258 4609 500 4654 extrema
530 4601 862 4654 necessitate
909 4615 1090 4654 rerum
1148 4612 1372 4653 suarum
1406 4597 1600 4652 ultimo
1630 4598 1740 4668 jam
1768 4596 1821 4651 in
1858 4602 1900 4656 Ι)
1930 4611 2343 4670 ριίενεηαιιιυε,
2376 4600 2563 4670 accipe
2597 4617 2627 4655 a
2666 4615 2752 4655 me
2786 4602 2987 4655 auxilia
3020 4615 3141 4669 qua:
3164 4600 3435 4669 postulas.
3468 4617 3487 4650 ι

257 4690 581 4745 discrimine
622 4690 1018 4760 pendentium:
1074 4698 1237 4744 noctu
1281 4705 1378 4759 per
1427 4688 1563 4744 fidos
1599 4704 1822 4759 paucos,

254 4782 466 4851 iuratos
508 4796 718 4836 arcano
763 4780 966 4835 factum
1001 4779 1309 4846 habituros,
1339 4778 1553 4835 demitti
1582 4793 1640 4833 se
1670 4793 1827 4831 cura-

253 4873 330 4927 vit
388 4874 621 4928 funibus
663 4888 759 4943 per
815 4887 1054 4935 murum,
1087 4880 1242 4927 veste
1295 4879 1456 4925 antea
1487 4876 1715 4933 mutata,
1759 4883 1829 4922 ne

254 4972 438 5031 posset
484 4964 728 5035 agnosci.
780 4963 920 5017 Tum
962 4973 1161 5017 uterat
1203 4975 1333 5032 sago
1356 4960 1512 5031 nigro
1559 4958 1612 5012 in
1641 4957 1829 5011 famuli

251 5057 493 5125 speciem
523 5060 788 5122 larvatus,
818 5056 941 5126 equi
974 5056 1213 5109 habenas
1241 5068 1403 5107 manu
1426 5062 1637 5112 tenens.
1666 5056 1830 5104 nocte

253 5148 528 5201 concubia
585 5148 985 5202 dormientibus
1040 5146 1272 5209 cunctis,
1310 5160 1406 5215 per
1431 5143 1609 5198 media
1634 5142 1831 5196 transit

252 5248 454 5303 castra,
491 5237 789 5293 identidem
850 5238 1129 5309 inquirens
1178 5236 1411 5308 supplici
1466 5236 1727 5301 clamore,
1782 5234 1828 5288 si

251 5331 373 5396 quis
419 5332 597 5385 sciret
660 5348 766 5401 quo
815 5332 1041 5386 abiisset
1096 5331 1197 5385 sibi
1253 5331 1469 5400 elapsus
1516 5343 1688 5398 equus
1729 5327 1829 5380 do-

250 5422 411 5487 mini,
458 5432 768 5477 rnonstrare
817 5438 886 5478 ne
931 5432 1247 5493 gravaretur
1300 5440 1312 5474 :
1367 5436 1613 5491 magnam
1648 5420 1830 5474 indicii

249 5512 568 5565 mercedem
618 5510 752 5565 fore.
807 5512 897 5566 Sic
949 5522 1168 5566 euntem
1229 5511 1271 5566 si
1331 5510 1422 5579 qui
1449 5510 1638 5579 vigiles
1681 5510 1832 5564 vide-

252 5595 406 5663 bant,
452 5600 752 5668 procedere
787 5601 1065 5665 sinebant,
1112 5600 1250 5653 nihil
1288 5598 1586 5669 suspicati:
1617 5598 1708 5652 alii
1735 5599 1830 5651 ab-

251 5689 281 5741 d
312 5691 349 5743 ti
375 5692 756 5747 tabernaculis
806 5709 941 5763 quos
990 5708 1216 5747 somnus
1264 5694 1331 5747 ab
1395 5691 1667 5746 audiendo
1722 5708 1830 5746 non

254 5790 491 5843 arceret,
534 5783 869 5853 negligenter
928 5782 1135 5837 reddita
1166 5784 1314 5836 intus
1365 5796 1495 5837 vaec
1534 5782 1833 5851 responde-

255 5870 381 5926 bant
427 5884 695 5944 negantes
733 5890 934 5944 equum
965 5875 1067 5929 sibi
1114 5875 1313 5927 visum.
1340 5874 1397 5927 ln
1428 5873 1575 5929 hunc
1606 5874 1827 5929 modum

593 5970 858 6029 l’nnon.
905 5971 1023 6031 Gn.
1068 5965 1309 6029 CXLlll

1929 4692 2189 4763 Datisque
2218 4692 2297 4747 illi
2330 4693 2643 4747 caballariis
2673 4694 2951 4756 trecentis,
3005 4701 3122 4756 attt,
3161 4702 3220 4746 ut
3271 4691 3496 4761 quidam

1929 4795 2206 4850 asserunt,
2243 4785 2516 4856 pluribus,
2553 4800 2677 4839 eum
2731 4787 2997 4840 c0ntinuo
3031 4784 3263 4839 dimisit.
3328 4784 3499 4836 Erant

1930 4875 1984 4929 hi
2021 4875 2312 4930 bellatores
2354 4875 2640 4930 lectissimi
2676 4890 2886 4940 omnes,
2922 4875 3273 4945 pluriumque
3324 4873 3497 4927 instar

1931 4968 2151 5036 singuli.
2182 4965 2291 5021 llos
2318 4966 2432 5021 suis
2463 4968 2732 5021 admistos
2764 4981 2977 5020 sunnna
3011 4966 3290 5018 celeritate
3352 4965 3496 5032 pari-

1931 5074 2037 5127 que
2090 5057 2329 5122 silentio,
2380 5073 2449 5112 ne
2520 5060 2630 5113 ullo
2671 5072 2833 5112 sensu
2892 5056 2966 5109 rei
3030 5071 3151 5126 qua:
3200 5057 3492 5122 parabatur

1933 5148 2117 5203 hostes
2186 5148 2631 5214 admonerentur,
2691 5149 2888 5203 castris
2935 5149 3001 5201 ad
3058 5147 3250 5201 Patras
3306 5147 3496 5215 positis

1932 5239 2250 5301 admovens,
2276 5239 2329 5291 in
2364 5255 2426 5292 ea
2462 5248 2769 5308 opportuno
2805 5248 3021 5308 captato
3077 5247 3320 5305 tempore
3362 5238 3493 5291 totis

1931 5330 2142 5383 viribus
2170 5330 2445 5398 irrumpit.
2504 5330 2764 5385 Umninm
2800 5331 2995 5384 horum
3033 5342 3264 5399 prorsus
3319 5329 3490 5397 ignari

1932 5419 2164 5476 Romani
2202 5431 2379 5484 erant,
2410 5424 2543 5476 nihil
2583 5434 2692 5475 tum
2731 5423 2910 5475 minus
2965 5438 3128 5491 quam
3169 5421 3271 5474 tale
3335 5420 3497 5489 quid-

1934 5513 2077 5579 piam
2119 5521 2521 5581 ex5pectantes.
2558 5513 2723 5580 Quin,
2760 5524 2818 5568 ut
2873 5514 2929 5569 in
2980 5515 3174 5582 supina
3205 5517 3501 5569 securitate

1936 5602 2048 5656 fieri
2085 5611 2253 5665 amat,
2290 5606 2344 5657 in
2371 5606 2551 5659 omnis
2603 5622 2661 5660 se
2723 5607 2941 5675 generis
2972 5606 3324 5662 remissiones
3356 5606 3500 5660 rela-

1934 5706 2217 5759 xaverant,
2255 5712 2412 5751 curas
2447 5698 2693 5753 solvente
2725 5708 2952 5755 cunctas
2988 5700 3270 5770 opinione,
3315 5699 3405 5754 cui
3443 5707 3503 5752 ut

1934 5786 2261 5841 certissimae
2315 5789 2736 5859 acquiescentes
2791 5794 3284 5862 persuasissimum.
3334 5792 3502 5851 habe-

1936 5878 2071 5934 bant
2100 5876 2366 5937 Joannem
2402 5883 2591 5962 utique
2619 5885 2840 5965 dasset,
2875 5903 2904 5950 a
2946 5904 3058 5965 quo
3119 5908 3227 5949 uno
3258 5900 3507 5948 metuere

2993 5987 3072 6048 ‘25
