3964 6562
322 354 413 418 781

1224 337 1321 399 DE
1380 336 1773 399 MICHAELE
1814 334 2277 396 PALIEOLOGO
2312 334 2460 396 LIB.
2496 333 2596 396 IV.

3424 334 3532 397 782

317 481 433 521 τονο
465 458 758 528 ἐκπώματα
787 455 891 526 γὰρ
921 454 1102 509 ἐκεῖνα
1130 455 1225 509 καὶ
1257 452 1459 507 ἔπιπλα
1485 454 1579 507 καὶ
1603 452 1747 507 ὅπλα
1769 451 1865 504 xui.
1889 449 1943 512 Α
1967 450 2159 520 σχερὲς
2185 450 2361 503 ἐκεῖνο
2405 450 2501 503 καὶ
2546 448 2951 519 ἀπροσδόκητον
2984 445 3269 519 σύμϐαμα,
3312 448 3533 511 πολλοῖς

320 560 503 616 ῖππους
536 551 626 605 καὶ
656 548 951 620 θεραπείαν
985 547 1152 619 ἀλλην
1194 547 1466 618 χλιδῶσαν
1514 545 1717 617 τρυφῆς
1744 543 1863 609 ὲξεο

317 648 512 707 κένουν,
561 643 719 711 μέχρι
765 639 860 692 καὶ
900 639 1080 693 αὐτῶν
1124 639 1232 692 τῶν
1275 638 1550 691 ὲπιπόδων
1598 635 1857 707 μυώπων,

318 739 527 792 πλεῖστα
579 730 1106 800 παρακερδαίνοντες
1133 747 1146 761 ο
1201 734 1291 784 καὶ
1338 730 1593 800 τηνικάδε
1640 729 1690 781 οἱ
1739 727 1861 780 τότε

317 828 505 893 ἔδειξαν
552 825 840 895 προφανῶς
890 823 951 876 τὸ
997 823 1091 877 τοῦ
1150 822 1523 885 ’Δντισθένους
1566 819 1816 889 ἀληθινόν
1842 832 1859 850 ο

318 920 437 989 φησὶ
486 915 592 985 γὰρ
648 917 849 976 ἐκεῖνος
909 915 1065 969 πάντ’
1117 914 1372 984 εὔχεσθαι
1429 915 1499 966 τὰ
1564 912 1704 965 καλά
1750 912 1865 973 τοῖς

315 1009 514 1079 ἐχθροῖς
546 1007 680 1077 πλὴν
716 1008 1007 1073 συνέσεως,
1054 1008 1125 1070 ὡς
1161 1010 1317 1061 πάνθ’
1343 1002 1430 1060 οἷά
1468 1024 1525 1059 τε
1561 1005 1712 1075 παρά
1745 1004 1867 1056 τού-

314 1118 414 1163 τοις
440 1099 712 1167 γενέσθαι,
744 1100 809 1169 ῆν
853 1099 1069 1152 σύνεσιν
1100 1099 1293 1169 ἔχοιεν.
1339 1099 1642 1169 Ἐδήλωσαν
1685 1096 1741 1149 δὲ
1772 1096 1864 1148 καὶ

314 1192 368 1246 τὸ
393 1192 489 1261 τῆς
519 1190 803 1255 εὐϐουλίας
836 1192 1024 1261 χρῆμα
1054 1194 1164 1253 τοῖς
1195 1190 1499 1257 ἀντιξοοῦσι
1534 1190 1628 1242 καὶ
1663 1187 1867 1258 μᾶλλον

313 1287 597 1355 χρήσιμον·
630 1282 874 1353 χιλιάδας
902 1284 1009 1353 γάρ
1051 1283 1211 1344 τόσας
1249 1284 1322 1343 ὡς
1352 1282 1444 1333 καὶ
1476 1282 1555 1342 εἰς
1601 1279 1864 1350 μυριάδας

314 1374 594 1428 ποσοῦσθαι
647 1374 705 1427 ἓν
754 1377 1138 1445 παρεστήσατο
1186 1373 1481 1442 βούλευμα,
1510 1372 1619 1424 ’καὶ
1663 1372 1711 1423 οῖ
1743 1370 1867 1439 χθὲς

313 1466 649 1526 πλουτοῦντες
685 1466 778 1517 καὶ
819 1465 1131 1533 τρυφῶντες
1170 1466 1281 1528 τοῖς
1335 1462 1566 1531 πλήθεσι
1626 1462 1868 1532 σήμερον

312 1556 543 1609 ταπεινοί
592 1573 651 1609 τε
702 1556 799 1608 καὶ⁵
858 1556 1139 1626 πενιχροὶ,
1201 1553 1722 1622 ἀνταγωνισαμένης
1769 1553 1869 1620 τῆς

1967 541 2066 612 μὲν
2090 541 2169 605 είς
2186 540 2388 610 λύπην.
2414 540 2593 603 ἀλλοις
2618 540 2675 593 δὲ
2703 539 2799 594 καὶ
2826 541 2906 603 είς
2926 538 3210 609 ἔκπληξιν,
3242 541 3351 603 τοῖς
3375 539 3420 592 δ’
3455 542 3535 602 εἰς

1964 633 2304 703 κατάγελων,
2353 631 2448 696 οὓς
2498 631 2563 703 δὴ
2598 632 2962 704 καταφρονεῖν
2987 631 3173 685 ἔπειθε
3201 630 3312 685 τῶν
3340 630 3538 702 μηκέτ’

1963 725 2132 780 ὄντων
2173 725 2265 778 καὶ
2296 728 2408 789 τοῖς
2429 724 2774 796 λειπομένοις
2806 725 3308 796 προσεπιτίθεσθαι.
3350 724 3542 778 Ἀκού-

1968 836 2162 883 σαντες
2200 821 2310 890 γάρ
2363 820 2423 872 τὸ
2457 820 2586 892 περὶ
2614 820 2704 873 τὸν
2752 818 2990 891 Εὔριπον
3036 820 3313 885 ναυτικὸν,
3362 814 3441 883 οἷς
3475 820 3541 889 δὴ

1965 910 2062 963 καὶ
2109 911 2189 974 είς
2229 911 2518 982 τριάκοντα
2576 910 2660 983 [Ρ.
2703 909 2833 982 925]
2872 911 3003 973 ναῦς
3046 912 3075 963 ό
3130 910 3312 971 στόλος
3358 910 3551 978 όλίγευη

1966 1003 2178 1065 δέοντος
2211 1003 2521 1073 ἐξηρτύετο,
2546 1003 2920 1073 κατεθάρρουν
2942 1002 3051 1057 τῶν
3082 1005 3173 1057 ἐπὶ
3196 1005 3276 1069 δὶς
3304 1005 3397 1056 καὶ
3420 1004 3544 1073 τρὶς

1968 1094 2259 1149 πλείστων.
2288 1097 2393 1149 Καὶ
2418 1096 2482 1167 δὴ
2509 1094 2568 1160 ἐξ
2594 1095 2766 1166 αὐτῆς
2790 1112 2852 1164 γε
2879 1095 3375 1165 ναυστολησάμενοι
3400 1097 3544 1149 κατά

1967 1186 2061 1241 τοῦ
2086 1188 2356 1253 βασιλείου
2385 1189 2571 1242 στόλου
2600 1187 2864 1260 ἐξώρμων
2880 1188 3266 1258 ναυλοχοῦντος
3288 1190 3415 1252 περί
3440 1205 3545 1241 που

1965 1278 2062 1348 τὴν
2082 1262 2465 1351 Ἀημητριάδα,
2488 1282 2563 1342 ὡς
2580 1280 2775 1334 αὐτίκα
2794 1282 3053 1348 φανέντες
3074 1282 3413 1351 αίρήσοντες.
3435 1283 3549 1338 Καὶ

1968 1369 2064 1438 ἅμ’
2103 1372 2445 1441 ὁρμήσαντες
2496 1369 2758 1438 ἔφθασαν,
2792 1374 2856 1441 τῇ
2898 1372 3211 1442 παραυτίκα
3250 1371 3424 1444 τόλμῃ
3453 1369 3548 1423 καὶ

1973 1461 2110 1531 μόνη
2133 1461 2415 1532 ἀραρότως
2454 1462 2769 1525 ἐλπίζοντες
2798 1462 3141 1532 καταπλῆξαι
3173 1466 3284 1527 τοῖς
3317 1466 3422 1534 πρὸ
3451 1464 3545 1517 τοῦ

1971 1551 2376 1618 κατεπτηχότας
2399 1551 2728 1623 σφάλμασιν.
2779 1552 3048 1620 Ἐφῆπται
3087 1554 3131 1605 δ’
3162 1554 3273 1622 ἀρα
3296 1556 3389 1607 xa‘t
3421 1554 3546 1607 τού-

311 1650 567 1711 ἁϐουλίας.
616 1650 891 1718 Ἀρχοντα
946 1650 1052 1717 γὰρ
1081 1648 1187 1718 χρὴ
1219 1646 1515 1715 πειρᾶσθαι
1558 1648 1650 1697 καὶ
1692 1645 1875 1697 κινδυ-
1972 1658 2085 1705 τοις
2118 1642 2267 1710 παρά
2304 1643 2500 1713 μικρὶν
2532 1642 2591 1694 οὐ
2627 1643 2823 1713 μικρὸς
2870 1643 3127 1707 κίνδυνος.
3156 1644 3313 1697 Τοῦτ’
3348 1646 3546 1712 ἀγγελ-

311 1738 516 1791 νεύοντα
536 1737 609 1800 ὼς
634 1737 666 1807 ἢ
698 1736 1046 1807 νικήσονταῆ
1073 1735 1309 1798 εὐκλεῶς
1339 1735 1693 1804 πεσούμενον.
1717 1731 1874 1786 Κατά
1976 1730 2067 1784 θὲν
2097 1732 2173 1803 τῷ
2205 1732 2442 1804 δεσπότῃ
2480 1732 2720 1801 διάγοντι
2762 1734 2902 1789 κατά
2930 1734 3026 1805 τὴν
3053 1734 3363 1805 Δριμίανιν,
3388 1735 3422 1806 ἢ
3451 1738 3548 1789 καὶ

310 1830 354 1881 τί
376 1831 476 1899 γὰρ
507 1830 600 1880 καὶ
634 1828 813 1898 ἄρχοι,
850 1829 897 1881 εί
944 1830 1019 1897 μή
1056 1844 1119 1895 γε
1152 1826 1488 1897 προμηθοῖτο
1534 1825 1643 1878 τῶν
1673 1823 1869 1889 ἀλλων,
1904 1816 1945 1871 Β
1978 1824 2179 1893 μᾶλλον
2213 1825 2271 1877 τὸ
2301 1825 2499 1899 ἀληθὲς
2534 1827 2711 1899 εἰπεῖν
2752 1829 2845 1881 καὶ
2875 1826 3091 1881 ἁλύοντι
3123 1828 3377 1882 τοσούτου
3407 1845 3550 1898 συμ-

310 1915 378 1973 ὦν
402 1920 582 1988 ἄρχειν
630 1919 829 1987 ἐτάχθη
859 1935 875 1984 ;
908 1920 1017 1971 Καὶ
1055 1916 1253 1981 σκοπὸς
1294 1915 1392 1987 μὲν
1425 1916 1525 1968 οὐκ
1555 1913 1867 1979 ἀνεύθυνος,

312 2014 355 2065 εί
378 2011 451 2081 μὴ
481 2010 737 2080 προείποι
765 2012 857 2063 καὶ
887 2010 1324 2081 προφυλάξηται,
1367 2009 1551 2079 ἅρχων
1574 2008 1617 2060 δ’
1644 2005 1871 2060 ἀνεύθυ-

309 2123 391 2159 νον
422 2109 658 2165 πάντως.
713 2104 762 2156 εί
808 2103 883 2173 μὴ
931 2102 1345 2175 προκινδυνεύοι
1382 2095 1456 2153 ὧν
1489 2099 1695 2170 ἐτάχθη
1742 2115 1871 2152 σκο⁴

313 2197 442 2260 πός;
482 2195 785 2266 Ούμενοῦν,
834 2192 931 2247 οὔ·
978 2193 1173 2247 πολλοῦ
1221 2210 1284 2263 γε
1317 2194 1412 2248 καὶ
1456 2192 1557 2247 δεῖ.

376 2288 524 2342 Οὕτω
543 2290 647 2358 μὲν
680 2288 772 2341 οὖν
802 2287 1112 2358 παραλόγου
1144 2287 1241 2357 τῆς
1265 2284 1434 2355 τύχης
1454 2284 1743 2355 συμϐάσης
1780 2283 1873 2338 καὶ

308 2380 407 2433 τῶν
438 2379 919 2448 ὑπολελειμμένων
944 2379 1392 2448 κατεπτηχότων,
1434 2379 1627 2431 ἀνεῖσα
1653 2379 1713 2431 τὸ
1746 2394 1875 2431 πτε-

310 2470 394 2537 ρὸν
415 2471 623 2540 ήῖφήμη
647 2471 765 2531 θεὸς
782 2466 938 2535 οὖσα,
955 2470 1025 2532 ὼς
1049 2471 1289 2538 λέγεται,
1312 2470 1695 2540 περιαγγέλλει
1711 2469 1770 2522 τὸ
1786 2470 1876 2524 δυ-

307 2645 561 2714 siqnidem
608 2646 753 2716 ipsos
800 2661 1016 2716 quoque
1084 2646 1305 2701 aculeos
1345 2646 1633 2702 calcarium
1685 2650 1874 2707 sedulo

311 2740 457 2810 331
493 2742 816 2809 colligentes
856 2742 1201 2809 apponebant
1235 2740 1411 2806 lucro,
1458 2743 1553 2795 tali
1610 2758 1873 2800 successu

312 2836 720 2889 deumnstrante
742 2836 1035 2889 manifeste
1055 2851 1219 2904 quam
1241 2838 1481 2904 prudens
1505 2846 1689 2891 votum
1713 2837 1875 2893 fuerit

308 2926 647 2982 Antisthenis
689 2930 870 2982 omnia
910 2930 1162 2983 hostibus
1198 2928 1436 2997 Optantis
1474 2929 1616 2983 bona
1677 2940 1876 3000 praeter

309 3030 579 3077 mentem:
627 3036 753 3074 nam
788 3020 877 3074 cui
914 3021 1207 3075 consilium
1249 3020 1504 3086 defuerit,
1572 3021 1696 3090 ejus
1755 3028 1876 3076 the-

310 3114 450 3165 sauri
488 3113 775 3181 quantivis
828 3113 880 3166 in
930 3113 1166 3182 praedam
1202 3112 1523 3185 sapientiori
1563 3114 1776 3168 cedent.
1814 3114 1872 3168 ln

310 3204 469 3257 millia
500 3205 839 3259 bellatorum
876 3207 1042 3260 t0ties
1080 3205 1442 3274 multiplicata
1487 3214 1543 3259 ut
1572 3206 1871 3276 myriadem

311 3311 409 3350 non
428 3313 595 3351 unam
613 3296 933 3360 conflarem,
955 3297 1025 3351 ita
1045 3298 1243 3352 evertit
1266 3296 1563 3365 alllixitque
1594 3306 1873 3352 momento

310 3389 596 3441 consilium
657 3388 898 3443 hominis
946 3389 1133 3452 unius,
1190 3397 1249 3443 ut
1284 3399 1363 3443 tot
1413 3389 1489 3443 illi
1530 3404 1593 3442 ac
1633 3389 1769 3443 tanti
1804 3403 1872 3441 ex

310 3480 417 3533 heri
446 3480 725 3550 opulentis
760 3492 813 3534 et
846 3482 1005 3551 copia
1037 3497 1221 3536 rerum
1257 3496 1428 3550 usque
1484 3481 1549 3535 ad
1593 3481 1780 3535 luxum
1820 3489 1876 3535 et

306 3569 526 3627 delicias
557 3574 1075 3629 circumfluentibus
1120 3574 1281 3628 hodie
1317 3573 1571 3635 humiles,
1630 3582 1873 3642 egentes,

306 3665 419 3736 vagi
478 3667 695 3735 palmas
754 3668 1117 3736 porrigerent,
1159 3682 1266 3720 non
1307 3667 1663 3722 mendicitate
1697 3666 1873 3736 magis

305 3774 460 3824 quam
531 3759 881 3827 professione
941 3761 1228 3815 dedecoris
1287 3761 1519 3831 pr0prii,
1582 3775 1725 3830 quos
1772 3777 1872 3816 sua

312 3850 549 3918 ipsorum
619 3850 867 3904 socordia
932 3850 1282 3904 debellasset.
1342 3849 1613 3904 Nimirum
1678 3851 1871 3906 ducent

311 3941 581 3995 exercitus
623 3940 818 3993 fortem
852 3940 1074 4005 quidem
1110 3948 1165 3993 et
1194 3941 1358 3994 vitam
1387 3954 1607 4011 quoque
1646 3956 1710 3995 ac
1744 3959 1873 3997 san-

308 4035 521 4103 guinem
559 4050 663 4103 pro
716 4033 887 4104 gloria
916 4033 1162 4088 victoria:
1218 4033 1424 4102 pacisci
1489 4044 1725 4102 certum,
1782 4038 1874 4091 sed

307 4137 563 4195 [meterca
601 4126 818 4196 vigilem
851 4140 915 4179 ac
944 4124 1114 4179 futuri
1141 4125 1427 4195 providum
1461 4142 1585 4182 esse
1637 4136 1875 4196 oportet,

306 4236 631 4289 semperque
656 4220 769 4272 acri
796 4217 1019 4271 solertia
1047 4217 1338 4283 intentum,
1374 4233 1440 4272 ne
1469 4219 1593 4287 quis
1624 4218 1878 4289 inOpinao

305 4324 386 4367 tus
408 4315 634 4383 ingruat
662 4326 849 4365 casus.
872 4310 926 4364 Id
954 4310 1098 4363 enim
1129 4311 1292 4363 otlicii
1320 4311 1502 4365 omnis
1529 4311 1874 4381 przefcctura,

307 4407 541 4459 maxime
566 4415 750 4457 autem
783 4401 1057 4467 militaris,
1092 4402 1346 4455 sustinet.
1379 4400 1461 4454 Ad
1481 4401 1603 4468 hoc,
1632 4404 1874 4471 inquam,

1973 1914 2167 1977 ϐάντος
2190 1898 2539 1987 πράγματος,
2566 1898 2786 1980 ἀνέζεσέ
2810 1934 2869 1970 τε
2896 1918 2995 1981 τάς
3016 1920 3116 1989 τῆς
3144 1919 3322 1991 ψυχῆς
3348 1920 3496 1991 ὁρμά
3510 1942 3548 1986 _:,

1973 2006 2071 2061 καὶ
2114 2007 2500 2078 ὑπερεπάθησε
2536 2008 2716 2073 δείσας
2749 2012 2877 2081 περὶ
2920 2010 2997 2082 τῷ
3038 2012 3229 2084 στόλῳ,
3262 2015 3310 2067 εί
3357 2014 3549 2067 τοσού-

1974 2114 2069 2151 του
2105 2099 2389 2166 γεγονότος
2423 2099 2498 2170 μὴ
2544 2100 2832 2173 ἐμπλησθῇ
2865 2104 2924 2156 τὸ
2963 2104 3245 2174 μοιρίδιον,
3281 2104 3420 2160 ἀλλά
3454 2109 3551 2158 καὶ

1975 2188 2121 2258 πέρα
2162 2190 2270 2244 τῶν
2327 2191 2628 2259 γεγονότων
2677 2193 2951 2262 προέλθοι.
3002 2193 3113 2247 Καὶ
3166 2194 3230 2264 δὴ
3282 2196 3340 2263 ἐξ
3376 2198 3551 2266 αὐτῆς

1973 2283 2117 2336 δυοῖν
2150 2282 2375 2353 ἡμερῶν
2403 2284 2677 2356 διάστημα
2706 2286 2836 2357 ὅλης
2874 2288 2969 2341 καὶ
3016 2288 3185 2359 μόνης
3216 2292 3346 2360 μιᾶς
3379 2296 3550 2345 ποιεῖ-

1974 2390 2065 2426 ται
2092 2375 2307 2439 νυκτὸς,
2336 2374 2431 2427 καὶ
2458 2375 2526 2429 τά
2564 2377 2658 2430 τοῦ
2690 2376 2854 2441 πεζοῦ
2909 2378 3144 2449 στρατοῦ
3190 2382 3551 2452 συναθροίσας

1978 2463 2494 2536 ἑγκαταλείμματα,
2530 2467 2865 2540 παραλαϐὼν
2915 2470 3014 2523 σὺν
3044 2471 3215 2542 αύτῷ,
3260 2474 3326 2543 τῇ
3362 2475 3553 2545 Δημη-

1984 2644 2161 2698 risum
2212 2652 2406 2700 nostro
2434 2645 2673 2702 ludibrio
2722 2648 2911 2703 movit.
2940 2648 3184 2721 Denique
3217 2667 3322 2707 non
3356 2653 3551 2710 defue-

1978 2746 2111 2791 runt
2143 2737 2237 2806 qui
2272 2753 2338 2792 ex
2374 2748 2541 2804 metu,
2567 2755 2678 2809 quo
2727 2742 2881 2811 prius
2918 2744 3245 2798 tenebantur
3291 2744 3556 2802 Romamn

1976 2831 2257 2898 potentiae,
2285 2830 2339 2884 in
2370 2842 2744 2901 contemptum
2780 2835 3098 2901 transirent,
3130 2845 3180 2890 et
3224 2840 3555 2908 praecipuum

1977 2922 2261 2991 c0piarum
2302 2923 2513 2993 imperii
2556 2927 2723 2981 robur
2778 2927 2939 2998 332
2972 2930 3217 2985 excisum
3252 2933 3555 3002 dilapsum-

1977 3027 2084 3082 que
2146 3015 2500 3084 gratulantes,
2548 3016 2895 3073 delendarum
2951 3037 3167 3092 quoque
3205 3023 3556 3094 reliquiarum

1981 3107 2243 3176 impetum
2306 3120 2585 3179 caperent.
2643 3110 2779 3165 Nam
2836 3111 3028 3168 Latina
3087 3116 3280 3172 classis
3311 3132 3433 3187 quae
3487 3119 3553 3171 ad

1987 3200 2250 3283 Euripum
2289 3203 2488 3268 stabat,
2534 3205 2752 3259 navium
2781 3205 2941 3276 paulo
2992 3207 3174 3262 minus
3211 3209 3449 3280 triginta,
3476 3214 3557 3265 sic

1987 3296 2189 3351 animis
2222 3307 2383 3351 aucta
2418 3306 2501 3352 est
2531 3299 2716 3353 audita
2764 3298 2938 3364 nostri
2974 3302 3251 3357 terrestris
3281 3304 3556 3360 exercitus

1984 3388 2164 3454 clade,
2196 3397 2254 3441 ut
2282 3403 2390 3442 non
2423 3388 2697 3444 dubitaret
2731 3390 2891 3461 triplo
2921 3392 3347 3448 numerosiorem
3381 3395 3555 3464 impe~

1986 3482 2187 3537 ratoris
2218 3482 2460 3537 navalem
2487 3483 2808 3549 exercitum,
2865 3485 3153 3539 stationem
3222 3495 3351 3541 tunc
3410 3489 3558 3543 circa

1988 3571 2383 3627 Demetriadem
2416 3573 2729 3638 habentem,
2755 3574 2982 3630 incursu
3010 3577 3294 3645 repentino
3317 3579 3556 3649 aggredi.

1986 3665 2297 3735 Inspirabat
2342 3666 2680 3721 alacritatem
2750 3666 2805 3720 in
2843 3668 3017 3721 audax
3068 3670 3358 3725 consilium
3411 3683 3555 3726 certa

1991 3757 2185 3813 tiducia
2224 3759 2343 3827 pari
2377 3757 2596 3813 fortuna
2631 3759 2818 3813 utendi
2850 3761 3132 3816 maritimo
3158 3778 3377 3833 quoque
3416 3779 3556 3833 prae-

1985 3852 2081 3906 lio.
2118 3850 2621 3923 Persuaserantque
2653 3853 2780 3919 sibi,
2806 3854 2850 3907 si
2892 3856 3157 3924 perculsis
3209 3856 3558 3911 incommodo

1988 3947 2234 4001 terrestri
2268 3958 2320 4001 et
2356 3946 2561 4001 recenti
2594 3946 2747 4001 clade
2776 3948 2983 4003 territis
3014 3948 3199 4003 infesti
3231 3951 3555 4018 superveni-

1987 4048 2133 4103 rem,
2167 4040 2348 4109 specie
2378 4039 2493 4108 ipsa
2536 4041 2619 4095 sui
2645 4042 3013 4113 prmsentique
3044 4057 3282 4098 occursu
3314 4044 3557 4098 debella-

1991 4139 2169 4197 turos,
2200 4133 2580 4202 potiturosque
2615 4148 2739 4189 mox
2775 4135 3024 4201 navibus,
3053 4145 3211 4206 portu
3251 4138 3557 4205 praesertim

1991 4226 2224 4281 inclusis
2252 4237 2305 4281 et
2330 4242 2426 4295 per
2452 4228 2737 4298 angustias
2774 4228 3046 4298 esplicare
3075 4245 3196 4285 sese
3222 4231 3275 4284 in
3308 4229 3555 4285 navalem

1994 4317 2171 4371 aciem
2206 4331 2313 4371 non
2345 4316 2674 4373 valentibus.
2710 4317 2779 4371 Et
2820 4333 3011 4388 parum
3046 4317 3223 4373 abfuit
3283 4317 3414 4387 quin
3442 4318 3557 4388 spei

1993 4425 2277 4480 compOtes
2310 4410 2527 4477 ﬁerent,
2581 4420 2965 4480 momentoque
3017 4411 3209 4482 ingens
3254 4411 3556 4481 periculum

306 4500 438 4553 tales
476 4498 530 4551 in
571 4511 790 4550 summo
822 4493 1190 4557 collocantur,
1233 4503 1294 4545 ut
1330 4492 1488 4562 longe
1517 4493 1877 4562 prospiciunt.
1914 4513 1956 4569 ι)
1989 4518 2219 4557 summa:
2248 4502 2364 4557 illic
2400 4518 2584 4558 rerum
2619 4503 2742 4557 fuit.
2782 4502 2952 4573 Cujus
2985 4518 3111 4557 cum
3169 4514 3315 4558 esset
3356 4505 3556 4573 raptim

306 4593 386 4642 An
424 4591 572 4644 enim
609 4588 925 4657 speculator
974 4585 1026 4639 in
1065 4584 1221 4654 culpa
1283 4594 1369 4639 est
1404 4586 1494 4653 qui
1533 4601 1642 4638 non
1684 4586 1880 4655 praevi-

307 4687 469 4748 dcrit,
506 4700 619 4738 non
683 4680 1123 4752 prmindicaverit
1179 4679 1475 4743 perniciem
1536 4664 1879 4749 ingruentem

309 4778 463 4845 cujus
521 4772 868 4828 observando
893 4770 1144 4839 appulsui
1194 4769 1527 4823 constitutus
1577 4769 1629 4821 in
1660 4770 1881 4839 specula

304 4868 513 4922 fuerit:
555 4869 665 4921 dux
701 4865 991 4919 habebitur
1027 4863 1311 4925 innocens,
1348 4861 1442 4930 qui
1483 4876 1587 4913 non
1623 4864 1880 4930 praescie-

303 4964 395 5026 rit,
442 4977 553 5015 non
606 4958 943 5030 prarcaverit
994 4956 1247 5016 insidias,
1281 4954 1623 5035 furiivosque
1649 4956 1884 5024 impetus

304 5056 609 5125 sagacitate
643 5064 1053 5121 praeoccupans.
1090 5058 1305 5101 mature
1338 5048 1568 5101 obvians
1602 5048 1879 5112 averterit,

304 5149 445 5216 quod
492 5147 839 5214 potissimum
872 5153 931 5195 ut
962 5141 1129 5195 faciat
1164 5142 1216 5193 in
1250 5140 1303 5193 id
1335 5150 1556 5193 evectus
1604 5139 1880 5208 fastigium

303 5245 429 5295 est?
453 5242 572 5295 Non
605 5237 871 5309 profecto.
898 5235 1117 5290 Minime
1142 5234 1217 5301 id,
1254 5234 1513 5303 inquam;
1547 5248 1646 5287 nec
1676 5235 1741 5287 de
1779 5233 1883 5287 hoc

304 5336 596 5404 quisquam
622 5332 715 5402 qui
756 5330 931 5399 sapiat
961 5326 1313 5383 dubitaverit.

375 5428 650 5481 Castorum
695 5434 753 5478 ut
796 5424 943 5477 hunc
972 5418 1475 5489 inapinatissimum
1512 5433 1703 5473 casum
1740 5429 1883 5474 strc~

306 5538 439 5585 nne,
479 5531 537 5575 ut
569 5522 728 5584 solet,
760 5517 811 5570 in
855 5528 1045 5568 omnes
1074 5513 1179 5565 late
1210 5520 1394 5580 partes
1442 5510 1586 5565 fama
1619 5511 1881 5580 vulgavit,

304 5617 491 5669 varios
517 5616 567 5666 in
603 5611 771 5666 variis
800 5623 996 5679 repens
1029 5605 1254 5660 nuntius
1283 5604 1546 5661 excitavit
1575 5606 1883 5661 animormn

307 5716 511 5760 motus.
538 5703 730 5757 Multos
749 5701 895 5771 gravi
918 5698 1104 5753 dolore
1121 5696 1331 5760 affecit;
1358 5712 1462 5751 non
1487 5712 1692 5767 paucos
1710 5696 1889 5769 usque

309 5800 377 5853 ad
403 5810 682 5868 stuporem
716 5793 945 5865 perculit
977 5808 990 5856 ;
1026 5790 1354 5860 quibusdam
1392 5791 1550 5846 laetus
1576 5793 1796 5859 accidit,
1831 5805 1883 5849 et

1986 4592 2253 4648 indicium
2290 4594 2557 4663 perlatum
2574 4594 2639 4648 ad
2672 4592 2938 4649 Joannem
2972 4595 3257 4665 despotam
3288 4596 3342 4650 in
3376 4597 3555 4650 locum
3622 4638 3633 4641 ν

1985 4684 2073 4739 cui
2099 4700 2299 4739 nomen
2342 4685 2640 4740 Drimianis
2665 4687 2788 4756 fuga
2822 4696 3123 4756 receptura,
3159 4687 3206 4742 is
3243 4702 3556 4758 quanquam

1984 4778 2187 4848 plenus
2241 4776 2418 4832 cladis
2479 4785 2533 4831 et
2596 4777 2805 4846 pudore
2856 4793 3203 4848 nimroreque
3266 4779 3556 4843 confusus,

1992 4872 2252 4926 excitavit
2279 4886 2398 4926 sese
2430 4881 2636 4935 tamen,
2690 4872 2833 4927 haud
2866 4872 3061 4928 molles
3096 4874 3424 4930 admovente
3462 4878 3559 4929 sti-

1988 4965 2171 5019 mulos
2200 4966 2353 5033 justo
2389 4974 2561 5028 metu,
2590 4978 2656 5017 ne
2686 4964 2731 5021 si
2763 4978 2940 5018 novus
2982 4965 3084 5019 iste
3107 4980 3323 5035 quoque
3360 4982 3555 5021 succc-

1986 5057 2139 5113 derct
2171 5057 2238 5109 ad
2276 5064 2461 5109 votum
2503 5055 2739 5109 hostium
2772 5065 3024 5119 conatus,
3090 5071 3195 5110 non
3247 5056 3423 5110 solum
3465 5072 3552 5111 ac~

1986 5159 2147 5220 cepto
2185 5149 2298 5219 jam
2330 5149 2681 5203 incommodo
2714 5148 2897 5203 fatalis
2935 5150 3189 5203 cumulus
3238 5150 3553 5213 adderetur,

1991 5241 2087 5295 sed
2130 5239 2361 5294 ulterius
2404 5254 2623 5308 quoque
2658 5234 3353 5309 usque'inirreparabilem
3388 5240 3559 5310 impe-

1991 5334 2055 5388 rii
2094 5335 2310 5386 ruinam
2346 5333 2532 5385 damni
2582 5332 2856 5401 pernicies
2908 5331 3213 5387 excederet.
3242 5332 3383 5398 Quid
3411 5336 3557 5387 enim

1991 5426 2172 5481 timeri
2208 5426 2398 5479 mitius
2453 5433 2686 5493 poterat,
2759 5425 2802 5477 si
2842 5426 3060 5489 classis,
3097 5427 3211 5481 sola
3273 5435 3405 5480 tunc.
3433 5441 3559 5493 pars

1987 5522 2187 5575 virium
2224 5518 2491 5573 Romanis
2509 5518 2681 5581 salva,
2706 5518 3022 5572 deleretur?
3048 5516 3159 5573 llac
3188 5519 3559 5576 sollicitudine

1989 5614 2284 5668 instinctus
2318 5626 2385 5665 ex
2418 5610 2619 5679 ellugio
2649 5610 2744 5663 illo
2771 5625 2834 5663 ac
2864 5611 3089 5666 latebris
3115 5612 3295 5681 erupit
3316 5612 3467 5677 suis;
3506 5622 3561 5666 et

1988 5705 2135 5774 quod
2198 5702 2518 5758 Drimianim
2576 5718 2642 5757 ac
2703 5701 3101 5759 Demetriadem
3166 5705 3427 5760 intererat
3459 5707 3560 5760 iter

1990 5794 2142 5850 bidui
2205 5806 2313 5848 una
2374 5800 2533 5848 nocte
2593 5789 2899 5860 pervolans,
2936 5794 3106 5859 raptis
3168 5808 3375 5855 secum,
3420 5809 3559 5854 quas
