  <div class='ocr_page' id='page_1' title='image "/cluster/home/n/w/nwhite01/storage/ocr_20150623/143/hvd.32044019208321/430.png"; bbox 0 0 3964 6576; ppageno 0'>
   <div class='ocr_carea' id='block_1_1' title="bbox 320 630 412 695">
    <p class='ocr_par' dir='ltr' id='par_1_1' title="bbox 320 630 412 695">
     <span class='ocr_line' id='line_1_1' title="bbox 320 630 412 695; baseline -0.011 -1"><span class='ocrx_word' id='word_1_1' title='bbox 320 630 412 695; x_wconf 82' lang='grc'><strong>785</strong></span> 
     </span>
    </p>
   </div>
   <div class='ocr_carea' id='block_1_2' title="bbox 1239 632 2577 697">
    <p class='ocr_par' dir='ltr' id='par_1_2' title="bbox 1239 632 2577 697">
     <span class='ocr_line' id='line_1_2' title="bbox 1239 632 2577 697; baseline 0.003 -6"><span class='ocrx_word' id='word_1_2' title='bbox 1239 632 1336 692; x_wconf 84' lang='lat' dir='ltr'><strong>DE</strong></span> <span class='ocrx_word' id='word_1_3' title='bbox 1389 632 1782 695; x_wconf 79' lang='lat' dir='ltr'><strong>MICHAELE</strong></span> <span class='ocrx_word' id='word_1_4' title='bbox 1813 632 2282 697; x_wconf 72' lang='lat' dir='ltr'><strong>&#39;PALIEOLOGO</strong></span> <span class='ocrx_word' id='word_1_5' title='bbox 2325 634 2472 694; x_wconf 87' lang='lat' dir='ltr'>LIB.</span> <span class='ocrx_word' id='word_1_6' title='bbox 2514 637 2577 695; x_wconf 85' lang='lat' dir='ltr'><strong>V.</strong></span> 
     </span>
    </p>
   </div>
   <div class='ocr_carea' id='block_1_3' title="bbox 3439 626 3574 688">
    <p class='ocr_par' dir='ltr' id='par_1_3' title="bbox 3439 626 3574 688">
     <span class='ocr_line' id='line_1_3' title="bbox 3439 626 3574 688; baseline -0.015 0"><span class='ocrx_word' id='word_1_7' title='bbox 3439 626 3574 688; x_wconf 71' lang='lat'><strong>786”-</strong></span> 
     </span>
    </p>
   </div>
   <div class='ocr_carea' id='block_1_4' title="bbox 315 726 3546 816">
    <p class='ocr_par' dir='ltr' id='par_1_4' title="bbox 315 726 3546 816">
     <span class='ocr_line' id='line_1_4' title="bbox 315 726 3546 816; baseline -0.003 -20"><span class='ocrx_word' id='word_1_8' title='bbox 315 745 402 811; x_wconf 72' lang='grc' dir='ltr'><strong>τὰς</strong></span> <span class='ocrx_word' id='word_1_9' title='bbox 432 738 726 811; x_wconf 75' lang='grc' dir='ltr'><strong>προθυμίας</strong></span> <span class='ocrx_word' id='word_1_10' title='bbox 777 739 1001 797; x_wconf 77' lang='grc' dir='ltr'>ἐκείνων</span> <span class='ocrx_word' id='word_1_11' title='bbox 1056 741 1306 807; x_wconf 76' lang='grc' dir='ltr'>ὲπαύξων</span> <span class='ocrx_word' id='word_1_12' title='bbox 1357 745 1539 816; x_wconf 81' lang='grc' dir='ltr'>ῥιπτεῖ</span> <span class='ocrx_word' id='word_1_13' title='bbox 1586 744 1728 800; x_wconf 69' lang='grc' dir='ltr'>κατὰ</span> <span class='ocrx_word' id='word_1_14' title='bbox 1763 744 1867 815; x_wconf 84' lang='grc' dir='ltr'>γῆς</span> <span class='ocrx_word' id='word_1_15' title='bbox 1897 751 1943 807; x_wconf 81' lang='grc' dir='ltr'><strong>Α</strong></span> <span class='ocrx_word' id='word_1_16' title='bbox 1981 743 2242 816; x_wconf 82' lang='grc' dir='ltr'>Ἀχριδῶν</span> <span class='ocrx_word' id='word_1_17' title='bbox 2268 726 2556 815; x_wconf 76' lang='grc' dir='ltr'>Κεραμὲᾳ,</span> <span class='ocrx_word' id='word_1_18' title='bbox 2599 740 2697 795; x_wconf 84' lang='grc' dir='ltr'><strong>θέα</strong></span> <span class='ocrx_word' id='word_1_19' title='bbox 2730 740 2897 802; x_wconf 77' lang='grc' dir='ltr'>ὅντως</span> <span class='ocrx_word' id='word_1_20' title='bbox 2930 738 3137 807; x_wconf 77' lang='grc' dir='ltr'>ἐλεεινὴ</span> <span class='ocrx_word' id='word_1_21' title='bbox 3171 734 3267 789; x_wconf 75' lang='grc' dir='ltr'>καὶ</span> <span class='ocrx_word' id='word_1_22' title='bbox 3292 735 3546 805; x_wconf 83' lang='grc' dir='ltr'>δακρύων</span> 
     </span>
    </p>
   </div>
   <div class='ocr_carea' id='block_1_5' title="bbox 315 831 1864 905">
    <p class='ocr_par' dir='ltr' id='par_1_5' title="bbox 315 831 1864 905">
     <span class='ocr_line' id='line_1_5' title="bbox 315 831 1864 905; baseline 0.002 -20"><span class='ocrx_word' id='word_1_23' title='bbox 315 833 402 905; x_wconf 78' lang='grc' dir='ltr'>τὴν</span> <span class='ocrx_word' id='word_1_24' title='bbox 435 832 739 902; x_wconf 81' lang='grc' dir='ltr'><strong>καλύπτραν</strong></span> <span class='ocrx_word' id='word_1_25' title='bbox 771 831 871 902; x_wconf 78' lang='grc' dir='ltr'>τῆς</span> <span class='ocrx_word' id='word_1_26' title='bbox 917 832 1181 903; x_wconf 80' lang='grc' dir='ltr'><strong>κεφαλῆς,</strong></span> <span class='ocrx_word' id='word_1_27' title='bbox 1240 834 1334 890; x_wconf 79' lang='grc' dir='ltr'>καὶ</span> <span class='ocrx_word' id='word_1_28' title='bbox 1383 834 1530 889; x_wconf 83' lang='grc' dir='ltr'>κόνιν</span> <span class='ocrx_word' id='word_1_29' title='bbox 1583 835 1864 901; x_wconf 78' lang='grc' dir='ltr'>πάττεται,</span> 
     </span>
    </p>
   </div>
   <div class='ocr_carea' id='block_1_6' title="bbox 315 910 1870 1001">
    <p class='ocr_par' dir='ltr' id='par_1_6' title="bbox 315 910 1870 1001">
     <span class='ocr_line' id='line_1_6' title="bbox 315 910 1870 1001; baseline 0.003 -25"><span class='ocrx_word' id='word_1_30' title='bbox 315 925 400 977; x_wconf 74' lang='grc' dir='ltr'><strong>καὶ</strong></span> <span class='ocrx_word' id='word_1_31' title='bbox 424 924 673 993; x_wconf 82' lang='grc' dir='ltr'>δάκρυσιν</span> <span class='ocrx_word' id='word_1_32' title='bbox 697 923 926 993; x_wconf 77' lang='grc' dir='ltr'>ἱκετεύει</span> <span class='ocrx_word' id='word_1_33' title='bbox 953 925 1075 978; x_wconf 91' lang='grc' dir='ltr'>λίαν</span> <span class='ocrx_word' id='word_1_34' title='bbox 1100 926 1345 991; x_wconf 79' lang='grc' dir='ltr'><strong>ἐλεεινῶς</strong></span> <span class='ocrx_word' id='word_1_35' title='bbox 1365 925 1440 1001; x_wconf 82' lang='grc' dir='ltr'>μὴ</span> <span class='ocrx_word' id='word_1_36' title='bbox 1462 910 1870 1001; x_wconf 74' lang='grc' dir='ltr'>καταπροέσθαι</span> 
     </span>
    </p>
   </div>
   <div class='ocr_carea' id='block_1_7' title="bbox 315 1014 1872 1087">
    <p class='ocr_par' dir='ltr' id='par_1_7' title="bbox 315 1014 1872 1087">
     <span class='ocr_line' id='line_1_7' title="bbox 315 1014 1872 1087; baseline 0.002 -18"><span class='ocrx_word' id='word_1_37' title='bbox 315 1016 411 1069; x_wconf 84' lang='grc' dir='ltr'>τῶν</span> <span class='ocrx_word' id='word_1_38' title='bbox 453 1014 730 1084; x_wconf 75' lang='grc' dir='ltr'>συμϐόλων</span> <span class='ocrx_word' id='word_1_39' title='bbox 769 1016 1153 1087; x_wconf 83' lang='grc' dir='ltr'><strong>ἀπαγομένων.</strong></span> <span class='ocrx_word' id='word_1_40' title='bbox 1182 1017 1338 1075; x_wconf 77' lang='grc' dir='ltr'>Οὕτω</span> <span class='ocrx_word' id='word_1_41' title='bbox 1383 1019 1452 1072; x_wconf 80' lang='grc' dir='ltr'>τὰ</span> <span class='ocrx_word' id='word_1_42' title='bbox 1498 1018 1667 1074; x_wconf 85' lang='grc' dir='ltr'>πολλὰ</span> <span class='ocrx_word' id='word_1_43' title='bbox 1706 1036 1872 1072; x_wconf 88' lang='grc' dir='ltr'>κατα-</span> 
     </span>
    </p>
   </div>
   <div class='ocr_carea' id='block_1_8' title="bbox 313 1105 1868 1179">
    <p class='ocr_par' dir='ltr' id='par_1_8' title="bbox 313 1105 1868 1179">
     <span class='ocr_line' id='line_1_8' title="bbox 313 1105 1868 1179; baseline 0.003 -21"><span class='ocrx_word' id='word_1_44' title='bbox 313 1105 589 1160; x_wconf 83' lang='grc' dir='ltr'>λιτανεύων</span> <span class='ocrx_word' id='word_1_45' title='bbox 617 1108 711 1157; x_wconf 63' lang='grc' dir='ltr'><strong>καὶ</strong></span> <span class='ocrx_word' id='word_1_46' title='bbox 736 1105 915 1173; x_wconf 82' lang='grc' dir='ltr'><strong>λόγοις</strong></span> <span class='ocrx_word' id='word_1_47' title='bbox 946 1108 1042 1162; x_wconf 75' lang='grc' dir='ltr'>καὶ</span> <span class='ocrx_word' id='word_1_48' title='bbox 1065 1108 1306 1179; x_wconf 82' lang='grc' dir='ltr'>σχήμασι</span> <span class='ocrx_word' id='word_1_49' title='bbox 1335 1108 1523 1177; x_wconf 77' lang='grc' dir='ltr'>καὶτῷ</span> <span class='ocrx_word' id='word_1_50' title='bbox 1543 1108 1636 1161; x_wconf 77' lang='grc' dir='ltr'>τοῦ</span> <span class='ocrx_word' id='word_1_51' title='bbox 1666 1109 1868 1179; x_wconf 85' lang='grc' dir='ltr'>τρόπου</span> 
     </span>
    </p>
   </div>
   <div class='ocr_carea' id='block_1_9' title="bbox 316 1197 1870 1269">
    <p class='ocr_par' dir='ltr' id='par_1_9' title="bbox 316 1197 1870 1269">
     <span class='ocr_line' id='line_1_9' title="bbox 316 1197 1870 1269; baseline 0.001 -18"><span class='ocrx_word' id='word_1_52' title='bbox 316 1198 558 1264; x_wconf 78' lang='grc' dir='ltr'>ταπεινῷ,</span> <span class='ocrx_word' id='word_1_53' title='bbox 588 1197 813 1262; x_wconf 81' lang='grc' dir='ltr'>πολλούς</span> <span class='ocrx_word' id='word_1_54' title='bbox 850 1216 909 1251; x_wconf 88' lang='grc' dir='ltr'><strong>τε</strong></span> <span class='ocrx_word' id='word_1_55' title='bbox 943 1199 1389 1269; x_wconf 73' lang='grc' dir='ltr'>προσεπιϐάλλων</span> <span class='ocrx_word' id='word_1_56' title='bbox 1420 1201 1531 1265; x_wconf 83' lang='grc' dir='ltr'>τοῖς</span> <span class='ocrx_word' id='word_1_57' title='bbox 1569 1199 1768 1264; x_wconf 78' lang='grc' dir='ltr'>ἔξωθεν</span> <span class='ocrx_word' id='word_1_58' title='bbox 1794 1200 1870 1263; x_wconf 87' lang='grc' dir='ltr'><strong>ὡς</strong></span> 
     </span>
    </p>
   </div>
   <div class='ocr_carea' id='block_1_10' title="bbox 314 1288 1871 1369">
    <p class='ocr_par' dir='ltr' id='par_1_10' title="bbox 314 1288 1871 1369">
     <span class='ocr_line' id='line_1_10' title="bbox 314 1288 1871 1369; baseline 0.003 -26"><span class='ocrx_word' id='word_1_59' title='bbox 314 1288 739 1358; x_wconf 74' lang='grc' dir='ltr'><strong>ἀναπληροῦσθαι</strong></span> <span class='ocrx_word' id='word_1_60' title='bbox 792 1291 919 1356; x_wconf 86' lang='grc' dir='ltr'><strong>τοὺς</strong></span> <span class='ocrx_word' id='word_1_61' title='bbox 971 1291 1277 1359; x_wconf 81' lang='grc' dir='ltr'><strong>λείποντας,</strong></span> <span class='ocrx_word' id='word_1_62' title='bbox 1330 1293 1587 1369; x_wconf 65' lang='grc' dir='ltr'>ἀνήγειρε</span> <span class='ocrx_word' id='word_1_63' title='bbox 1635 1310 1695 1347; x_wconf 89' lang='grc' dir='ltr'><strong>τε</strong></span> <span class='ocrx_word' id='word_1_64' title='bbox 1746 1294 1871 1357; x_wconf 76' lang='grc' dir='ltr'>τοὺς</span> 
     </span>
    </p>
   </div>
   <div class='ocr_carea' id='block_1_11' title="bbox 316 1381 1888 1456">
    <p class='ocr_par' dir='ltr' id='par_1_11' title="bbox 316 1381 1888 1456">
     <span class='ocr_line' id='line_1_11' title="bbox 316 1381 1888 1456; baseline 0.003 -22"><span class='ocrx_word' id='word_1_65' title='bbox 316 1381 635 1453; x_wconf 70' lang='grc' dir='ltr'>μαχομένους</span> <span class='ocrx_word' id='word_1_66' title='bbox 663 1381 757 1436; x_wconf 70' lang='grc' dir='ltr'><strong>καὶ</strong></span> <span class='ocrx_word' id='word_1_67' title='bbox 797 1382 1203 1455; x_wconf 73' lang='grc' dir='ltr'>παρεθάρρυνε,</span> <span class='ocrx_word' id='word_1_68' title='bbox 1253 1383 1351 1441; x_wconf 78' lang='grc' dir='ltr'>καὶ</span> <span class='ocrx_word' id='word_1_69' title='bbox 1389 1384 1749 1456; x_wconf 75' lang='grc' dir='ltr'>ἀναισθήτουν</span> <span class='ocrx_word' id='word_1_70' title='bbox 1782 1383 1843 1438; x_wconf 88' lang='grc' dir='ltr'><strong>πί</strong></span> <span class='ocrx_word' id='word_1_71' title='bbox 1856 1414 1888 1431; x_wconf 60' lang='grc' dir='ltr'>ςι</span> 
     </span>
    </p>
   </div>
   <div class='ocr_carea' id='block_1_12' title="bbox 314 1475 1871 1548">
    <p class='ocr_par' dir='ltr' id='par_1_12' title="bbox 314 1475 1871 1548">
     <span class='ocr_line' id='line_1_12' title="bbox 314 1475 1871 1548; baseline 0.003 -22"><span class='ocrx_word' id='word_1_72' title='bbox 314 1489 540 1536; x_wconf 77' lang='grc' dir='ltr'>πτοντες,</span> <span class='ocrx_word' id='word_1_73' title='bbox 575 1475 891 1544; x_wconf 83' lang='grc' dir='ltr'>καρτερικοί</span> <span class='ocrx_word' id='word_1_74' title='bbox 920 1493 1062 1538; x_wconf 85' lang='grc' dir='ltr'>τινες</span> <span class='ocrx_word' id='word_1_75' title='bbox 1108 1478 1203 1531; x_wconf 76' lang='grc' dir='ltr'>καὶ</span> <span class='ocrx_word' id='word_1_76' title='bbox 1253 1476 1404 1548; x_wconf 73' lang='grc' dir='ltr'>παρὰ</span> <span class='ocrx_word' id='word_1_77' title='bbox 1434 1477 1495 1530; x_wconf 73' lang='grc' dir='ltr'><strong>τὸ</strong></span> <span class='ocrx_word' id='word_1_78' title='bbox 1540 1477 1657 1533; x_wconf 80' lang='grc' dir='ltr'>δέον</span> <span class='ocrx_word' id='word_1_79' title='bbox 1691 1476 1871 1546; x_wconf 82' lang='grc' dir='ltr'>φαινό-</span> 
     </span>
    </p>
   </div>
   <div class='ocr_carea' id='block_1_13' title="bbox 316 1565 1871 1639">
    <p class='ocr_par' dir='ltr' id='par_1_13' title="bbox 316 1565 1871 1639">
     <span class='ocr_line' id='line_1_13' title="bbox 316 1565 1871 1639; baseline 0.004 -26"><span class='ocrx_word' id='word_1_80' title='bbox 316 1580 474 1632; x_wconf 77' lang='grc' dir='ltr'>μενοι.</span> <span class='ocrx_word' id='word_1_81' title='bbox 507 1566 610 1616; x_wconf 73' lang='grc' dir='ltr'><strong>Καὶ</strong></span> <span class='ocrx_word' id='word_1_82' title='bbox 641 1565 791 1627; x_wconf 73' lang='grc' dir='ltr'>τέλος</span> <span class='ocrx_word' id='word_1_83' title='bbox 821 1565 1195 1635; x_wconf 83' lang='grc' dir='ltr'>περιγίνονται</span> <span class='ocrx_word' id='word_1_84' title='bbox 1224 1567 1333 1621; x_wconf 84' lang='grc' dir='ltr'>τῶν</span> <span class='ocrx_word' id='word_1_85' title='bbox 1356 1567 1568 1639; x_wconf 77' lang='grc' dir='ltr'>ἐχθρῶν</span> <span class='ocrx_word' id='word_1_86' title='bbox 1598 1568 1695 1622; x_wconf 82' lang='grc' dir='ltr'><strong>σὺν</strong></span> <span class='ocrx_word' id='word_1_87' title='bbox 1725 1568 1871 1639; x_wconf 82' lang='grc' dir='ltr'>πόνῳ</span> 
     </span>
    </p>
   </div>
   <div class='ocr_carea' id='block_1_14' title="bbox 313 1653 1871 1731">
    <p class='ocr_par' dir='ltr' id='par_1_14' title="bbox 313 1653 1871 1731">
     <span class='ocr_line' id='line_1_14' title="bbox 313 1653 1871 1731; baseline 0.003 -24"><span class='ocrx_word' id='word_1_88' title='bbox 313 1653 477 1724; x_wconf 81' lang='grc' dir='ltr'>πολλῷ</span> <span class='ocrx_word' id='word_1_89' title='bbox 503 1655 595 1708; x_wconf 79' lang='grc' dir='ltr'>καὶ</span> <span class='ocrx_word' id='word_1_90' title='bbox 639 1656 858 1726; x_wconf 74' lang='grc' dir='ltr'>μόχθῳ·</span> <span class='ocrx_word' id='word_1_91' title='bbox 904 1658 994 1711; x_wconf 75' lang='grc' dir='ltr'><strong>καὶ</strong></span> <span class='ocrx_word' id='word_1_92' title='bbox 1029 1657 1094 1729; x_wconf 81' lang='grc' dir='ltr'>δὴ</span> <span class='ocrx_word' id='word_1_93' title='bbox 1137 1658 1283 1712; x_wconf 84' lang='grc' dir='ltr'>δυοῖν</span> <span class='ocrx_word' id='word_1_94' title='bbox 1315 1659 1350 1731; x_wconf 84' lang='grc' dir='ltr'>ἢ</span> <span class='ocrx_word' id='word_1_95' title='bbox 1400 1660 1496 1713; x_wconf 71' lang='grc' dir='ltr'>καὶ</span> <span class='ocrx_word' id='word_1_96' title='bbox 1539 1660 1705 1731; x_wconf 83' lang='grc' dir='ltr'>τριῶν</span> <span class='ocrx_word' id='word_1_97' title='bbox 1732 1661 1871 1717; x_wconf 83' lang='grc' dir='ltr'>ἀπο-</span> 
     </span>
    </p>
   </div>
   <div class='ocr_carea' id='block_1_15' title="bbox 309 1743 1873 1817">
    <p class='ocr_par' dir='ltr' id='par_1_15' title="bbox 309 1743 1873 1817">
     <span class='ocr_line' id='line_1_15' title="bbox 309 1743 1873 1817; baseline 0.003 -21"><span class='ocrx_word' id='word_1_98' title='bbox 309 1743 581 1812; x_wconf 85' lang='grc' dir='ltr'>δρασασῶν</span> <span class='ocrx_word' id='word_1_99' title='bbox 614 1746 669 1800; x_wconf 77' lang='grc' dir='ltr'>αἱ</span> <span class='ocrx_word' id='word_1_100' title='bbox 717 1744 903 1805; x_wconf 61' lang='grc' dir='ltr'>λοιπαὶ</span> <span class='ocrx_word' id='word_1_101' title='bbox 956 1746 1098 1797; x_wconf 77' lang='grc' dir='ltr'>κατὰ</span> <span class='ocrx_word' id='word_1_102' title='bbox 1140 1747 1340 1817; x_wconf 85' lang='grc' dir='ltr'>κράτος</span> <span class='ocrx_word' id='word_1_103' title='bbox 1390 1747 1746 1805; x_wconf 72' lang='grc' dir='ltr'>ἁλίσκονται*</span> <span class='ocrx_word' id='word_1_104' title='bbox 1779 1749 1873 1801; x_wconf 69' lang='grc' dir='ltr'>καὶ</span> 
     </span>
    </p>
   </div>
   <div class='ocr_carea' id='block_1_16' title="bbox 308 1837 1873 1912">
    <p class='ocr_par' dir='ltr' id='par_1_16' title="bbox 308 1837 1873 1912">
     <span class='ocr_line' id='line_1_16' title="bbox 308 1837 1873 1912; baseline 0.001 -24"><span class='ocrx_word' id='word_1_105' title='bbox 308 1837 471 1907; x_wconf 77' lang='grc' dir='ltr'>οἱμὲν</span> <span class='ocrx_word' id='word_1_106' title='bbox 519 1837 824 1906; x_wconf 83' lang='grc' dir='ltr'>σφαγέντες</span> <span class='ocrx_word' id='word_1_107' title='bbox 875 1840 1136 1900; x_wconf 78' lang='grc' dir='ltr'>πεσόντες</span> <span class='ocrx_word' id='word_1_108' title='bbox 1187 1840 1270 1912; x_wconf 72' lang='grc' dir='ltr'><strong>εἰς</strong></span> <span class='ocrx_word' id='word_1_109' title='bbox 1317 1840 1589 1899; x_wconf 79' lang='grc' dir='ltr'>θάλασσαν</span> <span class='ocrx_word' id='word_1_110' title='bbox 1641 1840 1873 1894; x_wconf 74' lang='grc' dir='ltr'>ἀπεπνίρ</span> 
     </span>
    </p>
   </div>
   <div class='ocr_carea' id='block_1_17' title="bbox 308 1928 1874 2009">
    <p class='ocr_par' dir='ltr' id='par_1_17' title="bbox 308 1928 1874 2009">
     <span class='ocr_line' id='line_1_17' title="bbox 308 1928 1874 2009; baseline 0.004 -29"><span class='ocrx_word' id='word_1_111' title='bbox 308 1943 473 1995; x_wconf 82' lang='grc' dir='ltr'>γοντο,</span> <span class='ocrx_word' id='word_1_112' title='bbox 527 1928 707 1998; x_wconf 73' lang='grc' dir='ltr'>ἰχθύσι</span> <span class='ocrx_word' id='word_1_113' title='bbox 746 1929 950 2003; x_wconf 74' lang='grc' dir='ltr'>μᾶλλον</span> <span class='ocrx_word' id='word_1_114' title='bbox 1003 1931 1034 2000; x_wconf 75' lang='grc' dir='ltr'>ἢ</span> <span class='ocrx_word' id='word_1_115' title='bbox 1087 1931 1302 2009; x_wconf 80' lang='grc' dir='ltr'>ἀλόχοις</span> <span class='ocrx_word' id='word_1_116' title='bbox 1341 1934 1438 1989; x_wconf 84' lang='grc' dir='ltr'><strong>καί</strong></span> <span class='ocrx_word' id='word_1_117' title='bbox 1472 1932 1683 1996; x_wconf 84' lang='grc' dir='ltr'>τέκνοις</span> <span class='ocrx_word' id='word_1_118' title='bbox 1732 1929 1874 2004; x_wconf 82' lang='grc' dir='ltr'>ἦσαν</span> 
     </span>
    </p>
   </div>
   <div class='ocr_carea' id='block_1_18' title="bbox 308 2018 1873 2097">
    <p class='ocr_par' dir='ltr' id='par_1_18' title="bbox 308 2018 1873 2097">
     <span class='ocr_line' id='line_1_18' title="bbox 308 2018 1873 2097; baseline 0.006 -28"><span class='ocrx_word' id='word_1_119' title='bbox 308 2018 539 2086; x_wconf 65' lang='grc' dir='ltr'>φίλτατοι</span> <span class='ocrx_word' id='word_1_120' title='bbox 564 2039 579 2054; x_wconf 76' lang='grc' dir='ltr'><strong>ο</strong></span> <span class='ocrx_word' id='word_1_121' title='bbox 619 2022 667 2073; x_wconf 80' lang='lat' dir='ltr'><strong>oi</strong></span> <span class='ocrx_word' id='word_1_122' title='bbox 700 2022 745 2074; x_wconf 85' lang='grc' dir='ltr'>δ’</span> <span class='ocrx_word' id='word_1_123' title='bbox 785 2021 935 2078; x_wconf 82' lang='grc' dir='ltr'>ἄλλοι</span> <span class='ocrx_word' id='word_1_124' title='bbox 985 2022 1431 2091; x_wconf 80' lang='grc' dir='ltr'>συγκλεισθέντες</span> <span class='ocrx_word' id='word_1_125' title='bbox 1479 2024 1707 2096; x_wconf 77' lang='grc' dir='ltr'>γαστέρι</span> <span class='ocrx_word' id='word_1_126' title='bbox 1746 2025 1873 2097; x_wconf 77' lang='grc' dir='ltr'>νηὸς</span> 
     </span>
    </p>
   </div>
   <div class='ocr_carea' id='block_1_19' title="bbox 1973 826 3546 906">
    <p class='ocr_par' dir='ltr' id='par_1_19' title="bbox 1973 826 3546 906">
     <span class='ocr_line' id='line_1_19' title="bbox 1973 826 3546 906; baseline -0.009 -14"><span class='ocrx_word' id='word_1_127' title='bbox 1973 838 2122 902; x_wconf 80' lang='grc' dir='ltr'>ἀξία,</span> <span class='ocrx_word' id='word_1_128' title='bbox 2156 833 2599 906; x_wconf 74' lang='grc' dir='ltr'>περιστέλλονται</span> <span class='ocrx_word' id='word_1_129' title='bbox 2633 850 2693 886; x_wconf 87' lang='grc' dir='ltr'><strong>τε</strong></span> <span class='ocrx_word' id='word_1_130' title='bbox 2725 833 2799 895; x_wconf 84' lang='grc' dir='ltr'>ὼς</span> <span class='ocrx_word' id='word_1_131' title='bbox 2834 831 2978 894; x_wconf 76' lang='grc' dir='ltr'>εἰκὸς</span> <span class='ocrx_word' id='word_1_132' title='bbox 3024 828 3157 899; x_wconf 73' lang='grc' dir='ltr'>παρ’</span> <span class='ocrx_word' id='word_1_133' title='bbox 3193 826 3402 882; x_wconf 80' lang='grc' dir='ltr'>ἐκείνου</span> <span class='ocrx_word' id='word_1_134' title='bbox 3436 830 3546 889; x_wconf 70' lang='grc' dir='ltr'>τοῖς</span> 
     </span>
    </p>
   </div>
   <div class='ocr_carea' id='block_1_20' title="bbox 1971 918 3546 998">
    <p class='ocr_par' dir='ltr' id='par_1_20' title="bbox 1971 918 3546 998">
     <span class='ocr_line' id='line_1_20' title="bbox 1971 918 3546 998; baseline -0.006 -17"><span class='ocrx_word' id='word_1_135' title='bbox 1971 927 2265 998; x_wconf 81' lang='grc' dir='ltr'>εὑρεθεῖσι,</span> <span class='ocrx_word' id='word_1_136' title='bbox 2321 926 2410 981; x_wconf 79' lang='grc' dir='ltr'><strong>καὶ</strong></span> <span class='ocrx_word' id='word_1_137' title='bbox 2455 925 2529 989; x_wconf 82' lang='grc' dir='ltr'>ὡς</span> <span class='ocrx_word' id='word_1_138' title='bbox 2565 918 2678 977; x_wconf 71' lang='grc' dir='ltr'>οἷόν</span> <span class='ocrx_word' id='word_1_139' title='bbox 2734 940 2794 976; x_wconf 87' lang='grc' dir='ltr'><strong>τε</strong></span> <span class='ocrx_word' id='word_1_140' title='bbox 2840 922 3256 994; x_wconf 85' lang='grc' dir='ltr'>θεραπεύονται.</span> <span class='ocrx_word' id='word_1_141' title='bbox 3310 920 3441 981; x_wconf 81' lang='grc' dir='ltr'>Τότε</span> <span class='ocrx_word' id='word_1_142' title='bbox 3503 919 3546 972; x_wconf 79' lang='grc' dir='ltr'>δ’</span> 
     </span>
    </p>
   </div>
   <div class='ocr_carea' id='block_1_21' title="bbox 1974 1014 3545 1092">
    <p class='ocr_par' dir='ltr' id='par_1_21' title="bbox 1974 1014 3545 1092">
     <span class='ocr_line' id='line_1_21' title="bbox 1974 1014 3545 1092; baseline -0.005 -19"><span class='ocrx_word' id='word_1_143' title='bbox 1974 1019 2371 1092; x_wconf 75' lang='grc' dir='ltr'>ὑπερπαθήσας</span> <span class='ocrx_word' id='word_1_144' title='bbox 2415 1021 2508 1071; x_wconf 75' lang='grc' dir='ltr'>καὶ</span> <span class='ocrx_word' id='word_1_145' title='bbox 2538 1020 2566 1071; x_wconf 86' lang='grc' dir='ltr'><strong>ὁ</strong></span> <span class='ocrx_word' id='word_1_146' title='bbox 2601 1015 2871 1087; x_wconf 84' lang='grc' dir='ltr'>δεσπότης</span> <span class='ocrx_word' id='word_1_147' title='bbox 2906 1018 2998 1069; x_wconf 70' lang='grc' dir='ltr'>καὶ</span> <span class='ocrx_word' id='word_1_148' title='bbox 3052 1014 3428 1086; x_wconf 79' lang='grc' dir='ltr'>περιαλγήσας</span> <span class='ocrx_word' id='word_1_149' title='bbox 3478 1016 3545 1083; x_wconf 81' lang='grc' dir='ltr'>τῇ</span> 
     </span>
    </p>
   </div>
   <div class='ocr_carea' id='block_1_22' title="bbox 1975 1104 3577 1182">
    <p class='ocr_par' dir='ltr' id='par_1_22' title="bbox 1975 1104 3577 1182">
     <span class='ocr_line' id='line_1_22' title="bbox 1975 1104 3577 1182; baseline -0.004 -19"><span class='ocrx_word' id='word_1_150' title='bbox 1975 1112 2252 1182; x_wconf 76' lang='grc' dir='ltr'>συμφορᾷ,</span> <span class='ocrx_word' id='word_1_151' title='bbox 2295 1110 2621 1164; x_wconf 85' lang='grc' dir='ltr'>δεσπόσυνον</span> <span class='ocrx_word' id='word_1_152' title='bbox 2670 1108 2870 1180; x_wconf 84' lang='grc' dir='ltr'>τρόπον</span> <span class='ocrx_word' id='word_1_153' title='bbox 2902 1106 3117 1175; x_wconf 78' lang='grc' dir='ltr'>φεύγων</span> <span class='ocrx_word' id='word_1_154' title='bbox 3168 1107 3291 1159; x_wconf 84' lang='grc' dir='ltr'>ὅσον</span> <span class='ocrx_word' id='word_1_155' title='bbox 3340 1107 3403 1157; x_wconf 78' lang='grc' dir='ltr'>ἐκ</span> <span class='ocrx_word' id='word_1_156' title='bbox 3440 1104 3577 1156; x_wconf 79' lang='grc' dir='ltr'><strong>τῶν-</strong></span> 
     </span>
    </p>
   </div>
   <div class='ocr_carea' id='block_1_23' title="bbox 1975 1192 3573 1271">
    <p class='ocr_par' dir='ltr' id='par_1_23' title="bbox 1975 1192 3573 1271">
     <span class='ocr_line' id='line_1_23' title="bbox 1975 1192 3573 1271; baseline -0.003 -18"><span class='ocrx_word' id='word_1_157' title='bbox 1975 1202 2261 1271; x_wconf 80' lang='grc' dir='ltr'>συμὸόλων</span> <span class='ocrx_word' id='word_1_158' title='bbox 2290 1203 2317 1254; x_wconf 88' lang='grc' dir='ltr'>ὁ</span> <span class='ocrx_word' id='word_1_159' title='bbox 2345 1201 2589 1264; x_wconf 86' lang='grc' dir='ltr'>δουλείας</span> <span class='ocrx_word' id='word_1_160' title='bbox 2620 1200 2769 1263; x_wconf 72' lang='grc' dir='ltr'>ἐντὸς</span> <span class='ocrx_word' id='word_1_161' title='bbox 2797 1192 2946 1271; x_wconf 84' lang='grc' dir='ltr'>παρὰ</span> <span class='ocrx_word' id='word_1_162' title='bbox 2979 1200 3173 1269; x_wconf 70' lang='grc' dir='ltr'>μικρὸν</span> <span class='ocrx_word' id='word_1_163' title='bbox 3199 1196 3573 1259; x_wconf 63' lang='grc' dir='ltr'>κινδυνεύσαςς</span> 
     </span>
    </p>
   </div>
   <div class='ocr_carea' id='block_1_24' title="bbox 1972 1290 3549 1364">
    <p class='ocr_par' dir='ltr' id='par_1_24' title="bbox 1972 1290 3549 1364">
     <span class='ocr_line' id='line_1_24' title="bbox 1972 1290 3549 1364; baseline -0.001 -19"><span class='ocrx_word' id='word_1_164' title='bbox 1972 1291 2147 1346; x_wconf 76' lang='grc' dir='ltr'>ἐλθεῖν</span> <span class='ocrx_word' id='word_1_165' title='bbox 2178 1292 2210 1364; x_wconf 80' lang='grc' dir='ltr'>ἢ</span> <span class='ocrx_word' id='word_1_166' title='bbox 2245 1292 2337 1345; x_wconf 78' lang='grc' dir='ltr'><strong>καὶ</strong></span> <span class='ocrx_word' id='word_1_167' title='bbox 2364 1290 2534 1345; x_wconf 73' lang='grc' dir='ltr'>ἐλθὼν</span> <span class='ocrx_word' id='word_1_168' title='bbox 2565 1291 2625 1343; x_wconf 87' lang='grc' dir='ltr'><strong>τό</strong></span> <span class='ocrx_word' id='word_1_169' title='bbox 2670 1308 2734 1359; x_wconf 90' lang='grc' dir='ltr'><strong>γε</strong></span> <span class='ocrx_word' id='word_1_170' title='bbox 2773 1291 2937 1362; x_wconf 83' lang='grc' dir='ltr'>μέρος</span> <span class='ocrx_word' id='word_1_171' title='bbox 2970 1290 3077 1341; x_wconf 76' lang='grc' dir='ltr'>τῶν</span> <span class='ocrx_word' id='word_1_172' title='bbox 3107 1290 3283 1343; x_wconf 80' lang='grc' dir='ltr'>ἄλλων</span> <span class='ocrx_word' id='word_1_173' title='bbox 3316 1290 3410 1342; x_wconf 70' lang='grc' dir='ltr'>καὶ</span> <span class='ocrx_word' id='word_1_174' title='bbox 3450 1290 3549 1355; x_wconf 75' lang='grc' dir='ltr'>τῆς</span> 
     </span>
    </p>
   </div>
   <div class='ocr_carea' id='block_1_25' title="bbox 1973 1379 3549 1454">
    <p class='ocr_par' dir='ltr' id='par_1_25' title="bbox 1973 1379 3549 1454">
     <span class='ocr_line' id='line_1_25' title="bbox 1973 1379 3549 1454; baseline -0.004 -15"><span class='ocrx_word' id='word_1_175' title='bbox 1973 1385 2201 1454; x_wconf 87' lang='grc' dir='ltr'>συνόλης</span> <span class='ocrx_word' id='word_1_176' title='bbox 2221 1384 2523 1454; x_wconf 85' lang='grc' dir='ltr'>δυνάμεως,</span> <span class='ocrx_word' id='word_1_177' title='bbox 2543 1382 2606 1437; x_wconf 92' lang='grc' dir='ltr'><strong>σύ</strong></span> <span class='ocrx_word' id='word_1_178' title='bbox 2616 1382 2791 1453; x_wconf 78' lang='grc' dir='ltr'>μσολά</span> <span class='ocrx_word' id='word_1_179' title='bbox 2811 1400 2868 1435; x_wconf 90' lang='grc' dir='ltr'><strong>τε</strong></span> <span class='ocrx_word' id='word_1_180' title='bbox 2891 1383 2987 1449; x_wconf 85' lang='grc' dir='ltr'>τῆς</span> <span class='ocrx_word' id='word_1_181' title='bbox 3002 1379 3321 1442; x_wconf 85' lang='grc' dir='ltr'>δεσποτείας</span> <span class='ocrx_word' id='word_1_182' title='bbox 3342 1380 3549 1439; x_wconf 79' lang='grc' dir='ltr'>ἐκεῖνα.</span> 
     </span>
    </p>
   </div>
   <div class='ocr_carea' id='block_1_26' title="bbox 1976 1470 3617 1550">
    <p class='ocr_par' dir='ltr' id='par_1_26' title="bbox 1976 1470 3617 1550">
     <span class='ocr_line' id='line_1_26' title="bbox 1976 1470 3617 1550; baseline -0.005 -20"><span class='ocrx_word' id='word_1_183' title='bbox 1976 1476 2060 1550; x_wconf 83' lang='grc' dir='ltr'><strong>[Ρ.</strong></span> <span class='ocrx_word' id='word_1_184' title='bbox 2095 1473 2227 1547; x_wconf 72' lang='grc'><strong>226]</strong></span> <span class='ocrx_word' id='word_1_185' title='bbox 2255 1475 2354 1528; x_wconf 84' lang='grc' dir='ltr'>ὅσα</span> <span class='ocrx_word' id='word_1_186' title='bbox 2384 1476 2440 1527; x_wconf 81' lang='grc' dir='ltr'>ὲν</span> <span class='ocrx_word' id='word_1_187' title='bbox 2471 1473 2762 1545; x_wconf 78' lang='grc' dir='ltr'>καλύπτρᾳ</span> <span class='ocrx_word' id='word_1_188' title='bbox 2796 1473 2892 1526; x_wconf 76' lang='grc' dir='ltr'>καὶ</span> <span class='ocrx_word' id='word_1_189' title='bbox 2935 1472 3250 1543; x_wconf 77' lang='grc' dir='ltr'>ὑποδήμασι</span> <span class='ocrx_word' id='word_1_190' title='bbox 3283 1470 3376 1523; x_wconf 88' lang='grc' dir='ltr'><strong>καί</strong></span> <span class='ocrx_word' id='word_1_191' title='bbox 3407 1487 3469 1534; x_wconf 88' lang='grc' dir='ltr'><strong>γε</strong></span> <span class='ocrx_word' id='word_1_192' title='bbox 3492 1471 3552 1522; x_wconf 83' lang='grc' dir='ltr'>ὲν</span> <span class='ocrx_word' id='word_1_193' title='bbox 3614 1476 3617 1485; x_wconf 75' lang='grc'><em>⁴</em></span> 
     </span>
    </p>
   </div>
   <div class='ocr_carea' id='block_1_27' title="bbox 1971 1563 3551 1639">
    <p class='ocr_par' dir='ltr' id='par_1_27' title="bbox 1971 1563 3551 1639">
     <span class='ocr_line' id='line_1_27' title="bbox 1971 1563 3551 1639; baseline -0.006 -17"><span class='ocrx_word' id='word_1_194' title='bbox 1971 1568 2289 1639; x_wconf 75' lang='grc' dir='ltr'>ὲφεστρίσιν</span> <span class='ocrx_word' id='word_1_195' title='bbox 2311 1568 2491 1621; x_wconf 76' lang='grc' dir='ltr'>ἵππων</span> <span class='ocrx_word' id='word_1_196' title='bbox 2521 1565 2615 1621; x_wconf 74' lang='grc' dir='ltr'><strong>καὶ</strong></span> <span class='ocrx_word' id='word_1_197' title='bbox 2656 1567 2896 1636; x_wconf 80' lang='grc' dir='ltr'>χαλινοῖς</span> <span class='ocrx_word' id='word_1_198' title='bbox 2939 1566 3033 1619; x_wconf 70' lang='grc' dir='ltr'>καὶ</span> <span class='ocrx_word' id='word_1_199' title='bbox 3066 1567 3133 1635; x_wconf 77' lang='grc' dir='ltr'>τῇ</span> <span class='ocrx_word' id='word_1_200' title='bbox 3168 1565 3232 1618; x_wconf 84' lang='grc' dir='ltr'>ὲκ</span> <span class='ocrx_word' id='word_1_201' title='bbox 3263 1563 3551 1635; x_wconf 84' lang='grc' dir='ltr'>πορφύρας</span> 
     </span>
    </p>
   </div>
   <div class='ocr_carea' id='block_1_28' title="bbox 1972 1650 3553 1730">
    <p class='ocr_par' dir='ltr' id='par_1_28' title="bbox 1972 1650 3553 1730">
     <span class='ocr_line' id='line_1_28' title="bbox 1972 1650 3553 1730; baseline -0.004 -18"><span class='ocrx_word' id='word_1_202' title='bbox 1972 1660 2292 1730; x_wconf 85' lang='grc' dir='ltr'>ὑπογραφῇ,</span> <span class='ocrx_word' id='word_1_203' title='bbox 2334 1656 2675 1721; x_wconf 84' lang='grc' dir='ltr'>ἀποτίθεται,</span> <span class='ocrx_word' id='word_1_204' title='bbox 2712 1655 2853 1709; x_wconf 77' lang='grc' dir='ltr'>οὕτω</span> <span class='ocrx_word' id='word_1_205' title='bbox 2884 1655 3181 1718; x_wconf 82' lang='grc' dir='ltr'>δικαιώσας</span> <span class='ocrx_word' id='word_1_206' title='bbox 3211 1654 3445 1724; x_wconf 81' lang='grc' dir='ltr'>ὀφθῆναι</span> <span class='ocrx_word' id='word_1_207' title='bbox 3475 1650 3553 1722; x_wconf 79' lang='grc' dir='ltr'><strong>τῷ</strong></span> 
     </span>
    </p>
   </div>
   <div class='ocr_carea' id='block_1_29' title="bbox 1975 1745 3553 1823">
    <p class='ocr_par' dir='ltr' id='par_1_29' title="bbox 1975 1745 3553 1823">
     <span class='ocr_line' id='line_1_29' title="bbox 1975 1745 3553 1823; baseline -0.006 -17"><span class='ocrx_word' id='word_1_208' title='bbox 1975 1752 2207 1823; x_wconf 81' lang='grc' dir='ltr'>βασιλεῖ,</span> <span class='ocrx_word' id='word_1_209' title='bbox 2239 1753 2340 1806; x_wconf 86' lang='grc' dir='ltr'>οὐκ</span> <span class='ocrx_word' id='word_1_210' title='bbox 2378 1748 2494 1804; x_wconf 75' lang='grc' dir='ltr'>οῖδα</span> <span class='ocrx_word' id='word_1_211' title='bbox 2537 1749 2682 1804; x_wconf 75' lang='grc' dir='ltr'>κατὰ</span> <span class='ocrx_word' id='word_1_212' title='bbox 2713 1748 2890 1819; x_wconf 77' lang='grc' dir='ltr'>λύπην</span> <span class='ocrx_word' id='word_1_213' title='bbox 2924 1747 3195 1819; x_wconf 74' lang='grc' dir='ltr'>σφετέραν</span> <span class='ocrx_word' id='word_1_214' title='bbox 3240 1746 3274 1817; x_wconf 81' lang='grc' dir='ltr'>ἢ</span> <span class='ocrx_word' id='word_1_215' title='bbox 3324 1746 3417 1800; x_wconf 75' lang='grc' dir='ltr'>καὶ</span> <span class='ocrx_word' id='word_1_216' title='bbox 3453 1745 3553 1813; x_wconf 76' lang='grc' dir='ltr'>τὴν</span> 
     </span>
    </p>
   </div>
   <div class='ocr_carea' id='block_1_30' title="bbox 1972 1837 3554 1916">
    <p class='ocr_par' dir='ltr' id='par_1_30' title="bbox 1972 1837 3554 1916">
     <span class='ocr_line' id='line_1_30' title="bbox 1972 1837 3554 1916; baseline -0.006 -19"><span class='ocrx_word' id='word_1_217' title='bbox 1972 1845 2184 1901; x_wconf 73' lang='grc' dir='ltr'>ἐκείνου</span> <span class='ocrx_word' id='word_1_218' title='bbox 2214 1844 2516 1916; x_wconf 79' lang='grc' dir='ltr'>ὲκμείλιξιν</span> <span class='ocrx_word' id='word_1_219' title='bbox 2537 1859 2553 1875; x_wconf 90' lang='grc'><strong>·</strong></span> <span class='ocrx_word' id='word_1_220' title='bbox 2589 1842 2771 1906; x_wconf 78' lang='grc' dir='ltr'>ἄλλοις</span> <span class='ocrx_word' id='word_1_221' title='bbox 2805 1842 2861 1895; x_wconf 86' lang='grc' dir='ltr'>δὲ</span> <span class='ocrx_word' id='word_1_222' title='bbox 2895 1844 3095 1905; x_wconf 77' lang='grc' dir='ltr'>κοινοῖς</span> <span class='ocrx_word' id='word_1_223' title='bbox 3127 1841 3221 1894; x_wconf 69' lang='grc' dir='ltr'><strong>κού⁹</strong></span> <span class='ocrx_word' id='word_1_224' title='bbox 3266 1837 3554 1908; x_wconf 74' lang='grc' dir='ltr'>καλύπτρᾳ</span> 
     </span>
    </p>
   </div>
   <div class='ocr_carea' id='block_1_31' title="bbox 1972 1927 3557 2008">
    <p class='ocr_par' dir='ltr' id='par_1_31' title="bbox 1972 1927 3557 2008">
     <span class='ocr_line' id='line_1_31' title="bbox 1972 1927 3557 2008; baseline -0.008 -18"><span class='ocrx_word' id='word_1_225' title='bbox 1972 1936 2031 2001; x_wconf 66' lang='grc' dir='ltr'><strong>ἐξ</strong></span> <span class='ocrx_word' id='word_1_226' title='bbox 2059 1935 2224 2008; x_wconf 72' lang='grc' dir='ltr'>ἐρίων</span> <span class='ocrx_word' id='word_1_227' title='bbox 2267 1933 2741 1997; x_wconf 76' lang='grc' dir='ltr'>καταστολισθεὶς,</span> <span class='ocrx_word' id='word_1_228' title='bbox 2772 1931 2944 1996; x_wconf 71' lang='grc' dir='ltr'>οὕτως</span> <span class='ocrx_word' id='word_1_229' title='bbox 2987 1933 3102 2001; x_wconf 74' lang='grc' dir='ltr'>ἤϊεν</span> <span class='ocrx_word' id='word_1_230' title='bbox 3134 1931 3214 1992; x_wconf 80' lang='grc' dir='ltr'><strong>είς</strong></span> <span class='ocrx_word' id='word_1_231' title='bbox 3262 1928 3324 1982; x_wconf 77' lang='grc' dir='ltr'>τὸ</span> <span class='ocrx_word' id='word_1_232' title='bbox 3365 1927 3557 1998; x_wconf 83' lang='grc' dir='ltr'>πρόσω</span> 
     </span>
    </p>
   </div>
   <div class='ocr_carea' id='block_1_32' title="bbox 1970 2018 3554 2101">
    <p class='ocr_par' dir='ltr' id='par_1_32' title="bbox 1970 2018 3554 2101">
     <span class='ocr_line' id='line_1_32' title="bbox 1970 2018 3554 2101; baseline -0.009 -17"><span class='ocrx_word' id='word_1_233' title='bbox 1970 2028 2049 2101; x_wconf 83' lang='grc' dir='ltr'>τῷ</span> <span class='ocrx_word' id='word_1_234' title='bbox 2084 2028 2293 2100; x_wconf 83' lang='grc' dir='ltr'>βασιλεῖ</span> <span class='ocrx_word' id='word_1_235' title='bbox 2346 2028 2910 2098; x_wconf 78' lang='grc' dir='ltr'>ὲμφανισθησόμενος.</span> <span class='ocrx_word' id='word_1_236' title='bbox 2957 2023 3064 2077; x_wconf 84' lang='grc' dir='ltr'>Καί</span> <span class='ocrx_word' id='word_1_237' title='bbox 3114 2022 3163 2090; x_wconf 81' lang='grc' dir='ltr'>γ’</span> <span class='ocrx_word' id='word_1_238' title='bbox 3196 2018 3554 2092; x_wconf 73' lang='grc' dir='ltr'>ἐμφανισθεὶς</span> 
     </span>
    </p>
   </div>
   <div class='ocr_carea' id='block_1_33' title="bbox 309 2111 3567 2196">
    <p class='ocr_par' dir='ltr' id='par_1_33' title="bbox 309 2111 3567 2196">
     <span class='ocr_line' id='line_1_33' title="bbox 309 2111 3567 2196; baseline 0 -33"><span class='ocrx_word' id='word_1_239' title='bbox 309 2111 432 2174; x_wconf 79' lang='grc' dir='ltr'>ἰδίας</span> <span class='ocrx_word' id='word_1_240' title='bbox 457 2112 680 2166; x_wconf 77' lang='grc' dir='ltr'>ἔκαστοι</span> <span class='ocrx_word' id='word_1_241' title='bbox 708 2115 845 2184; x_wconf 71' lang='grc' dir='ltr'>πρὸς</span> <span class='ocrx_word' id='word_1_242' title='bbox 871 2114 970 2187; x_wconf 82' lang='grc' dir='ltr'>τὴν</span> <span class='ocrx_word' id='word_1_243' title='bbox 1003 2115 1159 2172; x_wconf 84' lang='grc' dir='ltr'>πόλιν</span> <span class='ocrx_word' id='word_1_244' title='bbox 1202 2117 1467 2187; x_wconf 85' lang='grc' dir='ltr'>ἀνήγοντο</span> <span class='ocrx_word' id='word_1_245' title='bbox 1498 2116 1745 2182; x_wconf 86' lang='grc' dir='ltr'>δείλαιοι,</span> <span class='ocrx_word' id='word_1_246' title='bbox 1781 2135 1869 2187; x_wconf 81' lang='grc' dir='ltr'>μι-</span> <span class='ocrx_word' id='word_1_247' title='bbox 1901 2122 2034 2196; x_wconf 59' lang='lat' dir='ltr'><strong>ne?)</strong></span> <span class='ocrx_word' id='word_1_248' title='bbox 2093 2120 2229 2179; x_wconf 85' lang='grc' dir='ltr'><strong>πολὺ</strong></span> <span class='ocrx_word' id='word_1_249' title='bbox 2269 2119 2371 2188; x_wconf 75' lang='grc' dir='ltr'>τῆς</span> <span class='ocrx_word' id='word_1_250' title='bbox 2433 2119 2604 2189; x_wconf 78' lang='grc' dir='ltr'>ὀργῆς</span> <span class='ocrx_word' id='word_1_251' title='bbox 2635 2116 2940 2174; x_wconf 86' lang='grc' dir='ltr'>καταπαύει</span> <span class='ocrx_word' id='word_1_252' title='bbox 2996 2118 3062 2185; x_wconf 80' lang='grc' dir='ltr'>τῇ</span> <span class='ocrx_word' id='word_1_253' title='bbox 3112 2113 3222 2167; x_wconf 86' lang='grc' dir='ltr'><strong>τῶν</strong></span> <span class='ocrx_word' id='word_1_254' title='bbox 3267 2112 3567 2183; x_wconf 78' lang='grc' dir='ltr'>συμϐόλων-</span> 
     </span>
    </p>
   </div>
   <div class='ocr_carea' id='block_1_34' title="bbox 307 2199 1891 2281">
    <p class='ocr_par' dir='ltr' id='par_1_34' title="bbox 307 2199 1891 2281">
     <span class='ocr_line' id='line_1_34' title="bbox 307 2199 1891 2281; baseline 0.006 -29"><span class='ocrx_word' id='word_1_255' title='bbox 307 2199 435 2281; x_wconf 74' lang='grc' dir='ltr'>κρὰν</span> <span class='ocrx_word' id='word_1_256' title='bbox 465 2200 599 2271; x_wconf 82' lang='grc' dir='ltr'>ὅσην</span> <span class='ocrx_word' id='word_1_257' title='bbox 638 2203 991 2275; x_wconf 84' lang='grc' dir='ltr'>παραμυθίαν</span> <span class='ocrx_word' id='word_1_258' title='bbox 1022 2204 1116 2257; x_wconf 67' lang='grc' dir='ltr'><strong>ἐπὶ</strong></span> <span class='ocrx_word' id='word_1_259' title='bbox 1156 2207 1271 2268; x_wconf 86' lang='grc' dir='ltr'>τοῖς</span> <span class='ocrx_word' id='word_1_260' title='bbox 1307 2205 1642 2277; x_wconf 79' lang='grc' dir='ltr'>προλαϐοῦσι</span> <span class='ocrx_word' id='word_1_261' title='bbox 1681 2206 1891 2275; x_wconf 82' lang='grc' dir='ltr'>δεινοῖς·</span> 
     </span>
    </p>
   </div>
   <div class='ocr_carea' id='block_1_35' title="bbox 306 2293 1873 2369">
    <p class='ocr_par' dir='ltr' id='par_1_35' title="bbox 306 2293 1873 2369">
     <span class='ocr_line' id='line_1_35' title="bbox 306 2293 1873 2369; baseline 0.008 -27"><span class='ocrx_word' id='word_1_262' title='bbox 306 2293 409 2355; x_wconf 83' lang='grc' dir='ltr'>τοῖς</span> <span class='ocrx_word' id='word_1_263' title='bbox 445 2293 699 2361; x_wconf 80' lang='grc' dir='ltr'>σφαλεῖσι</span> <span class='ocrx_word' id='word_1_264' title='bbox 735 2294 974 2365; x_wconf 79' lang='grc' dir='ltr'>θέμενοι.</span> <span class='ocrx_word' id='word_1_265' title='bbox 1019 2296 1078 2353; x_wconf 83' lang='grc' dir='ltr'>Ὀ</span> <span class='ocrx_word' id='word_1_266' title='bbox 1108 2296 1166 2350; x_wconf 80' lang='grc' dir='ltr'>δὲ</span> <span class='ocrx_word' id='word_1_267' title='bbox 1219 2297 1486 2369; x_wconf 85' lang='grc' dir='ltr'>δεσπότης</span> <span class='ocrx_word' id='word_1_268' title='bbox 1532 2298 1627 2353; x_wconf 65' lang='grc' dir='ltr'><strong>καλ⁸</strong></span> <span class='ocrx_word' id='word_1_269' title='bbox 1672 2301 1722 2354; x_wconf 81' lang='grc' dir='ltr'>οἱ</span> <span class='ocrx_word' id='word_1_270' title='bbox 1776 2299 1873 2356; x_wconf 81' lang='grc' dir='ltr'>σὺν</span> 
     </span>
    </p>
   </div>
   <div class='ocr_carea' id='block_1_36' title="bbox 306 2385 1883 2468">
    <p class='ocr_par' dir='ltr' id='par_1_36' title="bbox 306 2385 1883 2468">
     <span class='ocr_line' id='line_1_36' title="bbox 306 2385 1883 2468; baseline 0.018 -32"><span class='ocrx_word' id='word_1_271' title='bbox 306 2385 443 2455; x_wconf 84' lang='grc' dir='ltr'>αύτῷ</span> <span class='ocrx_word' id='word_1_272' title='bbox 472 2387 674 2457; x_wconf 76' lang='grc' dir='ltr'>γυμνοὶ</span> <span class='ocrx_word' id='word_1_273' title='bbox 706 2387 816 2441; x_wconf 84' lang='grc' dir='ltr'><strong>τῶν</strong></span> <span class='ocrx_word' id='word_1_274' title='bbox 856 2388 1112 2449; x_wconf 76' lang='grc' dir='ltr'>ἁπάντων</span> <span class='ocrx_word' id='word_1_275' title='bbox 1160 2389 1334 2456; x_wconf 74' lang='grc' dir='ltr'>ὄντες,</span> <span class='ocrx_word' id='word_1_276' title='bbox 1366 2391 1767 2462; x_wconf 75' lang='grc' dir='ltr'>προσϐαλόντες</span> <span class='ocrx_word' id='word_1_277' title='bbox 1795 2394 1883 2468; x_wconf 70' lang='grc' dir='ltr'><strong>τῷ·</strong></span> 
     </span>
    </p>
   </div>
   <div class='ocr_carea' id='block_1_37' title="bbox 307 2520 1876 2605">
    <p class='ocr_par' dir='ltr' id='par_1_37' title="bbox 307 2520 1876 2605">
     <span class='ocr_line' id='line_1_37' title="bbox 307 2520 1876 2605; baseline 0.009 -31"><span class='ocrx_word' id='word_1_278' title='bbox 307 2520 457 2577; x_wconf 75' lang='lat' dir='ltr'><strong>victis</strong></span> <span class='ocrx_word' id='word_1_279' title='bbox 495 2522 663 2579; x_wconf 79' lang='lat' dir='ltr'><strong>animi</strong></span> <span class='ocrx_word' id='word_1_280' title='bbox 694 2523 961 2579; x_wconf 89' lang='lat' dir='ltr'><strong>rationem</strong></span> <span class='ocrx_word' id='word_1_281' title='bbox 993 2526 1287 2587; x_wconf 87' lang='lat' dir='ltr'><strong>meundam</strong></span> <span class='ocrx_word' id='word_1_282' title='bbox 1333 2536 1486 2589; x_wconf 85' lang='lat' dir='ltr'><strong>ratus</strong></span> <span class='ocrx_word' id='word_1_283' title='bbox 1510 2529 1732 2601; x_wconf 84' lang='lat' dir='ltr'><strong>despota</strong></span> <span class='ocrx_word' id='word_1_284' title='bbox 1763 2540 1876 2605; x_wconf 84' lang='lat' dir='ltr'><strong>teg-</strong></span> 
     </span>
    </p>
   </div>
   <div class='ocr_carea' id='block_1_38' title="bbox 308 2614 1869 2693">
    <p class='ocr_par' dir='ltr' id='par_1_38' title="bbox 308 2614 1869 2693">
     <span class='ocr_line' id='line_1_38' title="bbox 308 2614 1869 2693; baseline 0.008 -27"><span class='ocrx_word' id='word_1_285' title='bbox 308 2629 421 2667; x_wconf 86' lang='lat' dir='ltr'><strong>men</strong></span> <span class='ocrx_word' id='word_1_286' title='bbox 452 2614 648 2683; x_wconf 84' lang='lat' dir='ltr'><strong>capitis</strong></span> <span class='ocrx_word' id='word_1_287' title='bbox 677 2614 731 2668; x_wconf 92' lang='lat' dir='ltr'><strong>in</strong></span> <span class='ocrx_word' id='word_1_288' title='bbox 761 2624 961 2670; x_wconf 88' lang='lat' dir='ltr'><strong>terram</strong></span> <span class='ocrx_word' id='word_1_289' title='bbox 994 2617 1202 2687; x_wconf 85' lang='lat' dir='ltr'><strong>abjicit,</strong></span> <span class='ocrx_word' id='word_1_290' title='bbox 1239 2619 1464 2688; x_wconf 83' lang='lat' dir='ltr'><strong>pulvere</strong></span> <span class='ocrx_word' id='word_1_291' title='bbox 1502 2637 1562 2676; x_wconf 91' lang='lat' dir='ltr'><strong>se</strong></span> <span class='ocrx_word' id='word_1_292' title='bbox 1593 2624 1869 2693; x_wconf 78' lang='lat' dir='ltr'><strong>aspergit;</strong></span> 
     </span>
    </p>
   </div>
   <div class='ocr_carea' id='block_1_39' title="bbox 307 2707 1873 2782">
    <p class='ocr_par' dir='ltr' id='par_1_39' title="bbox 307 2707 1873 2782">
     <span class='ocr_line' id='line_1_39' title="bbox 307 2707 1873 2782; baseline 0.008 -22"><span class='ocrx_word' id='word_1_293' title='bbox 307 2716 355 2763; x_wconf 88' lang='lat' dir='ltr'><strong>et</strong></span> <span class='ocrx_word' id='word_1_294' title='bbox 383 2721 489 2775; x_wconf 89' lang='lat' dir='ltr'><strong>quo</strong></span> <span class='ocrx_word' id='word_1_295' title='bbox 518 2707 711 2761; x_wconf 88' lang='lat' dir='ltr'><strong>habitu</strong></span> <span class='ocrx_word' id='word_1_296' title='bbox 737 2709 984 2767; x_wconf 87' lang='lat' dir='ltr'><strong>numinis</strong></span> <span class='ocrx_word' id='word_1_297' title='bbox 1030 2725 1187 2780; x_wconf 93' lang='lat' dir='ltr'><strong>opem</strong></span> <span class='ocrx_word' id='word_1_298' title='bbox 1225 2711 1634 2782; x_wconf 87' lang='lat' dir='ltr'><strong>imploraverat,</strong></span> <span class='ocrx_word' id='word_1_299' title='bbox 1669 2716 1724 2770; x_wconf 91' lang='lat' dir='ltr'><strong>in</strong></span> <span class='ocrx_word' id='word_1_300' title='bbox 1773 2731 1873 2772; x_wconf 86' lang='lat' dir='ltr'><strong>eo-</strong></span> 
     </span>
    </p>
   </div>
   <div class='ocr_carea' id='block_1_40' title="bbox 307 2799 1874 2868">
    <p class='ocr_par' dir='ltr' id='par_1_40' title="bbox 307 2799 1874 2868">
     <span class='ocr_line' id='line_1_40' title="bbox 307 2799 1874 2868; baseline 0.008 -15"><span class='ocrx_word' id='word_1_301' title='bbox 307 2799 418 2853; x_wconf 86' lang='lat' dir='ltr'><strong>dem</strong></span> <span class='ocrx_word' id='word_1_302' title='bbox 437 2814 796 2868; x_wconf 82' lang='lat' dir='ltr'><strong>perseverans</strong></span> <span class='ocrx_word' id='word_1_303' title='bbox 820 2802 1301 2859; x_wconf 74' lang='lat' dir='ltr'><strong>vehementissime</strong></span> <span class='ocrx_word' id='word_1_304' title='bbox 1318 2820 1441 2859; x_wconf 93' lang='lat' dir='ltr'><strong>cum</strong></span> <span class='ocrx_word' id='word_1_305' title='bbox 1470 2807 1874 2867; x_wconf 85' lang='lat' dir='ltr'><strong>miserabilibus</strong></span> 
     </span>
    </p>
   </div>
   <div class='ocr_carea' id='block_1_41' title="bbox 308 2887 1875 2964">
    <p class='ocr_par' dir='ltr' id='par_1_41' title="bbox 308 2887 1875 2964">
     <span class='ocr_line' id='line_1_41' title="bbox 308 2887 1875 2964; baseline 0.011 -25"><span class='ocrx_word' id='word_1_306' title='bbox 308 2887 547 2958; x_wconf 68' lang='lat' dir='ltr'><strong>laerymis</strong></span> <span class='ocrx_word' id='word_1_307' title='bbox 593 2890 797 2945; x_wconf 83' lang='lat' dir='ltr'><strong>milites</strong></span> <span class='ocrx_word' id='word_1_308' title='bbox 846 2892 1056 2958; x_wconf 82' lang='lat' dir='ltr'><strong>orabat,</strong></span> <span class='ocrx_word' id='word_1_309' title='bbox 1107 2894 1359 2949; x_wconf 90' lang='lat' dir='ltr'><strong>ultimum</strong></span> <span class='ocrx_word' id='word_1_310' title='bbox 1411 2897 1762 2964; x_wconf 92' lang='lat' dir='ltr'><strong>prohiberent</strong></span> <span class='ocrx_word' id='word_1_311' title='bbox 1806 2902 1875 2957; x_wconf 88' lang='lat' dir='ltr'><strong>ab</strong></span> 
     </span>
    </p>
   </div>
   <div class='ocr_carea' id='block_1_42' title="bbox 309 2979 1872 3061">
    <p class='ocr_par' dir='ltr' id='par_1_42' title="bbox 309 2979 1872 3061">
     <span class='ocr_line' id='line_1_42' title="bbox 309 2979 1872 3061; baseline 0.009 -28"><span class='ocrx_word' id='word_1_312' title='bbox 309 2979 530 3050; x_wconf 84' lang='lat' dir='ltr'><strong>imperio</strong></span> <span class='ocrx_word' id='word_1_313' title='bbox 560 2983 826 3051; x_wconf 83' lang='lat' dir='ltr'><strong>dedecus,</strong></span> <span class='ocrx_word' id='word_1_314' title='bbox 853 2985 1097 3055; x_wconf 84' lang='lat' dir='ltr'><strong>Augusta</strong></span> <span class='ocrx_word' id='word_1_315' title='bbox 1129 2988 1284 3058; x_wconf 80' lang='lat' dir='ltr'><strong>signa</strong></span> <span class='ocrx_word' id='word_1_316' title='bbox 1316 2990 1621 3061; x_wconf 82' lang='lat' dir='ltr'><strong>neimpune</strong></span> <span class='ocrx_word' id='word_1_317' title='bbox 1654 2993 1872 3059; x_wconf 79' lang='lat' dir='ltr'><strong>abduci,</strong></span> 
     </span>
    </p>
   </div>
   <div class='ocr_carea' id='block_1_43' title="bbox 308 3075 1877 3146">
    <p class='ocr_par' dir='ltr' id='par_1_43' title="bbox 308 3075 1877 3146">
     <span class='ocr_line' id='line_1_43' title="bbox 308 3075 1877 3146; baseline 0.01 -19"><span class='ocrx_word' id='word_1_318' title='bbox 308 3088 372 3128; x_wconf 84' lang='lat' dir='ltr'><strong>ne</strong></span> <span class='ocrx_word' id='word_1_319' title='bbox 407 3075 735 3146; x_wconf 87' lang='lat' dir='ltr'><strong>triumphari</strong></span> <span class='ocrx_word' id='word_1_320' title='bbox 787 3078 857 3133; x_wconf 90' lang='lat' dir='ltr'><strong>ab</strong></span> <span class='ocrx_word' id='word_1_321' title='bbox 888 3079 1140 3136; x_wconf 88' lang='lat' dir='ltr'><strong>hostibus</strong></span> <span class='ocrx_word' id='word_1_322' title='bbox 1184 3083 1446 3140; x_wconf 88' lang='lat' dir='ltr'><strong>sinerent.</strong></span> <span class='ocrx_word' id='word_1_323' title='bbox 1477 3083 1632 3143; x_wconf 80' lang='lat' dir='ltr'><strong>Talia</strong></span> <span class='ocrx_word' id='word_1_324' title='bbox 1660 3086 1750 3141; x_wconf 89' lang='lat' dir='ltr'><strong>diu</strong></span> <span class='ocrx_word' id='word_1_325' title='bbox 1803 3087 1877 3142; x_wconf 82' lang='lat' dir='ltr'><strong>la-</strong></span> 
     </span>
    </p>
   </div>
   <div class='ocr_carea' id='block_1_44' title="bbox 306 3170 1875 3250">
    <p class='ocr_par' dir='ltr' id='par_1_44' title="bbox 306 3170 1875 3250">
     <span class='ocr_line' id='line_1_44' title="bbox 306 3170 1875 3250; baseline 0.009 -29"><span class='ocrx_word' id='word_1_326' title='bbox 306 3170 665 3225; x_wconf 83' lang='lat' dir='ltr'><strong>mentabiliter</strong></span> <span class='ocrx_word' id='word_1_327' title='bbox 716 3170 1099 3240; x_wconf 73' lang='lat' dir='ltr'><strong>ingeminans,</strong></span> <span class='ocrx_word' id='word_1_328' title='bbox 1144 3174 1589 3248; x_wconf 83' lang='lat' dir='ltr'><strong>demissioneque</strong></span> <span class='ocrx_word' id='word_1_329' title='bbox 1627 3193 1691 3233; x_wconf 85' lang='lat' dir='ltr'><strong>ac</strong></span> <span class='ocrx_word' id='word_1_330' title='bbox 1742 3194 1875 3250; x_wconf 86' lang='lat' dir='ltr'><strong>sup—</strong></span> 
     </span>
    </p>
   </div>
   <div class='ocr_carea' id='block_1_45' title="bbox 307 3260 1877 3342">
    <p class='ocr_par' dir='ltr' id='par_1_45' title="bbox 307 3260 1877 3342">
     <span class='ocr_line' id='line_1_45' title="bbox 307 3260 1877 3342; baseline 0.009 -28"><span class='ocrx_word' id='word_1_331' title='bbox 307 3260 423 3329; x_wconf 87' lang='lat' dir='ltr'><strong>plici</strong></span> <span class='ocrx_word' id='word_1_332' title='bbox 454 3273 609 3332; x_wconf 79' lang='lat' dir='ltr'><strong>gestu</strong></span> <span class='ocrx_word' id='word_1_333' title='bbox 642 3264 946 3335; x_wconf 81' lang='lat' dir='ltr'><strong>obtutuque</strong></span> <span class='ocrx_word' id='word_1_334' title='bbox 975 3281 1165 3321; x_wconf 85' lang='lat' dir='ltr'><strong>vocem</strong></span> <span class='ocrx_word' id='word_1_335' title='bbox 1196 3267 1487 3338; x_wconf 84' lang='lat' dir='ltr'><strong>adjuvans,</strong></span> <span class='ocrx_word' id='word_1_336' title='bbox 1525 3285 1627 3325; x_wconf 86' lang='lat' dir='ltr'><strong>nec</strong></span> <span class='ocrx_word' id='word_1_337' title='bbox 1654 3272 1877 3342; x_wconf 80' lang='lat' dir='ltr'><strong>segnius</strong></span> 
     </span>
    </p>
   </div>
   <div class='ocr_carea' id='block_1_46' title="bbox 306 3355 1882 3434">
    <p class='ocr_par' dir='ltr' id='par_1_46' title="bbox 306 3355 1882 3434">
     <span class='ocr_line' id='line_1_46' title="bbox 306 3355 1882 3434; baseline 0.007 -26"><span class='ocrx_word' id='word_1_338' title='bbox 306 3355 564 3412; x_wconf 84' lang='lat' dir='ltr'><strong>continuo</strong></span> <span class='ocrx_word' id='word_1_339' title='bbox 625 3358 953 3415; x_wconf 82' lang='lat' dir='ltr'><strong>submittens</strong></span> <span class='ocrx_word' id='word_1_340' title='bbox 1013 3369 1265 3416; x_wconf 85' lang='lat' dir='ltr'><strong>recentes</strong></span> <span class='ocrx_word' id='word_1_341' title='bbox 1308 3362 1704 3429; x_wconf 84' lang='lat' dir='ltr'><strong>laborantibus,</strong></span> <span class='ocrx_word' id='word_1_342' title='bbox 1760 3379 1882 3434; x_wconf 62' lang='lat' dir='ltr'><strong>qua;</strong></span> 
     </span>
    </p>
   </div>
   <div class='ocr_carea' id='block_1_47' title="bbox 1977 2202 3564 2283">
    <p class='ocr_par' dir='ltr' id='par_1_47' title="bbox 1977 2202 3564 2283">
     <span class='ocr_line' id='line_1_47' title="bbox 1977 2202 3564 2283; baseline -0.007 -17"><span class='ocrx_word' id='word_1_343' title='bbox 1977 2212 2351 2283; x_wconf 79' lang='grc' dir='ltr'>ᾴπαμφιάσει,</span> <span class='ocrx_word' id='word_1_344' title='bbox 2381 2211 2490 2264; x_wconf 78' lang='grc' dir='ltr'>κὰκ</span> <span class='ocrx_word' id='word_1_345' title='bbox 2521 2210 2691 2279; x_wconf 88' lang='grc' dir='ltr'>μόνης</span> <span class='ocrx_word' id='word_1_346' title='bbox 2730 2209 2829 2279; x_wconf 84' lang='grc' dir='ltr'>τῆς</span> <span class='ocrx_word' id='word_1_347' title='bbox 2864 2207 2990 2269; x_wconf 84' lang='grc' dir='ltr'>θέας</span> <span class='ocrx_word' id='word_1_348' title='bbox 3022 2206 3178 2275; x_wconf 79' lang='grc' dir='ltr'>δόξας</span> <span class='ocrx_word' id='word_1_349' title='bbox 3217 2203 3448 2267; x_wconf 75' lang='grc' dir='ltr'>ἐλεεινὸς</span> <span class='ocrx_word' id='word_1_350' title='bbox 3476 2202 3564 2273; x_wconf 72' lang='grc' dir='ltr'>τῷ</span> 
     </span>
    </p>
   </div>
   <div class='ocr_carea' id='block_1_48' title="bbox 1979 2300 2963 2376">
    <p class='ocr_par' dir='ltr' id='par_1_48' title="bbox 1979 2300 2963 2376">
     <span class='ocr_line' id='line_1_48' title="bbox 1979 2300 2963 2376; baseline -0.004 -18"><span class='ocrx_word' id='word_1_351' title='bbox 1979 2305 2086 2376; x_wconf 80' lang='grc' dir='ltr'>πρὸ</span> <span class='ocrx_word' id='word_1_352' title='bbox 2120 2304 2214 2358; x_wconf 75' lang='grc' dir='ltr'><strong>τοῦ</strong></span> <span class='ocrx_word' id='word_1_353' title='bbox 2241 2302 2572 2374; x_wconf 82' lang='grc' dir='ltr'>ὠργισμένῳ</span> <span class='ocrx_word' id='word_1_354' title='bbox 2604 2300 2672 2355; x_wconf 70' lang='grc' dir='ltr'><strong>τὰ</strong></span> <span class='ocrx_word' id='word_1_355' title='bbox 2709 2301 2963 2373; x_wconf 86' lang='grc' dir='ltr'>μέγιστα.</span> 
     </span>
    </p>
   </div>
   <div class='ocr_carea' id='block_1_49' title="bbox 1984 2524 3553 2605">
    <p class='ocr_par' dir='ltr' id='par_1_49' title="bbox 1984 2524 3553 2605">
     <span class='ocr_line' id='line_1_49' title="bbox 1984 2524 3553 2605; baseline -0.01 -15"><span class='ocrx_word' id='word_1_356' title='bbox 1984 2534 2310 2605; x_wconf 80' lang='lat' dir='ltr'><strong>superstites</strong></span> <span class='ocrx_word' id='word_1_357' title='bbox 2341 2534 2484 2588; x_wconf 87' lang='lat' dir='ltr'><strong>intra</strong></span> <span class='ocrx_word' id='word_1_358' title='bbox 2534 2547 2704 2593; x_wconf 87' lang='lat' dir='ltr'><strong>naves</strong></span> <span class='ocrx_word' id='word_1_359' title='bbox 2760 2529 2963 2602; x_wconf 87' lang='lat' dir='ltr'><strong>quique</strong></span> <span class='ocrx_word' id='word_1_360' title='bbox 2997 2542 3129 2584; x_wconf 87' lang='lat' dir='ltr'><strong>suas</strong></span> <span class='ocrx_word' id='word_1_361' title='bbox 3177 2524 3425 2597; x_wconf 77' lang='lat' dir='ltr'><strong>diligenti</strong></span> <span class='ocrx_word' id='word_1_362' title='bbox 3456 2540 3553 2578; x_wconf 91' lang='lat' dir='ltr'><strong>cu-</strong></span> 
     </span>
    </p>
   </div>
   <div class='ocr_carea' id='block_1_50' title="bbox 1980 2616 3571 2693">
    <p class='ocr_par' dir='ltr' id='par_1_50' title="bbox 1980 2616 3571 2693">
     <span class='ocr_line' id='line_1_50' title="bbox 1980 2616 3571 2693; baseline -0.009 -11"><span class='ocrx_word' id='word_1_363' title='bbox 1980 2627 2157 2682; x_wconf 79' lang='lat' dir='ltr'><strong>stodia</strong></span> <span class='ocrx_word' id='word_1_364' title='bbox 2194 2627 2396 2681; x_wconf 81' lang='lat' dir='ltr'><strong>servati</strong></span> <span class='ocrx_word' id='word_1_365' title='bbox 2459 2624 2790 2693; x_wconf 80' lang='lat' dir='ltr'><strong>deductique</strong></span> <span class='ocrx_word' id='word_1_366' title='bbox 2820 2624 2875 2676; x_wconf 91' lang='lat' dir='ltr'><strong>in</strong></span> <span class='ocrx_word' id='word_1_367' title='bbox 2902 2622 3115 2682; x_wconf 88' lang='lat' dir='ltr'><strong>urbem,</strong></span> <span class='ocrx_word' id='word_1_368' title='bbox 3177 2634 3273 2673; x_wconf 82' lang='lat' dir='ltr'><strong>sua</strong></span> <span class='ocrx_word' id='word_1_369' title='bbox 3333 2616 3571 2671; x_wconf 78' lang='lat' dir='ltr'><strong>miseria</strong></span> 
     </span>
    </p>
   </div>
   <div class='ocr_carea' id='block_1_51' title="bbox 1976 2712 3579 2792">
    <p class='ocr_par' dir='ltr' id='par_1_51' title="bbox 1976 2712 3579 2792">
     <span class='ocr_line' id='line_1_51' title="bbox 1976 2712 3579 2792; baseline -0.008 -17"><span class='ocrx_word' id='word_1_370' title='bbox 1976 2730 2188 2792; x_wconf 84' lang='lat' dir='ltr'><strong>gratum</strong></span> <span class='ocrx_word' id='word_1_371' title='bbox 2234 2720 2468 2775; x_wconf 78' lang='lat' dir='ltr'><strong>infensis</strong></span> <span class='ocrx_word' id='word_1_372' title='bbox 2499 2717 2874 2788; x_wconf 88' lang='lat' dir='ltr'><strong>spectaculum</strong></span> <span class='ocrx_word' id='word_1_373' title='bbox 2917 2716 3159 2778; x_wconf 87' lang='lat' dir='ltr'><strong>fuerunt,</strong></span> <span class='ocrx_word' id='word_1_374' title='bbox 3193 2712 3579 2783; x_wconf 88' lang='lat' dir='ltr'><strong>qualicunque-</strong></span> 
     </span>
    </p>
   </div>
   <div class='ocr_carea' id='block_1_52' title="bbox 1980 2802 3569 2881">
    <p class='ocr_par' dir='ltr' id='par_1_52' title="bbox 1980 2802 3569 2881">
     <span class='ocr_line' id='line_1_52' title="bbox 1980 2802 3569 2881; baseline -0.009 -12"><span class='ocrx_word' id='word_1_375' title='bbox 1980 2813 2177 2869; x_wconf 88' lang='lat' dir='ltr'><strong>solatio</strong></span> <span class='ocrx_word' id='word_1_376' title='bbox 2230 2811 2591 2881; x_wconf 69' lang='lat' dir='ltr'><strong>prmcedentis</strong></span> <span class='ocrx_word' id='word_1_377' title='bbox 2639 2809 2830 2864; x_wconf 89' lang='lat' dir='ltr'><strong>eladis.</strong></span> <span class='ocrx_word' id='word_1_378' title='bbox 2878 2810 2949 2862; x_wconf 83' lang='lat' dir='ltr'><strong>At</strong></span> <span class='ocrx_word' id='word_1_379' title='bbox 2984 2807 3209 2875; x_wconf 87' lang='lat' dir='ltr'><strong>despota</strong></span> <span class='ocrx_word' id='word_1_380' title='bbox 3268 2819 3392 2857; x_wconf 89' lang='lat' dir='ltr'><strong>cum</strong></span> <span class='ocrx_word' id='word_1_381' title='bbox 3447 2802 3569 2856; x_wconf 85' lang='lat' dir='ltr'><strong>suis</strong></span> 
     </span>
    </p>
   </div>
   <div class='ocr_carea' id='block_1_53' title="bbox 1981 2894 3561 2974">
    <p class='ocr_par' dir='ltr' id='par_1_53' title="bbox 1981 2894 3561 2974">
     <span class='ocr_line' id='line_1_53' title="bbox 1981 2894 3561 2974; baseline -0.008 -15"><span class='ocrx_word' id='word_1_382' title='bbox 1981 2904 2194 2974; x_wconf 89' lang='lat' dir='ltr'><strong>spoliati</strong></span> <span class='ocrx_word' id='word_1_383' title='bbox 2223 2903 2482 2957; x_wconf 85' lang='lat' dir='ltr'><strong>omnibus</strong></span> <span class='ocrx_word' id='word_1_384' title='bbox 2534 2915 2656 2969; x_wconf 64' lang='lat' dir='ltr'><strong>quae</strong></span> <span class='ocrx_word' id='word_1_385' title='bbox 2688 2900 3017 2963; x_wconf 87' lang='lat' dir='ltr'><strong>habuerant,</strong></span> <span class='ocrx_word' id='word_1_386' title='bbox 3054 2898 3120 2953; x_wconf 88' lang='lat' dir='ltr'><strong>ad</strong></span> <span class='ocrx_word' id='word_1_387' title='bbox 3167 2894 3561 2949; x_wconf 84' lang='lat' dir='ltr'><strong>Achridensem</strong></span> 
     </span>
    </p>
   </div>
   <div class='ocr_carea' id='block_1_54' title="bbox 1978 2985 3565 3066">
    <p class='ocr_par' dir='ltr' id='par_1_54' title="bbox 1978 2985 3565 3066">
     <span class='ocr_line' id='line_1_54' title="bbox 1978 2985 3565 3066; baseline -0.009 -14"><span class='ocrx_word' id='word_1_388' title='bbox 1978 2997 2296 3053; x_wconf 82' lang='lat' dir='ltr'><strong>Cerameam</strong></span> <span class='ocrx_word' id='word_1_389' title='bbox 2342 3001 2740 3066; x_wconf 87' lang='lat' dir='ltr'><strong>pervenerunt,</strong></span> <span class='ocrx_word' id='word_1_390' title='bbox 2790 2991 3087 3052; x_wconf 81' lang='lat' dir='ltr'><strong>miserabili</strong></span> <span class='ocrx_word' id='word_1_391' title='bbox 3126 3002 3353 3059; x_wconf 86' lang='lat' dir='ltr'><strong>prorsus</strong></span> <span class='ocrx_word' id='word_1_392' title='bbox 3397 2996 3453 3040; x_wconf 90' lang='lat' dir='ltr'><strong>et</strong></span> <span class='ocrx_word' id='word_1_393' title='bbox 3482 2985 3565 3039; x_wconf 88' lang='lat' dir='ltr'><strong>di—</strong></span> 
     </span>
    </p>
   </div>
   <div class='ocr_carea' id='block_1_55' title="bbox 1981 3082 3569 3163">
    <p class='ocr_par' dir='ltr' id='par_1_55' title="bbox 1981 3082 3569 3163">
     <span class='ocr_line' id='line_1_55' title="bbox 1981 3082 3569 3163; baseline -0.008 -18"><span class='ocrx_word' id='word_1_394' title='bbox 1981 3106 2082 3163; x_wconf 82' lang='lat' dir='ltr'><strong>gna</strong></span> <span class='ocrx_word' id='word_1_395' title='bbox 2111 3089 2366 3161; x_wconf 87' lang='lat' dir='ltr'><strong>lacrymis</strong></span> <span class='ocrx_word' id='word_1_396' title='bbox 2405 3088 2609 3159; x_wconf 83' lang='lat' dir='ltr'><strong>specie.</strong></span> <span class='ocrx_word' id='word_1_397' title='bbox 2649 3087 2745 3141; x_wconf 88' lang='lat' dir='ltr'><strong>ille</strong></span> <span class='ocrx_word' id='word_1_398' title='bbox 2780 3086 2959 3140; x_wconf 90' lang='lat' dir='ltr'><strong>nudos</strong></span> <span class='ocrx_word' id='word_1_399' title='bbox 3005 3092 3060 3137; x_wconf 90' lang='lat' dir='ltr'><strong>et</strong></span> <span class='ocrx_word' id='word_1_400' title='bbox 3088 3082 3334 3137; x_wconf 91' lang='lat' dir='ltr'><strong>omnium</strong></span> <span class='ocrx_word' id='word_1_401' title='bbox 3359 3094 3569 3150; x_wconf 81' lang='lat' dir='ltr'><strong>egenos</strong></span> 
     </span>
    </p>
   </div>
   <div class='ocr_carea' id='block_1_56' title="bbox 1979 3170 3569 3249">
    <p class='ocr_par' dir='ltr' id='par_1_56' title="bbox 1979 3170 3569 3249">
     <span class='ocr_line' id='line_1_56' title="bbox 1979 3170 3569 3249; baseline -0.011 -11"><span class='ocrx_word' id='word_1_402' title='bbox 1979 3182 2202 3238; x_wconf 77' lang='lat' dir='ltr'><strong>vestivit</strong></span> <span class='ocrx_word' id='word_1_403' title='bbox 2227 3182 2626 3249; x_wconf 87' lang='lat' dir='ltr'><strong>recreavitque,</strong></span> <span class='ocrx_word' id='word_1_404' title='bbox 2666 3185 2932 3248; x_wconf 88' lang='lat' dir='ltr'><strong>quantum</strong></span> <span class='ocrx_word' id='word_1_405' title='bbox 2966 3190 3065 3246; x_wconf 88' lang='lat' dir='ltr'><strong>pro</strong></span> <span class='ocrx_word' id='word_1_406' title='bbox 3097 3173 3353 3244; x_wconf 56' lang='lat' dir='ltr'><strong>praesenti</strong></span> <span class='ocrx_word' id='word_1_407' title='bbox 3404 3170 3569 3239; x_wconf 80' lang='lat' dir='ltr'><strong>copia</strong></span> 
     </span>
    </p>
   </div>
   <div class='ocr_carea' id='block_1_57' title="bbox 1982 3264 3567 3340">
    <p class='ocr_par' dir='ltr' id='par_1_57' title="bbox 1982 3264 3567 3340">
     <span class='ocr_line' id='line_1_57' title="bbox 1982 3264 3567 3340; baseline -0.01 -8"><span class='ocrx_word' id='word_1_408' title='bbox 1982 3274 2386 3332; x_wconf 86' lang='lat' dir='ltr'><strong>humanissime</strong></span> <span class='ocrx_word' id='word_1_409' title='bbox 2440 3272 2637 3340; x_wconf 89' lang='lat' dir='ltr'><strong>potuit.</strong></span> <span class='ocrx_word' id='word_1_410' title='bbox 2679 3270 2821 3325; x_wconf 78' lang='lat' dir='ltr'><strong>Hinc</strong></span> <span class='ocrx_word' id='word_1_411' title='bbox 2882 3266 2994 3338; x_wconf 77' lang='lat' dir='ltr'><strong>iam</strong></span> <span class='ocrx_word' id='word_1_412' title='bbox 3026 3281 3190 3322; x_wconf 91' lang='lat' dir='ltr'><strong>sensu</strong></span> <span class='ocrx_word' id='word_1_413' title='bbox 3242 3264 3567 3335; x_wconf 86' lang='lat' dir='ltr'><strong>pudoreque</strong></span> 
     </span>
    </p>
   </div>
   <div class='ocr_carea' id='block_1_58' title="bbox 1985 3356 3567 3421">
    <p class='ocr_par' dir='ltr' id='par_1_58' title="bbox 1985 3356 3567 3421">
     <span class='ocr_line' id='line_1_58' title="bbox 1985 3356 3567 3421; baseline -0.009 0"><span class='ocrx_word' id='word_1_414' title='bbox 1985 3363 2309 3421; x_wconf 81' lang='lat' dir='ltr'><strong>oll‘ensionis</strong></span> <span class='ocrx_word' id='word_1_415' title='bbox 2352 3371 2518 3418; x_wconf 79' lang='lat' dir='ltr'><strong>tantae</strong></span> <span class='ocrx_word' id='word_1_416' title='bbox 2548 3377 2612 3418; x_wconf 93' lang='lat' dir='ltr'><strong>ac</strong></span> <span class='ocrx_word' id='word_1_417' title='bbox 2637 3368 2747 3416; x_wconf 90' lang='lat' dir='ltr'><strong>tam</strong></span> <span class='ocrx_word' id='word_1_418' title='bbox 2772 3360 2997 3416; x_wconf 86' lang='lat' dir='ltr'><strong>insolito</strong></span> <span class='ocrx_word' id='word_1_419' title='bbox 3035 3358 3147 3417; x_wconf 88' lang='lat' dir='ltr'><strong>ictu</strong></span> <span class='ocrx_word' id='word_1_420' title='bbox 3183 3358 3428 3412; x_wconf 80' lang='lat' dir='ltr'><strong>adversae</strong></span> <span class='ocrx_word' id='word_1_421' title='bbox 3454 3356 3567 3408; x_wconf 86' lang='lat' dir='ltr'><strong>for-</strong></span> 
     </span>
    </p>
   </div>
   <div class='ocr_carea' id='block_1_59' title="bbox 304 3446 3565 3526">
    <p class='ocr_par' dir='ltr' id='par_1_59' title="bbox 304 3446 3565 3526">
     <span class='ocr_line' id='line_1_59' title="bbox 304 3446 3565 3526; baseline 0 -25"><span class='ocrx_word' id='word_1_422' title='bbox 304 3455 608 3517; x_wconf 89' lang='lat' dir='ltr'><strong>opportune</strong></span> <span class='ocrx_word' id='word_1_423' title='bbox 663 3450 1040 3515; x_wconf 87' lang='lat' dir='ltr'><strong>subvenirent,</strong></span> <span class='ocrx_word' id='word_1_424' title='bbox 1086 3452 1310 3508; x_wconf 85' lang='lat' dir='ltr'><strong>fortium</strong></span> <span class='ocrx_word' id='word_1_425' title='bbox 1364 3455 1611 3510; x_wconf 88' lang='lat' dir='ltr'><strong>virorum</strong></span> <span class='ocrx_word' id='word_1_426' title='bbox 1657 3446 1948 3521; x_wconf 73' lang='lat' dir='ltr'><strong>manus,c</strong></span> <span class='ocrx_word' id='word_1_427' title='bbox 1984 3464 2128 3511; x_wconf 64' lang='lat' dir='ltr'><strong>tunae</strong></span> <span class='ocrx_word' id='word_1_428' title='bbox 2162 3455 2370 3510; x_wconf 86' lang='lat' dir='ltr'><strong>fractus</strong></span> <span class='ocrx_word' id='word_1_429' title='bbox 2415 3456 2600 3509; x_wconf 83' lang='lat' dir='ltr'><strong>animo</strong></span> <span class='ocrx_word' id='word_1_430' title='bbox 2636 3455 2865 3526; x_wconf 91' lang='lat' dir='ltr'><strong>despota</strong></span> <span class='ocrx_word' id='word_1_431' title='bbox 2922 3454 3157 3524; x_wconf 90' lang='lat' dir='ltr'><strong>insignia</strong></span> <span class='ocrx_word' id='word_1_432' title='bbox 3210 3453 3368 3507; x_wconf 85' lang='lat' dir='ltr'><strong>istius</strong></span> <span class='ocrx_word' id='word_1_433' title='bbox 3424 3450 3565 3504; x_wconf 89' lang='lat' dir='ltr'><strong>tituli</strong></span> 
     </span>
    </p>
   </div>
   <div class='ocr_carea' id='block_1_60' title="bbox 301 3538 1881 3615">
    <p class='ocr_par' dir='ltr' id='par_1_60' title="bbox 301 3538 1881 3615">
     <span class='ocr_line' id='line_1_60' title="bbox 301 3538 1881 3615; baseline 0.005 -22"><span class='ocrx_word' id='word_1_434' title='bbox 301 3538 441 3594; x_wconf 84' lang='lat' dir='ltr'><strong>unde</strong></span> <span class='ocrx_word' id='word_1_435' title='bbox 469 3555 749 3596; x_wconf 66' lang='lat' dir='ltr'><strong>caesorum</strong></span> <span class='ocrx_word' id='word_1_436' title='bbox 804 3542 1004 3598; x_wconf 87' lang='lat' dir='ltr'><strong>damna</strong></span> <span class='ocrx_word' id='word_1_437' title='bbox 1043 3546 1448 3615; x_wconf 82' lang='lat' dir='ltr'><strong>supplerentur,</strong></span> <span class='ocrx_word' id='word_1_438' title='bbox 1500 3549 1671 3603; x_wconf 86' lang='lat' dir='ltr'><strong>robur</strong></span> <span class='ocrx_word' id='word_1_439' title='bbox 1709 3549 1881 3604; x_wconf 49' lang='lat' dir='ltr'><strong>auda-p</strong></span> 
     </span>
    </p>
   </div>
   <div class='ocr_carea' id='block_1_61' title="bbox 301 3632 1877 3710">
    <p class='ocr_par' dir='ltr' id='par_1_61' title="bbox 301 3632 1877 3710">
     <span class='ocr_line' id='line_1_61' title="bbox 301 3632 1877 3710; baseline 0.008 -26"><span class='ocrx_word' id='word_1_440' title='bbox 301 3632 555 3703; x_wconf 81' lang='lat' dir='ltr'><strong>ciamque</strong></span> <span class='ocrx_word' id='word_1_441' title='bbox 577 3636 945 3706; x_wconf 84' lang='lat' dir='ltr'><strong>pugnantibus</strong></span> <span class='ocrx_word' id='word_1_442' title='bbox 972 3637 1203 3692; x_wconf 87' lang='lat' dir='ltr'><strong>immisit</strong></span> <span class='ocrx_word' id='word_1_443' title='bbox 1227 3639 1600 3710; x_wconf 84' lang='lat' dir='ltr'><strong>excitavitque</strong></span> <span class='ocrx_word' id='word_1_444' title='bbox 1641 3642 1877 3707; x_wconf 89' lang='lat' dir='ltr'><strong>animos,</strong></span> 
     </span>
    </p>
   </div>
   <div class='ocr_carea' id='block_1_62' title="bbox 302 3726 1884 3803">
    <p class='ocr_par' dir='ltr' id='par_1_62' title="bbox 302 3726 1884 3803">
     <span class='ocr_line' id='line_1_62' title="bbox 302 3726 1884 3803; baseline 0.006 -23"><span class='ocrx_word' id='word_1_445' title='bbox 302 3734 358 3795; x_wconf 85' lang='lat' dir='ltr'><strong>ut</strong></span> <span class='ocrx_word' id='word_1_446' title='bbox 379 3726 491 3796; x_wconf 86' lang='lat' dir='ltr'><strong>jam</strong></span> <span class='ocrx_word' id='word_1_447' title='bbox 550 3743 717 3797; x_wconf 87' lang='lat' dir='ltr'><strong>supra</strong></span> <span class='ocrx_word' id='word_1_448' title='bbox 766 3728 910 3783; x_wconf 88' lang='lat' dir='ltr'><strong>vires</strong></span> <span class='ocrx_word' id='word_1_449' title='bbox 940 3730 1379 3796; x_wconf 78' lang='lat' dir='ltr'><strong>conniterentur,</strong></span> <span class='ocrx_word' id='word_1_450' title='bbox 1438 3733 1884 3803; x_wconf 78' lang='lat' dir='ltr'><strong>projicerentque</strong></span> 
     </span>
    </p>
   </div>
   <div class='ocr_carea' id='block_1_63' title="bbox 302 3805 1884 3897">
    <p class='ocr_par' dir='ltr' id='par_1_63' title="bbox 302 3805 1884 3897">
     <span class='ocr_line' id='line_1_63' title="bbox 302 3805 1884 3897; baseline 0.007 -26"><span class='ocrx_word' id='word_1_451' title='bbox 302 3833 355 3872; x_wconf 85' lang='lat' dir='ltr'><strong>se</strong></span> <span class='ocrx_word' id='word_1_452' title='bbox 386 3818 438 3872; x_wconf 92' lang='lat' dir='ltr'><strong>in</strong></span> <span class='ocrx_word' id='word_1_453' title='bbox 463 3821 576 3875; x_wconf 83' lang='lat' dir='ltr'><strong>tela</strong></span> <span class='ocrx_word' id='word_1_454' title='bbox 608 3820 828 3875; x_wconf 88' lang='lat' dir='ltr'><strong>hostilia</strong></span> <span class='ocrx_word' id='word_1_455' title='bbox 866 3837 1012 3879; x_wconf 67' lang='lat' dir='ltr'><strong>caeco</strong></span> <span class='ocrx_word' id='word_1_456' title='bbox 1036 3823 1263 3894; x_wconf 91' lang='lat' dir='ltr'><strong>quidam</strong></span> <span class='ocrx_word' id='word_1_457' title='bbox 1293 3824 1520 3897; x_wconf 86' lang='lat' dir='ltr'><strong>impetu.</strong></span> <span class='ocrx_word' id='word_1_458' title='bbox 1551 3805 1740 3883; x_wconf 25' lang='lat' dir='ltr'><strong>&#39;Ardor</strong></span> <span class='ocrx_word' id='word_1_459' title='bbox 1763 3835 1884 3882; x_wconf 90' lang='lat' dir='ltr'><strong>erat</strong></span> 
     </span>
    </p>
   </div>
   <div class='ocr_carea' id='block_1_64' title="bbox 303 3907 1884 3986">
    <p class='ocr_par' dir='ltr' id='par_1_64' title="bbox 303 3907 1884 3986">
     <span class='ocr_line' id='line_1_64' title="bbox 303 3907 1884 3986; baseline 0.008 -23"><span class='ocrx_word' id='word_1_460' title='bbox 303 3907 352 3964; x_wconf 87' lang='lat' dir='ltr'><strong>in</strong></span> <span class='ocrx_word' id='word_1_461' title='bbox 396 3925 636 3966; x_wconf 89' lang='lat' dir='ltr'><strong>mortem</strong></span> <span class='ocrx_word' id='word_1_462' title='bbox 672 3916 968 3981; x_wconf 86' lang='lat' dir='ltr'><strong>ruentium,</strong></span> <span class='ocrx_word' id='word_1_463' title='bbox 1026 3932 1190 3986; x_wconf 89' lang='lat' dir='ltr'><strong>quem</strong></span> <span class='ocrx_word' id='word_1_464' title='bbox 1218 3927 1495 3973; x_wconf 88' lang='lat' dir='ltr'><strong>amentem</strong></span> <span class='ocrx_word' id='word_1_465' title='bbox 1531 3934 1596 3973; x_wconf 86' lang='lat' dir='ltr'><strong>ac</strong></span> <span class='ocrx_word' id='word_1_466' title='bbox 1654 3920 1884 3976; x_wconf 88' lang='lat' dir='ltr'><strong>rationis</strong></span> 
     </span>
    </p>
   </div>
   <div class='ocr_carea' id='block_1_65' title="bbox 303 4002 1882 4080">
    <p class='ocr_par' dir='ltr' id='par_1_65' title="bbox 303 4002 1882 4080">
     <span class='ocr_line' id='line_1_65' title="bbox 303 4002 1882 4080; baseline 0.006 -25"><span class='ocrx_word' id='word_1_467' title='bbox 303 4002 567 4072; x_wconf 90' lang='lat' dir='ltr'><strong>impotem</strong></span> <span class='ocrx_word' id='word_1_468' title='bbox 603 4005 835 4060; x_wconf 88' lang='lat' dir='ltr'><strong>diceres.</strong></span> <span class='ocrx_word' id='word_1_469' title='bbox 882 4006 994 4061; x_wconf 87' lang='lat' dir='ltr'><strong>Nec</strong></span> <span class='ocrx_word' id='word_1_470' title='bbox 1050 4009 1249 4062; x_wconf 91' lang='lat' dir='ltr'><strong>minori</strong></span> <span class='ocrx_word' id='word_1_471' title='bbox 1283 4024 1423 4080; x_wconf 90' lang='lat' dir='ltr'><strong>opus</strong></span> <span class='ocrx_word' id='word_1_472' title='bbox 1445 4020 1562 4063; x_wconf 92' lang='lat' dir='ltr'><strong>erat</strong></span> <span class='ocrx_word' id='word_1_473' title='bbox 1597 4009 1692 4065; x_wconf 84' lang='lat' dir='ltr'><strong>tali</strong></span> <span class='ocrx_word' id='word_1_474' title='bbox 1747 4011 1882 4066; x_wconf 85' lang='lat' dir='ltr'><strong>arti-</strong></span> 
     </span>
    </p>
   </div>
   <div class='ocr_carea' id='block_1_66' title="bbox 303 4094 1884 4173">
    <p class='ocr_par' dir='ltr' id='par_1_66' title="bbox 303 4094 1884 4173">
     <span class='ocr_line' id='line_1_66' title="bbox 303 4094 1884 4173; baseline 0.003 -25"><span class='ocrx_word' id='word_1_475' title='bbox 303 4094 422 4149; x_wconf 88' lang='lat' dir='ltr'><strong>culo</strong></span> <span class='ocrx_word' id='word_1_476' title='bbox 448 4096 863 4165; x_wconf 89' lang='lat' dir='ltr'><strong>desperatarum</strong></span> <span class='ocrx_word' id='word_1_477' title='bbox 914 4112 1122 4153; x_wconf 90' lang='lat' dir='ltr'><strong>rerum.</strong></span> <span class='ocrx_word' id='word_1_478' title='bbox 1154 4099 1245 4154; x_wconf 89' lang='lat' dir='ltr'><strong>Sic</strong></span> <span class='ocrx_word' id='word_1_479' title='bbox 1304 4116 1444 4169; x_wconf 87' lang='lat' dir='ltr'><strong>pene</strong></span> <span class='ocrx_word' id='word_1_480' title='bbox 1492 4099 1653 4173; x_wconf 77' lang='lat'><strong>335</strong></span> <span class='ocrx_word' id='word_1_481' title='bbox 1710 4102 1884 4156; x_wconf 80' lang='lat' dir='ltr'><strong>victu-</strong></span> 
     </span>
    </p>
   </div>
   <div class='ocr_carea' id='block_1_67' title="bbox 306 4189 1884 4261">
    <p class='ocr_par' dir='ltr' id='par_1_67' title="bbox 306 4189 1884 4261">
     <span class='ocr_line' id='line_1_67' title="bbox 306 4189 1884 4261; baseline 0.006 -23"><span class='ocrx_word' id='word_1_482' title='bbox 306 4200 442 4241; x_wconf 84' lang='lat' dir='ltr'><strong>resa</strong></span> <span class='ocrx_word' id='word_1_483' title='bbox 477 4189 596 4259; x_wconf 87' lang='lat' dir='ltr'><strong>jam</strong></span> <span class='ocrx_word' id='word_1_484' title='bbox 636 4189 905 4257; x_wconf 85' lang='lat' dir='ltr'><strong>perculsis</strong></span> <span class='ocrx_word' id='word_1_485' title='bbox 953 4190 1198 4261; x_wconf 89' lang='lat' dir='ltr'><strong>superati</strong></span> <span class='ocrx_word' id='word_1_486' title='bbox 1250 4193 1468 4246; x_wconf 81' lang='lat' dir='ltr'><strong>tandem</strong></span> <span class='ocrx_word' id='word_1_487' title='bbox 1505 4205 1654 4259; x_wconf 84' lang='lat' dir='ltr'><strong>sunt,</strong></span> <span class='ocrx_word' id='word_1_488' title='bbox 1683 4193 1884 4248; x_wconf 88' lang='lat' dir='ltr'><strong>sudore</strong></span> 
     </span>
    </p>
   </div>
   <div class='ocr_carea' id='block_1_68' title="bbox 304 4280 1884 4351">
    <p class='ocr_par' dir='ltr' id='par_1_68' title="bbox 304 4280 1884 4351">
     <span class='ocr_line' id='line_1_68' title="bbox 304 4280 1884 4351; baseline 0.003 -18"><span class='ocrx_word' id='word_1_489' title='bbox 304 4280 523 4347; x_wconf 77' lang='lat' dir='ltr'><strong>quidem</strong></span> <span class='ocrx_word' id='word_1_490' title='bbox 577 4281 749 4335; x_wconf 88' lang='lat' dir='ltr'><strong>multo</strong></span> <span class='ocrx_word' id='word_1_491' title='bbox 807 4296 1151 4351; x_wconf 77' lang='lat' dir='ltr'><strong>cruoreque:</strong></span> <span class='ocrx_word' id='word_1_492' title='bbox 1200 4285 1293 4339; x_wconf 86' lang='lat' dir='ltr'><strong>sed</strong></span> <span class='ocrx_word' id='word_1_493' title='bbox 1342 4285 1479 4339; x_wconf 92' lang='lat' dir='ltr'><strong>tanti</strong></span> <span class='ocrx_word' id='word_1_494' title='bbox 1552 4286 1721 4340; x_wconf 87' lang='lat' dir='ltr'><strong>decus</strong></span> <span class='ocrx_word' id='word_1_495' title='bbox 1782 4285 1884 4339; x_wconf 89' lang='lat' dir='ltr'><strong>fuit</strong></span> 
     </span>
    </p>
   </div>
   <div class='ocr_carea' id='block_1_69' title="bbox 303 4370 1884 4449">
    <p class='ocr_par' dir='ltr' id='par_1_69' title="bbox 303 4370 1884 4449">
     <span class='ocr_line' id='line_1_69' title="bbox 303 4370 1884 4449; baseline 0.004 -26"><span class='ocrx_word' id='word_1_496' title='bbox 303 4384 585 4426; x_wconf 71' lang='lat' dir='ltr'><strong>conversa:</strong></span> <span class='ocrx_word' id='word_1_497' title='bbox 614 4385 644 4425; x_wconf 92' lang='lat' dir='ltr'><strong>e</strong></span> <span class='ocrx_word' id='word_1_498' title='bbox 675 4370 992 4427; x_wconf 84' lang='lat' dir='ltr'><strong>discriminc</strong></span> <span class='ocrx_word' id='word_1_499' title='bbox 1027 4374 1221 4429; x_wconf 89' lang='lat' dir='ltr'><strong>ultimo</strong></span> <span class='ocrx_word' id='word_1_500' title='bbox 1275 4376 1507 4449; x_wconf 71' lang='lat' dir='ltr'><strong>publica:</strong></span> <span class='ocrx_word' id='word_1_501' title='bbox 1557 4375 1792 4431; x_wconf 76' lang='lat' dir='ltr'><strong>fortuna:</strong></span> <span class='ocrx_word' id='word_1_502' title='bbox 1830 4377 1884 4430; x_wconf 93' lang='lat' dir='ltr'><strong>in</strong></span> 
     </span>
    </p>
   </div>
   <div class='ocr_carea' id='block_1_70' title="bbox 305 4467 1886 4531">
    <p class='ocr_par' dir='ltr' id='par_1_70' title="bbox 305 4467 1886 4531">
     <span class='ocr_line' id='line_1_70' title="bbox 305 4467 1886 4531; baseline 0.001 -11"><span class='ocrx_word' id='word_1_503' title='bbox 305 4476 623 4520; x_wconf 85' lang='lat' dir='ltr'><strong>Successum</strong></span> <span class='ocrx_word' id='word_1_504' title='bbox 653 4472 891 4531; x_wconf 89' lang='lat' dir='ltr'><strong>tantum,</strong></span> <span class='ocrx_word' id='word_1_505' title='bbox 929 4476 988 4520; x_wconf 87' lang='lat' dir='ltr'><strong>ut</strong></span> <span class='ocrx_word' id='word_1_506' title='bbox 1014 4467 1230 4523; x_wconf 87' lang='lat' dir='ltr'><strong>duabus</strong></span> <span class='ocrx_word' id='word_1_507' title='bbox 1264 4468 1508 4524; x_wconf 87' lang='lat' dir='ltr'><strong>tribusve</strong></span> <span class='ocrx_word' id='word_1_508' title='bbox 1549 4477 1886 4524; x_wconf 90' lang='lat' dir='ltr'><strong>tantummo-</strong></span> 
     </span>
    </p>
   </div>
   <div class='ocr_carea' id='block_1_71' title="bbox 301 4556 1882 4634">
    <p class='ocr_par' dir='ltr' id='par_1_71' title="bbox 301 4556 1882 4634">
     <span class='ocr_line' id='line_1_71' title="bbox 301 4556 1882 4634; baseline 0.007 -26"><span class='ocrx_word' id='word_1_509' title='bbox 301 4556 372 4610; x_wconf 86' lang='lat' dir='ltr'><strong>do</strong></span> <span class='ocrx_word' id='word_1_510' title='bbox 401 4558 608 4628; x_wconf 86' lang='lat' dir='ltr'><strong>elapsis</strong></span> <span class='ocrx_word' id='word_1_511' title='bbox 651 4560 873 4630; x_wconf 66' lang='lat' dir='ltr'><strong>reliqum</strong></span> <span class='ocrx_word' id='word_1_512' title='bbox 932 4577 1123 4617; x_wconf 93' lang='lat' dir='ltr'><strong>omnes</strong></span> <span class='ocrx_word' id='word_1_513' title='bbox 1169 4572 1496 4634; x_wconf 59' lang='lat' dir='ltr'><strong>expugnate</strong></span> <span class='ocrx_word' id='word_1_514' title='bbox 1557 4563 1882 4619; x_wconf 84' lang='lat' dir='ltr'><strong>Latinorum</strong></span> 
     </span>
    </p>
   </div>
   <div class='ocr_carea' id='block_1_72' title="bbox 307 4649 1885 4727">
    <p class='ocr_par' dir='ltr' id='par_1_72' title="bbox 307 4649 1885 4727">
     <span class='ocr_line' id='line_1_72' title="bbox 307 4649 1885 4727; baseline 0.004 -22"><span class='ocrx_word' id='word_1_515' title='bbox 307 4664 474 4705; x_wconf 84' lang='lat' dir='ltr'><strong>naves</strong></span> <span class='ocrx_word' id='word_1_516' title='bbox 506 4666 539 4705; x_wconf 88' lang='lat' dir='ltr'><strong>a</strong></span> <span class='ocrx_word' id='word_1_517' title='bbox 585 4649 845 4705; x_wconf 81' lang='lat' dir='ltr'><strong>Romanis</strong></span> <span class='ocrx_word' id='word_1_518' title='bbox 897 4665 1246 4723; x_wconf 87' lang='lat' dir='ltr'><strong>caperentur,</strong></span> <span class='ocrx_word' id='word_1_519' title='bbox 1292 4656 1569 4727; x_wconf 90' lang='lat' dir='ltr'><strong>plerisque</strong></span> <span class='ocrx_word' id='word_1_520' title='bbox 1602 4668 1885 4713; x_wconf 83' lang='lat' dir='ltr'><strong>vectorum</strong></span> 
     </span>
    </p>
   </div>
   <div class='ocr_carea' id='block_1_73' title="bbox 1983 3544 3562 3620">
    <p class='ocr_par' dir='ltr' id='par_1_73' title="bbox 1983 3544 3562 3620">
     <span class='ocr_line' id='line_1_73' title="bbox 1983 3544 3562 3620; baseline -0.005 -15"><span class='ocrx_word' id='word_1_521' title='bbox 1983 3550 2205 3619; x_wconf 78' lang='lat' dir='ltr'><strong>abjecit,</strong></span> <span class='ocrx_word' id='word_1_522' title='bbox 2251 3550 2545 3620; x_wconf 85' lang='lat' dir='ltr'><strong>indignum</strong></span> <span class='ocrx_word' id='word_1_523' title='bbox 2572 3545 2640 3606; x_wconf 87' lang='lat' dir='ltr'><strong>iis</strong></span> <span class='ocrx_word' id='word_1_524' title='bbox 2682 3564 2807 3605; x_wconf 89' lang='lat' dir='ltr'><strong>sese</strong></span> <span class='ocrx_word' id='word_1_525' title='bbox 2865 3558 3146 3618; x_wconf 89' lang='lat' dir='ltr'><strong>reputans,</strong></span> <span class='ocrx_word' id='word_1_526' title='bbox 3188 3547 3279 3616; x_wconf 90' lang='lat' dir='ltr'><strong>qui</strong></span> <span class='ocrx_word' id='word_1_527' title='bbox 3314 3547 3476 3600; x_wconf 68' lang='lat' dir='ltr'><strong>modo</strong></span> <span class='ocrx_word' id='word_1_528' title='bbox 3508 3544 3562 3598; x_wconf 91' lang='lat' dir='ltr'><strong>in</strong></span> 
     </span>
    </p>
   </div>
   <div class='ocr_carea' id='block_1_74' title="bbox 1984 3639 3566 3713">
    <p class='ocr_par' dir='ltr' id='par_1_74' title="bbox 1984 3639 3566 3713">
     <span class='ocr_line' id='line_1_74' title="bbox 1984 3639 3566 3713; baseline -0.005 -15"><span class='ocrx_word' id='word_1_529' title='bbox 1984 3650 2094 3698; x_wconf 89' lang='lat' dir='ltr'><strong>tam</strong></span> <span class='ocrx_word' id='word_1_530' title='bbox 2147 3642 2456 3713; x_wconf 87' lang='lat' dir='ltr'><strong>pr0pinquo</strong></span> <span class='ocrx_word' id='word_1_531' title='bbox 2500 3642 2786 3699; x_wconf 89' lang='lat' dir='ltr'><strong>servitutis</strong></span> <span class='ocrx_word' id='word_1_532' title='bbox 2842 3642 3089 3711; x_wconf 90' lang='lat' dir='ltr'><strong>periculo</strong></span> <span class='ocrx_word' id='word_1_533' title='bbox 3144 3639 3358 3706; x_wconf 88' lang='lat' dir='ltr'><strong>fuisset,</strong></span> <span class='ocrx_word' id='word_1_534' title='bbox 3401 3654 3429 3691; x_wconf 89' lang='lat' dir='ltr'><strong>a</strong></span> <span class='ocrx_word' id='word_1_535' title='bbox 3459 3653 3566 3707; x_wconf 89' lang='lat' dir='ltr'><strong>qua</strong></span> 
     </span>
    </p>
   </div>
   <div class='ocr_carea' id='block_1_75' title="bbox 1982 3730 3567 3805">
    <p class='ocr_par' dir='ltr' id='par_1_75' title="bbox 1982 3730 3567 3805">
     <span class='ocr_line' id='line_1_75' title="bbox 1982 3730 3567 3805; baseline -0.002 -17"><span class='ocrx_word' id='word_1_536' title='bbox 1982 3748 2095 3789; x_wconf 87' lang='lat' dir='ltr'><strong>non</strong></span> <span class='ocrx_word' id='word_1_537' title='bbox 2129 3750 2241 3789; x_wconf 66' lang='lat' dir='ltr'><strong>sum</strong></span> <span class='ocrx_word' id='word_1_538' title='bbox 2276 3734 2425 3788; x_wconf 90' lang='lat' dir='ltr'><strong>illum</strong></span> <span class='ocrx_word' id='word_1_539' title='bbox 2473 3749 2607 3805; x_wconf 89' lang='lat' dir='ltr'><strong>opes</strong></span> <span class='ocrx_word' id='word_1_540' title='bbox 2658 3743 2755 3789; x_wconf 86' lang='lat' dir='ltr'><strong>aut</strong></span> <span class='ocrx_word' id='word_1_541' title='bbox 2781 3734 2981 3797; x_wconf 90' lang='lat' dir='ltr'><strong>virtus,</strong></span> <span class='ocrx_word' id='word_1_542' title='bbox 3011 3733 3106 3787; x_wconf 89' lang='lat' dir='ltr'><strong>sed</strong></span> <span class='ocrx_word' id='word_1_543' title='bbox 3143 3747 3304 3788; x_wconf 74' lang='lat' dir='ltr'><strong>casus</strong></span> <span class='ocrx_word' id='word_1_544' title='bbox 3353 3740 3408 3786; x_wconf 91' lang='lat' dir='ltr'><strong>et</strong></span> <span class='ocrx_word' id='word_1_545' title='bbox 3438 3730 3567 3799; x_wconf 84' lang='lat' dir='ltr'><strong>fuga</strong></span> 
     </span>
    </p>
   </div>
   <div class='ocr_carea' id='block_1_76' title="bbox 1984 3824 3571 3896">
    <p class='ocr_par' dir='ltr' id='par_1_76' title="bbox 1984 3824 3571 3896">
     <span class='ocr_line' id='line_1_76' title="bbox 1984 3824 3571 3896; baseline -0.003 -16"><span class='ocrx_word' id='word_1_546' title='bbox 1984 3825 2329 3881; x_wconf 89' lang='lat' dir='ltr'><strong>liberassent.</strong></span> <span class='ocrx_word' id='word_1_547' title='bbox 2364 3826 2569 3891; x_wconf 86' lang='lat' dir='ltr'><strong>Quare,</strong></span> <span class='ocrx_word' id='word_1_548' title='bbox 2604 3825 2672 3880; x_wconf 89' lang='lat' dir='ltr'><strong>iis</strong></span> <span class='ocrx_word' id='word_1_549' title='bbox 2701 3841 2823 3896; x_wconf 69' lang='lat' dir='ltr'><strong>qua:</strong></span> <span class='ocrx_word' id='word_1_550' title='bbox 2846 3838 3112 3893; x_wconf 87' lang='lat' dir='ltr'><strong>usurpare</strong></span> <span class='ocrx_word' id='word_1_551' title='bbox 3146 3824 3299 3890; x_wconf 90' lang='lat' dir='ltr'><strong>prius</strong></span> <span class='ocrx_word' id='word_1_552' title='bbox 3329 3832 3447 3877; x_wconf 91' lang='lat' dir='ltr'><strong>erat</strong></span> <span class='ocrx_word' id='word_1_553' title='bbox 3478 3838 3571 3876; x_wconf 53' lang='lat' dir='ltr'><strong>so»</strong></span> 
     </span>
    </p>
   </div>
   <div class='ocr_carea' id='block_1_77' title="bbox 1986 3914 3571 3987">
    <p class='ocr_par' dir='ltr' id='par_1_77' title="bbox 1986 3914 3571 3987">
     <span class='ocr_line' id='line_1_77' title="bbox 1986 3914 3571 3987; baseline -0.003 -17"><span class='ocrx_word' id='word_1_554' title='bbox 1986 3917 2113 3972; x_wconf 89' lang='lat' dir='ltr'><strong>litus</strong></span> <span class='ocrx_word' id='word_1_555' title='bbox 2149 3915 2205 3971; x_wconf 89' lang='lat' dir='ltr'><strong>in</strong></span> <span class='ocrx_word' id='word_1_556' title='bbox 2231 3916 2428 3987; x_wconf 87' lang='lat' dir='ltr'><strong>capitis</strong></span> <span class='ocrx_word' id='word_1_557' title='bbox 2456 3918 2716 3985; x_wconf 82' lang='lat' dir='ltr'><strong>tegmine,</strong></span> <span class='ocrx_word' id='word_1_558' title='bbox 2760 3917 2813 3970; x_wconf 90' lang='lat' dir='ltr'><strong>in</strong></span> <span class='ocrx_word' id='word_1_559' title='bbox 2876 3916 3100 3978; x_wconf 86' lang='lat' dir='ltr'><strong>calceis,</strong></span> <span class='ocrx_word' id='word_1_560' title='bbox 3140 3915 3192 3968; x_wconf 91' lang='lat' dir='ltr'><strong>in</strong></span> <span class='ocrx_word' id='word_1_561' title='bbox 3224 3914 3465 3984; x_wconf 82' lang='lat' dir='ltr'><strong>phaleris</strong></span> <span class='ocrx_word' id='word_1_562' title='bbox 3515 3923 3571 3966; x_wconf 90' lang='lat' dir='ltr'><strong>et</strong></span> 
     </span>
    </p>
   </div>
   <div class='ocr_carea' id='block_1_78' title="bbox 1984 4006 3571 4080">
    <p class='ocr_par' dir='ltr' id='par_1_78' title="bbox 1984 4006 3571 4080">
     <span class='ocr_line' id='line_1_78' title="bbox 1984 4006 3571 4080; baseline -0.005 -15"><span class='ocrx_word' id='word_1_563' title='bbox 1984 4010 2155 4065; x_wconf 82' lang='lat' dir='ltr'><strong>frenis</strong></span> <span class='ocrx_word' id='word_1_564' title='bbox 2195 4010 2565 4080; x_wconf 87' lang='lat' dir='ltr'><strong>equestribus,</strong></span> <span class='ocrx_word' id='word_1_565' title='bbox 2606 4009 2659 4063; x_wconf 94' lang='lat' dir='ltr'><strong>in</strong></span> <span class='ocrx_word' id='word_1_566' title='bbox 2690 4010 2854 4063; x_wconf 87' lang='lat' dir='ltr'><strong>rubra</strong></span> <span class='ocrx_word' id='word_1_567' title='bbox 2889 4007 3317 4077; x_wconf 90' lang='lat' dir='ltr'><strong>subscriptione,</strong></span> <span class='ocrx_word' id='word_1_568' title='bbox 3354 4006 3571 4077; x_wconf 64' lang='lat' dir='ltr'><strong>symbo«</strong></span> 
     </span>
    </p>
   </div>
   <div class='ocr_carea' id='block_1_79' title="bbox 1987 4098 3571 4172">
    <p class='ocr_par' dir='ltr' id='par_1_79' title="bbox 1987 4098 3571 4172">
     <span class='ocr_line' id='line_1_79' title="bbox 1987 4098 3571 4172; baseline -0.006 -14"><span class='ocrx_word' id='word_1_569' title='bbox 1987 4105 2035 4158; x_wconf 90' lang='lat' dir='ltr'><strong>la</strong></span> <span class='ocrx_word' id='word_1_570' title='bbox 2093 4103 2394 4172; x_wconf 72' lang='lat' dir='ltr'><strong>despoticre</strong></span> <span class='ocrx_word' id='word_1_571' title='bbox 2448 4101 2765 4172; x_wconf 85' lang='lat' dir='ltr'><strong>potestatis,</strong></span> <span class='ocrx_word' id='word_1_572' title='bbox 2819 4100 3081 4169; x_wconf 88' lang='lat' dir='ltr'><strong>deinceps</strong></span> <span class='ocrx_word' id='word_1_573' title='bbox 3122 4098 3430 4159; x_wconf 83' lang='lat' dir='ltr'><strong>abstinens,</strong></span> <span class='ocrx_word' id='word_1_574' title='bbox 3488 4100 3571 4150; x_wconf 85' lang='lat' dir='ltr'><strong>sic</strong></span> 
     </span>
    </p>
   </div>
   <div class='ocr_carea' id='block_1_80' title="bbox 1988 4188 3581 4267">
    <p class='ocr_par' dir='ltr' id='par_1_80' title="bbox 1988 4188 3581 4267">
     <span class='ocr_line' id='line_1_80' title="bbox 1988 4188 3581 4267; baseline -0.005 -16"><span class='ocrx_word' id='word_1_575' title='bbox 1988 4196 2303 4267; x_wconf 88' lang='lat' dir='ltr'><strong>imperatori</strong></span> <span class='ocrx_word' id='word_1_576' title='bbox 2354 4211 2414 4250; x_wconf 92' lang='lat' dir='ltr'><strong>se</strong></span> <span class='ocrx_word' id='word_1_577' title='bbox 2444 4195 2612 4261; x_wconf 89' lang='lat' dir='ltr'><strong>sistit,</strong></span> <span class='ocrx_word' id='word_1_578' title='bbox 2651 4195 2795 4249; x_wconf 85' lang='lat' dir='ltr'><strong>haud</strong></span> <span class='ocrx_word' id='word_1_579' title='bbox 2837 4193 2955 4250; x_wconf 85' lang='lat' dir='ltr'><strong>scio</strong></span> <span class='ocrx_word' id='word_1_580' title='bbox 3005 4208 3072 4247; x_wconf 92' lang='lat' dir='ltr'><strong>an</strong></span> <span class='ocrx_word' id='word_1_581' title='bbox 3107 4191 3280 4261; x_wconf 86' lang='lat' dir='ltr'><strong>magis</strong></span> <span class='ocrx_word' id='word_1_582' title='bbox 3321 4188 3581 4244; x_wconf 31' lang='lat' dir='ltr'><strong>testando.</strong></span> 
     </span>
    </p>
   </div>
   <div class='ocr_carea' id='block_1_81' title="bbox 1987 4278 3575 4358">
    <p class='ocr_par' dir='ltr' id='par_1_81' title="bbox 1987 4278 3575 4358">
     <span class='ocr_line' id='line_1_81' title="bbox 1987 4278 3575 4358; baseline -0.005 -17"><span class='ocrx_word' id='word_1_583' title='bbox 1987 4289 2210 4358; x_wconf 90' lang='lat' dir='ltr'><strong>proprio</strong></span> <span class='ocrx_word' id='word_1_584' title='bbox 2243 4288 2441 4351; x_wconf 88' lang='lat' dir='ltr'><strong>dolori,</strong></span> <span class='ocrx_word' id='word_1_585' title='bbox 2500 4303 2567 4341; x_wconf 89' lang='lat' dir='ltr'><strong>an</strong></span> <span class='ocrx_word' id='word_1_586' title='bbox 2603 4288 2697 4342; x_wconf 84' lang='lat' dir='ltr'><strong>irae</strong></span> <span class='ocrx_word' id='word_1_587' title='bbox 2754 4286 2899 4340; x_wconf 85' lang='lat' dir='ltr'><strong>illius</strong></span> <span class='ocrx_word' id='word_1_588' title='bbox 2956 4283 3301 4339; x_wconf 70' lang='lat' dir='ltr'><strong>deliniendie.</strong></span> <span class='ocrx_word' id='word_1_589' title='bbox 3366 4280 3431 4334; x_wconf 86' lang='lat' dir='ltr'><strong>Et</strong></span> <span class='ocrx_word' id='word_1_590' title='bbox 3465 4278 3575 4333; x_wconf 79' lang='lat' dir='ltr'><strong>hoc</strong></span> 
     </span>
    </p>
   </div>
   <div class='ocr_carea' id='block_1_82' title="bbox 1986 4371 3569 4449">
    <p class='ocr_par' dir='ltr' id='par_1_82' title="bbox 1986 4371 3569 4449">
     <span class='ocr_line' id='line_1_82' title="bbox 1986 4371 3569 4449; baseline -0.007 -17"><span class='ocrx_word' id='word_1_591' title='bbox 1986 4378 2205 4448; x_wconf 87' lang='lat' dir='ltr'><strong>quidem</strong></span> <span class='ocrx_word' id='word_1_592' title='bbox 2259 4378 2358 4449; x_wconf 87' lang='lat' dir='ltr'><strong>ipsi</strong></span> <span class='ocrx_word' id='word_1_593' title='bbox 2411 4393 2478 4431; x_wconf 84' lang='lat' dir='ltr'><strong>ex</strong></span> <span class='ocrx_word' id='word_1_594' title='bbox 2532 4386 2657 4433; x_wconf 87' lang='lat' dir='ltr'><strong>voto</strong></span> <span class='ocrx_word' id='word_1_595' title='bbox 2707 4375 2956 4447; x_wconf 78' lang='lat' dir='ltr'><strong>contigit.</strong></span> <span class='ocrx_word' id='word_1_596' title='bbox 3017 4372 3226 4427; x_wconf 81' lang='lat' dir='ltr'><strong>Videns</strong></span> <span class='ocrx_word' id='word_1_597' title='bbox 3256 4371 3402 4425; x_wconf 89' lang='lat' dir='ltr'><strong>enim</strong></span> <span class='ocrx_word' id='word_1_598' title='bbox 3437 4384 3569 4424; x_wconf 89' lang='lat' dir='ltr'><strong>eum</strong></span> 
     </span>
    </p>
   </div>
   <div class='ocr_carea' id='block_1_83' title="bbox 1987 4460 3569 4540">
    <p class='ocr_par' dir='ltr' id='par_1_83' title="bbox 1987 4460 3569 4540">
     <span class='ocr_line' id='line_1_83' title="bbox 1987 4460 3569 4540; baseline -0.007 -17"><span class='ocrx_word' id='word_1_599' title='bbox 1987 4471 2264 4540; x_wconf 81' lang='lat' dir='ltr'><strong>Augustus</strong></span> <span class='ocrx_word' id='word_1_600' title='bbox 2298 4469 2352 4522; x_wconf 91' lang='lat' dir='ltr'><strong>in</strong></span> <span class='ocrx_word' id='word_1_601' title='bbox 2381 4467 2664 4522; x_wconf 90' lang='lat' dir='ltr'><strong>communi</strong></span> <span class='ocrx_word' id='word_1_602' title='bbox 2710 4465 2940 4531; x_wconf 83' lang='lat' dir='ltr'><strong>vestitu,</strong></span> <span class='ocrx_word' id='word_1_603' title='bbox 2982 4463 3309 4534; x_wconf 88' lang='lat' dir='ltr'><strong>privatoque</strong></span> <span class='ocrx_word' id='word_1_604' title='bbox 3340 4476 3406 4516; x_wconf 83' lang='lat' dir='ltr'><strong>ex</strong></span> <span class='ocrx_word' id='word_1_605' title='bbox 3440 4460 3569 4514; x_wconf 80' lang='lat' dir='ltr'><strong>lana</strong></span> 
     </span>
    </p>
   </div>
   <div class='ocr_carea' id='block_1_84' title="bbox 1988 4554 3569 4632">
    <p class='ocr_par' dir='ltr' id='par_1_84' title="bbox 1988 4554 3569 4632">
     <span class='ocr_line' id='line_1_84' title="bbox 1988 4554 3569 4632; baseline -0.008 -16"><span class='ocrx_word' id='word_1_606' title='bbox 1988 4560 2157 4632; x_wconf 83' lang='lat' dir='ltr'><strong>pileo,</strong></span> <span class='ocrx_word' id='word_1_607' title='bbox 2188 4560 2421 4614; x_wconf 91' lang='lat' dir='ltr'><strong>multum</strong></span> <span class='ocrx_word' id='word_1_608' title='bbox 2449 4560 2517 4615; x_wconf 90' lang='lat' dir='ltr'><strong>de</strong></span> <span class='ocrx_word' id='word_1_609' title='bbox 2545 4558 2951 4629; x_wconf 82' lang='lat' dir='ltr'><strong>indignatione,</strong></span> <span class='ocrx_word' id='word_1_610' title='bbox 2984 4570 3148 4627; x_wconf 84' lang='lat' dir='ltr'><strong>quam</strong></span> <span class='ocrx_word' id='word_1_611' title='bbox 3187 4554 3374 4608; x_wconf 85' lang='lat' dir='ltr'><strong>audita</strong></span> <span class='ocrx_word' id='word_1_612' title='bbox 3409 4566 3569 4607; x_wconf 76' lang='lat' dir='ltr'><strong>exer-</strong></span> 
     </span>
    </p>
   </div>
   <div class='ocr_carea' id='block_1_85' title="bbox 1990 4647 3570 4722">
    <p class='ocr_par' dir='ltr' id='par_1_85' title="bbox 1990 4647 3570 4722">
     <span class='ocr_line' id='line_1_85' title="bbox 1990 4647 3570 4722; baseline -0.007 -15"><span class='ocrx_word' id='word_1_613' title='bbox 1990 4652 2133 4707; x_wconf 89' lang='lat' dir='ltr'><strong>citus</strong></span> <span class='ocrx_word' id='word_1_614' title='bbox 2166 4651 2349 4706; x_wconf 85' lang='lat' dir='ltr'><strong>clades</strong></span> <span class='ocrx_word' id='word_1_615' title='bbox 2375 4650 2430 4705; x_wconf 89' lang='lat' dir='ltr'><strong>in</strong></span> <span class='ocrx_word' id='word_1_616' title='bbox 2459 4653 2579 4722; x_wconf 83' lang='lat' dir='ltr'><strong>ejus</strong></span> <span class='ocrx_word' id='word_1_617' title='bbox 2614 4651 2778 4721; x_wconf 77' lang='lat'><strong>336</strong></span> <span class='ocrx_word' id='word_1_618' title='bbox 2837 4650 3023 4704; x_wconf 84' lang='lat' dir='ltr'><strong>animo</strong></span> <span class='ocrx_word' id='word_1_619' title='bbox 3060 4647 3398 4703; x_wconf 88' lang='lat' dir='ltr'><strong>excitaverat</strong></span> <span class='ocrx_word' id='word_1_620' title='bbox 3446 4659 3570 4697; x_wconf 85' lang='lat' dir='ltr'><strong>ma-</strong></span> 
     </span>
    </p>
   </div>
   <div class='ocr_carea' id='block_1_86' title="bbox 305 4733 3564 4821">
    <p class='ocr_par' dir='ltr' id='par_1_86' title="bbox 305 4733 3564 4821">
     <span class='ocr_line' id='line_1_86' title="bbox 305 4733 3564 4821; baseline -0.006 -16"><span class='ocrx_word' id='word_1_621' title='bbox 305 4741 475 4809; x_wconf 66' lang='lat' dir='ltr'><strong>lapsis</strong></span> <span class='ocrx_word' id='word_1_622' title='bbox 539 4752 634 4797; x_wconf 74' lang='lat' dir='ltr'><strong>aut</strong></span> <span class='ocrx_word' id='word_1_623' title='bbox 668 4746 924 4813; x_wconf 76' lang='lat' dir='ltr'><strong>pmjcctis</strong></span> <span class='ocrx_word' id='word_1_624' title='bbox 957 4746 1008 4799; x_wconf 85' lang='lat' dir='ltr'><strong>in</strong></span> <span class='ocrx_word' id='word_1_625' title='bbox 1058 4762 1230 4813; x_wconf 84' lang='lat' dir='ltr'><strong>mare,</strong></span> <span class='ocrx_word' id='word_1_626' title='bbox 1288 4749 1379 4802; x_wconf 84' lang='lat' dir='ltr'><strong>ubi</strong></span> <span class='ocrx_word' id='word_1_627' title='bbox 1413 4750 1672 4821; x_wconf 84' lang='lat' dir='ltr'><strong>gaudium</strong></span> <span class='ocrx_word' id='word_1_628' title='bbox 1724 4751 1886 4820; x_wconf 92' lang='lat' dir='ltr'><strong>epulo</strong></span> <span class='ocrx_word' id='word_1_629' title='bbox 1923 4795 1963 4821; x_wconf 59' lang='grc' dir='ltr'>η</span> <span class='ocrx_word' id='word_1_630' title='bbox 1990 4743 2219 4808; x_wconf 78' lang='lat' dir='ltr'><strong>ximam,</strong></span> <span class='ocrx_word' id='word_1_631' title='bbox 2252 4741 2461 4798; x_wconf 84' lang='lat' dir='ltr'><strong>remisit</strong></span> <span class='ocrx_word' id='word_1_632' title='bbox 2489 4759 2505 4808; x_wconf 89' lang='lat'><strong>;</strong></span> <span class='ocrx_word' id='word_1_633' title='bbox 2533 4749 2917 4796; x_wconf 84' lang='lat' dir='ltr'><strong>commovente</strong></span> <span class='ocrx_word' id='word_1_634' title='bbox 2947 4738 3194 4795; x_wconf 86' lang='lat' dir='ltr'><strong>vicissim</strong></span> <span class='ocrx_word' id='word_1_635' title='bbox 3225 4738 3336 4792; x_wconf 87' lang='lat' dir='ltr'><strong>ista</strong></span> <span class='ocrx_word' id='word_1_636' title='bbox 3363 4733 3564 4789; x_wconf 87' lang='lat' dir='ltr'><strong>humili</strong></span> 
     </span>
    </p>
   </div>
   <div class='ocr_carea' id='block_1_87' title="bbox 304 4832 1886 4911">
    <p class='ocr_par' dir='ltr' id='par_1_87' title="bbox 304 4832 1886 4911">
     <span class='ocr_line' id='line_1_87' title="bbox 304 4832 1886 4911; baseline 0.006 -25"><span class='ocrx_word' id='word_1_637' title='bbox 304 4832 607 4903; x_wconf 80' lang='lat' dir='ltr'><strong>saginaque</strong></span> <span class='ocrx_word' id='word_1_638' title='bbox 638 4837 722 4889; x_wconf 92' lang='lat' dir='ltr'><strong>sui</strong></span> <span class='ocrx_word' id='word_1_639' title='bbox 755 4838 1051 4892; x_wconf 81' lang='lat' dir='ltr'><strong>maximum</strong></span> <span class='ocrx_word' id='word_1_640' title='bbox 1082 4839 1331 4908; x_wconf 83' lang='lat' dir='ltr'><strong>piscibus</strong></span> <span class='ocrx_word' id='word_1_641' title='bbox 1380 4841 1671 4906; x_wconf 88' lang='lat' dir='ltr'><strong>dederunt,</strong></span> <span class='ocrx_word' id='word_1_642' title='bbox 1708 4858 1886 4911; x_wconf 85' lang='lat' dir='ltr'><strong>quan-</strong></span> 
     </span>
    </p>
   </div>
   <div class='ocr_carea' id='block_1_88' title="bbox 305 4928 1889 5004">
    <p class='ocr_par' dir='ltr' id='par_1_88' title="bbox 305 4928 1889 5004">
     <span class='ocr_line' id='line_1_88' title="bbox 305 4928 1889 5004; baseline 0.006 -26"><span class='ocrx_word' id='word_1_643' title='bbox 305 4932 421 4978; x_wconf 88' lang='lat' dir='ltr'><strong>tum</strong></span> <span class='ocrx_word' id='word_1_644' title='bbox 476 4928 689 4982; x_wconf 78' lang='lat' dir='ltr'><strong>scilicet</strong></span> <span class='ocrx_word' id='word_1_645' title='bbox 738 4929 1003 4985; x_wconf 88' lang='lat' dir='ltr'><strong>allaturos</strong></span> <span class='ocrx_word' id='word_1_646' title='bbox 1051 4947 1174 4986; x_wconf 90' lang='lat' dir='ltr'><strong>sese</strong></span> <span class='ocrx_word' id='word_1_647' title='bbox 1231 4932 1552 5004; x_wconf 85' lang='lat' dir='ltr'><strong>conjugibus</strong></span> <span class='ocrx_word' id='word_1_648' title='bbox 1602 4942 1657 4987; x_wconf 86' lang='lat' dir='ltr'><strong>et</strong></span> <span class='ocrx_word' id='word_1_649' title='bbox 1699 4933 1889 4988; x_wconf 89' lang='lat' dir='ltr'><strong>liberis</strong></span> 
     </span>
    </p>
   </div>
   <div class='ocr_carea' id='block_1_89' title="bbox 306 5017 1886 5103">
    <p class='ocr_par' dir='ltr' id='par_1_89' title="bbox 306 5017 1886 5103">
     <span class='ocr_line' id='line_1_89' title="bbox 306 5017 1886 5103; baseline 0.004 -32"><span class='ocrx_word' id='word_1_650' title='bbox 306 5017 633 5088; x_wconf 79' lang='lat' dir='ltr'><strong>triumphali</strong></span> <span class='ocrx_word' id='word_1_651' title='bbox 667 5022 888 5075; x_wconf 90' lang='lat' dir='ltr'><strong>domum</strong></span> <span class='ocrx_word' id='word_1_652' title='bbox 921 5022 1097 5078; x_wconf 84' lang='lat' dir='ltr'><strong>reditu</strong></span> <span class='ocrx_word' id='word_1_653' title='bbox 1159 5036 1538 5103; x_wconf 82' lang='lat' dir='ltr'><strong>speraverant.</strong></span> <span class='ocrx_word' id='word_1_654' title='bbox 1576 5024 1679 5079; x_wconf 85' lang='lat' dir='ltr'><strong>Alii</strong></span> <span class='ocrx_word' id='word_1_655' title='bbox 1711 5023 1886 5079; x_wconf 87' lang='lat' dir='ltr'><strong>Latini</strong></span> 
     </span>
    </p>
   </div>
   <div class='ocr_carea' id='block_1_90' title="bbox 307 5310 1888 5383">
    <p class='ocr_par' dir='ltr' id='par_1_90' title="bbox 307 5310 1888 5383">
     <span class='ocr_line' id='line_1_90' title="bbox 307 5310 1888 5383; baseline 0.001 -15"><span class='ocrx_word' id='word_1_656' title='bbox 307 5316 375 5369; x_wconf 84' lang='lat' dir='ltr'><strong>a&#39;.</strong></span> <span class='ocrx_word' id='word_1_657' title='bbox 410 5318 617 5383; x_wconf 81' lang='grc' dir='ltr'>Ὅπως</span> <span class='ocrx_word' id='word_1_658' title='bbox 645 5314 877 5381; x_wconf 77' lang='grc' dir='ltr'>μεταξὺ</span> <span class='ocrx_word' id='word_1_659' title='bbox 898 5314 1103 5381; x_wconf 72' lang='grc' dir='ltr'>λύπης</span> <span class='ocrx_word' id='word_1_660' title='bbox 1145 5313 1245 5383; x_wconf 75' lang='grc' dir='ltr'>καὶ</span> <span class='ocrx_word' id='word_1_661' title='bbox 1293 5310 1552 5383; x_wconf 42' lang='grc' dir='ltr'>ἡδονῆς</span> <span class='ocrx_word' id='word_1_662' title='bbox 1581 5310 1820 5383; x_wconf 78' lang='grc' dir='ltr'>ἐγένετο</span> <span class='ocrx_word' id='word_1_663' title='bbox 1856 5314 1888 5369; x_wconf 81' lang='grc' dir='ltr'><em>ὀ</em></span> 
     </span>
    </p>
   </div>
   <div class='ocr_carea' id='block_1_91' title="bbox 482 5379 1719 5455">
    <p class='ocr_par' dir='ltr' id='par_1_91' title="bbox 482 5379 1719 5455">
     <span class='ocr_line' id='line_1_91' title="bbox 482 5379 1719 5455; baseline -0.003 -17"><span class='ocrx_word' id='word_1_664' title='bbox 482 5379 715 5454; x_wconf 69' lang='grc' dir='ltr'>κρατῶν</span> <span class='ocrx_word' id='word_1_665' title='bbox 733 5386 830 5439; x_wconf 81' lang='grc' dir='ltr'>διὰ</span> <span class='ocrx_word' id='word_1_666' title='bbox 859 5384 930 5438; x_wconf 86' lang='grc' dir='ltr'>τὰ</span> <span class='ocrx_word' id='word_1_667' title='bbox 969 5379 1285 5455; x_wconf 65' lang='grc' dir='ltr'>συμϐάντα</span> <span class='ocrx_word' id='word_1_668' title='bbox 1320 5383 1391 5436; x_wconf 82' lang='grc' dir='ltr'><strong>ἐν</strong></span> <span class='ocrx_word' id='word_1_669' title='bbox 1424 5379 1496 5451; x_wconf 77' lang='grc' dir='ltr'>τῇ</span> <span class='ocrx_word' id='word_1_670' title='bbox 1525 5380 1719 5435; x_wconf 80' lang='grc' dir='ltr'>δύσει.</span> 
     </span>
    </p>
   </div>
   <div class='ocr_carea' id='block_1_92' title="bbox 380 5496 1890 5574">
    <p class='ocr_par' dir='ltr' id='par_1_92' title="bbox 380 5496 1890 5574">
     <span class='ocr_line' id='line_1_92' title="bbox 380 5496 1890 5574; baseline -0.005 -19"><span class='ocrx_word' id='word_1_671' title='bbox 380 5497 470 5572; x_wconf 85' lang='grc' dir='ltr'><strong>[Ρ.</strong></span> <span class='ocrx_word' id='word_1_672' title='bbox 492 5500 620 5574; x_wconf 73' lang='grc'>250]</span> <span class='ocrx_word' id='word_1_673' title='bbox 651 5500 807 5555; x_wconf 81' lang='grc' dir='ltr'>Οὑτω</span> <span class='ocrx_word' id='word_1_674' title='bbox 840 5501 939 5571; x_wconf 78' lang='grc' dir='ltr'>μὲν</span> <span class='ocrx_word' id='word_1_675' title='bbox 957 5498 1051 5555; x_wconf 80' lang='grc' dir='ltr'><strong>οὑν</strong></span> <span class='ocrx_word' id='word_1_676' title='bbox 1076 5498 1187 5555; x_wconf 83' lang='grc' dir='ltr'><strong>τῶν</strong></span> <span class='ocrx_word' id='word_1_677' title='bbox 1219 5497 1361 5552; x_wconf 76' lang='grc' dir='ltr'>κατὰ</span> <span class='ocrx_word' id='word_1_678' title='bbox 1388 5497 1541 5551; x_wconf 88' lang='grc' dir='ltr'>δύσιν</span> <span class='ocrx_word' id='word_1_679' title='bbox 1582 5496 1890 5567; x_wconf 78' lang='grc' dir='ltr'>ξυμπεσόν-</span> 
     </span>
    </p>
   </div>
   <div class='ocr_carea' id='block_1_93' title="bbox 1992 4826 3563 4903">
    <p class='ocr_par' dir='ltr' id='par_1_93' title="bbox 1992 4826 3563 4903">
     <span class='ocr_line' id='line_1_93' title="bbox 1992 4826 3563 4903; baseline -0.008 -12"><span class='ocrx_word' id='word_1_680' title='bbox 1992 4835 2171 4903; x_wconf 89' lang='lat' dir='ltr'><strong>specie</strong></span> <span class='ocrx_word' id='word_1_681' title='bbox 2221 4834 2653 4889; x_wconf 87' lang='lat' dir='ltr'><strong>misericordiam</strong></span> <span class='ocrx_word' id='word_1_682' title='bbox 2707 4835 2759 4887; x_wconf 89' lang='lat' dir='ltr'><strong>in</strong></span> <span class='ocrx_word' id='word_1_683' title='bbox 2797 4833 2986 4896; x_wconf 81' lang='lat' dir='ltr'><strong>fratre,</strong></span> <span class='ocrx_word' id='word_1_684' title='bbox 3036 4831 3139 4886; x_wconf 91' lang='lat' dir='ltr'><strong>viri</strong></span> <span class='ocrx_word' id='word_1_685' title='bbox 3173 4829 3335 4894; x_wconf 88' lang='lat' dir='ltr'><strong>tanti,</strong></span> <span class='ocrx_word' id='word_1_686' title='bbox 3373 4826 3563 4882; x_wconf 82' lang='lat' dir='ltr'><strong>subita</strong></span> 
     </span>
    </p>
   </div>
   <div class='ocr_carea' id='block_1_94' title="bbox 1994 4922 3305 4997">
    <p class='ocr_par' dir='ltr' id='par_1_94' title="bbox 1994 4922 3305 4997">
     <span class='ocr_line' id='line_1_94' title="bbox 1994 4922 3305 4997; baseline -0.009 -12"><span class='ocrx_word' id='word_1_687' title='bbox 1994 4926 2352 4985; x_wconf 89' lang='lat' dir='ltr'><strong>conversione</strong></span> <span class='ocrx_word' id='word_1_688' title='bbox 2384 4928 2549 4981; x_wconf 87' lang='lat' dir='ltr'><strong>sortis</strong></span> <span class='ocrx_word' id='word_1_689' title='bbox 2592 4942 2621 4980; x_wconf 93' lang='lat' dir='ltr'><strong>e</strong></span> <span class='ocrx_word' id='word_1_690' title='bbox 2683 4934 2832 4980; x_wconf 85' lang='lat' dir='ltr'><strong>tanta</strong></span> <span class='ocrx_word' id='word_1_691' title='bbox 2862 4924 3033 4997; x_wconf 79' lang='lat' dir='ltr'><strong>gloria</strong></span> <span class='ocrx_word' id='word_1_692' title='bbox 3064 4922 3305 4993; x_wconf 69' lang='lat' dir='ltr'><strong>deiecti-</strong></span> 
     </span>
    </p>
   </div>
   <div class='ocr_carea' id='block_1_95' title="bbox 1903 5162 2022 5258">
    <p class='ocr_par' dir='ltr' id='par_1_95' title="bbox 1903 5162 2022 5258">
     <span class='ocr_line' id='line_1_95' title="bbox 1903 5162 2022 5258; baseline -0.042 0"><span class='ocrx_word' id='word_1_693' title='bbox 1903 5162 2022 5258; x_wconf 86' lang='lat' dir='ltr'><strong>E&#39;.</strong></span> 
     </span>
    </p>
   </div>
   <div class='ocr_carea' id='block_1_96' title="bbox 1996 5296 3575 5375">
    <p class='ocr_par' dir='ltr' id='par_1_96' title="bbox 1996 5296 3575 5375">
     <span class='ocr_line' id='line_1_96' title="bbox 1996 5296 3575 5375; baseline -0.009 -11"><span class='ocrx_word' id='word_1_694' title='bbox 1996 5328 2123 5375; x_wconf 89' lang='grc' dir='ltr'>των,</span> <span class='ocrx_word' id='word_1_695' title='bbox 2157 5307 2252 5362; x_wconf 75' lang='grc' dir='ltr'>καὶ</span> <span class='ocrx_word' id='word_1_696' title='bbox 2288 5304 2387 5360; x_wconf 78' lang='grc' dir='ltr'>τοῦ</span> <span class='ocrx_word' id='word_1_697' title='bbox 2431 5303 2570 5359; x_wconf 73' lang='grc' dir='ltr'>κατὰ</span> <span class='ocrx_word' id='word_1_698' title='bbox 2596 5302 2700 5371; x_wconf 82' lang='grc' dir='ltr'>γῆν</span> <span class='ocrx_word' id='word_1_699' title='bbox 2738 5300 3053 5369; x_wconf 76' lang='grc' dir='ltr'>σφάλματος</span> <span class='ocrx_word' id='word_1_700' title='bbox 3098 5296 3575 5365; x_wconf 85' lang='grc' dir='ltr'>ἀντισηκωθέντος</span> 
     </span>
    </p>
   </div>
   <div class='ocr_carea' id='block_1_97' title="bbox 1995 5387 3571 5471">
    <p class='ocr_par' dir='ltr' id='par_1_97' title="bbox 1995 5387 3571 5471">
     <span class='ocr_line' id='line_1_97' title="bbox 1995 5387 3571 5471; baseline -0.008 -16"><span class='ocrx_word' id='word_1_701' title='bbox 1995 5401 2073 5471; x_wconf 81' lang='grc' dir='ltr'>τῷ</span> <span class='ocrx_word' id='word_1_702' title='bbox 2111 5400 2252 5454; x_wconf 78' lang='grc' dir='ltr'>κατὰ</span> <span class='ocrx_word' id='word_1_703' title='bbox 2301 5397 2576 5451; x_wconf 76' lang='grc' dir='ltr'>θάλασσαν</span> <span class='ocrx_word' id='word_1_704' title='bbox 2620 5391 2986 5461; x_wconf 86' lang='grc' dir='ltr'>εὑτυχήματι,</span> <span class='ocrx_word' id='word_1_705' title='bbox 3030 5388 3207 5456; x_wconf 83' lang='grc' dir='ltr'>λύπης</span> <span class='ocrx_word' id='word_1_706' title='bbox 3254 5389 3280 5440; x_wconf 86' lang='grc' dir='ltr'><strong>ό</strong></span> <span class='ocrx_word' id='word_1_707' title='bbox 3316 5387 3571 5465; x_wconf 52' lang='grc' dir='ltr'>βασιλεὺς</span> 
     </span>
    </p>
   </div>
   <div class='ocr_carea' id='block_1_98' title="bbox 2000 5482 3573 5564">
    <p class='ocr_par' dir='ltr' id='par_1_98' title="bbox 2000 5482 3573 5564">
     <span class='ocr_line' id='line_1_98' title="bbox 2000 5482 3573 5564; baseline -0.01 -17"><span class='ocrx_word' id='word_1_708' title='bbox 2000 5492 2205 5564; x_wconf 78' lang='grc' dir='ltr'>μεταξὺ</span> <span class='ocrx_word' id='word_1_709' title='bbox 2238 5492 2329 5544; x_wconf 72' lang='grc' dir='ltr'>καὶ</span> <span class='ocrx_word' id='word_1_710' title='bbox 2359 5488 2551 5560; x_wconf 77' lang='grc' dir='ltr'>ἡδονῆς</span> <span class='ocrx_word' id='word_1_711' title='bbox 2578 5482 2665 5558; x_wconf 81' lang='grc' dir='ltr'><strong>ἧν.</strong></span> <span class='ocrx_word' id='word_1_712' title='bbox 2701 5482 2890 5553; x_wconf 85' lang='grc' dir='ltr'><strong>Ὄμῶς</strong></span> <span class='ocrx_word' id='word_1_713' title='bbox 2914 5482 2970 5536; x_wconf 82' lang='grc' dir='ltr'>δὲ</span> <span class='ocrx_word' id='word_1_714' title='bbox 2991 5482 3102 5545; x_wconf 81' lang='grc' dir='ltr'>τοῖς</span> <span class='ocrx_word' id='word_1_715' title='bbox 3137 5482 3420 5549; x_wconf 86' lang='grc' dir='ltr'>λογισμοῖς</span> <span class='ocrx_word' id='word_1_716' title='bbox 3452 5482 3573 5533; x_wconf 83' lang='grc' dir='ltr'>ἐπι-</span> 
     </span>
    </p>
   </div>
   <div class='ocr_carea' id='block_1_99' title="bbox 1888 5655 2000 5743">
    <p class='ocr_par' dir='ltr' id='par_1_99' title="bbox 1888 5655 2000 5743">
     <span class='ocr_line' id='line_1_99' title="bbox 1888 5655 2000 5743; baseline -0.045 0"><span class='ocrx_word' id='word_1_717' title='bbox 1888 5655 2000 5743; x_wconf 90' lang='lat' dir='ltr'><strong>V.</strong></span> 
     </span>
    </p>
   </div>
   <div class='ocr_carea' id='block_1_100' title="bbox 316 5803 1881 5878">
    <p class='ocr_par' dir='ltr' id='par_1_100' title="bbox 316 5803 1881 5878">
     <span class='ocr_line' id='line_1_100' title="bbox 316 5803 1881 5878; baseline -0.001 -19"><span class='ocrx_word' id='word_1_718' title='bbox 316 5804 367 5859; x_wconf 81' lang='grc'><strong>1.</strong></span> <span class='ocrx_word' id='word_1_719' title='bbox 408 5803 722 5878; x_wconf 13' lang='grc' dir='ltr'>Πιγηιεοιηι</span> <span class='ocrx_word' id='word_1_720' title='bbox 748 5806 885 5862; x_wconf 73' lang='lat' dir='ltr'><strong>inter</strong></span> <span class='ocrx_word' id='word_1_721' title='bbox 921 5824 1197 5863; x_wconf 68' lang='lat' dir='ltr'><strong>maerorem</strong></span> <span class='ocrx_word' id='word_1_722' title='bbox 1223 5820 1272 5862; x_wconf 83' lang='lat' dir='ltr'><strong>et</strong></span> <span class='ocrx_word' id='word_1_723' title='bbox 1299 5810 1555 5878; x_wconf 78' lang='lat' dir='ltr'><strong>gaudium</strong></span> <span class='ocrx_word' id='word_1_724' title='bbox 1592 5808 1881 5874; x_wconf 73' lang='lat' dir='ltr'><strong>imperator</strong></span> 
     </span>
    </p>
   </div>
   <div class='ocr_carea' id='block_1_101' title="bbox 481 5877 1705 5948">
    <p class='ocr_par' dir='ltr' id='par_1_101' title="bbox 481 5877 1705 5948">
     <span class='ocr_line' id='line_1_101' title="bbox 481 5877 1705 5948; baseline 0.002 -19"><span class='ocrx_word' id='word_1_725' title='bbox 481 5877 637 5945; x_wconf 74' lang='lat' dir='ltr'><strong>fuerit</strong></span> <span class='ocrx_word' id='word_1_726' title='bbox 666 5879 727 5931; x_wconf 87' lang='lat' dir='ltr'><strong>ob</strong></span> <span class='ocrx_word' id='word_1_727' title='bbox 761 5894 824 5933; x_wconf 78' lang='lat' dir='ltr'><strong>ea</strong></span> <span class='ocrx_word' id='word_1_728' title='bbox 864 5895 981 5948; x_wconf 79' lang='lat' dir='ltr'><strong>qua:</strong></span> <span class='ocrx_word' id='word_1_729' title='bbox 1010 5883 1064 5932; x_wconf 83' lang='lat' dir='ltr'><strong>in</strong></span> <span class='ocrx_word' id='word_1_730' title='bbox 1095 5877 1373 5935; x_wconf 78' lang='lat' dir='ltr'><strong>Occidente</strong></span> <span class='ocrx_word' id='word_1_731' title='bbox 1404 5889 1705 5938; x_wconf 79' lang='lat' dir='ltr'><strong>evenerant.</strong></span> 
     </span>
    </p>
   </div>
   <div class='ocr_carea' id='block_1_102' title="bbox 391 5986 1889 6063">
    <p class='ocr_par' dir='ltr' id='par_1_102' title="bbox 391 5986 1889 6063">
     <span class='ocr_line' id='line_1_102' title="bbox 391 5986 1889 6063; baseline 0.009 -23"><span class='ocrx_word' id='word_1_732' title='bbox 391 5986 575 6044; x_wconf 78' lang='lat' dir='ltr'><strong>Rebus</strong></span> <span class='ocrx_word' id='word_1_733' title='bbox 626 5990 681 6045; x_wconf 88' lang='lat' dir='ltr'><strong>in</strong></span> <span class='ocrx_word' id='word_1_734' title='bbox 724 5991 871 6047; x_wconf 89' lang='lat' dir='ltr'><strong>hunc</strong></span> <span class='ocrx_word' id='word_1_735' title='bbox 917 5993 1208 6047; x_wconf 89' lang='lat' dir='ltr'><strong>modumin</strong></span> <span class='ocrx_word' id='word_1_736' title='bbox 1252 5993 1550 6049; x_wconf 84' lang='lat' dir='ltr'><strong>Occidente</strong></span> <span class='ocrx_word' id='word_1_737' title='bbox 1591 5991 1780 6063; x_wconf 84' lang='lat' dir='ltr'><strong>gestis,</strong></span> <span class='ocrx_word' id='word_1_738' title='bbox 1832 5997 1889 6053; x_wconf 62' lang='grc' dir='ltr'>αι</span> 
     </span>
    </p>
   </div>
   <div class='ocr_carea' id='block_1_103' title="bbox 314 6082 1882 6152">
    <p class='ocr_par' dir='ltr' id='par_1_103' title="bbox 314 6082 1882 6152">
     <span class='ocr_line' id='line_1_103' title="bbox 314 6082 1882 6152; baseline 0.007 -18"><span class='ocrx_word' id='word_1_739' title='bbox 314 6082 619 6140; x_wconf 71' lang='lat' dir='ltr'><strong>oﬂettsioue</strong></span> <span class='ocrx_word' id='word_1_740' title='bbox 676 6086 918 6141; x_wconf 84' lang='lat' dir='ltr'><strong>terrestri</strong></span> <span class='ocrx_word' id='word_1_741' title='bbox 968 6103 1222 6144; x_wconf 80' lang='lat' dir='ltr'><strong>successu</strong></span> <span class='ocrx_word' id='word_1_742' title='bbox 1274 6088 1451 6144; x_wconf 85' lang='lat' dir='ltr'><strong>navali</strong></span> <span class='ocrx_word' id='word_1_743' title='bbox 1500 6094 1882 6152; x_wconf 74' lang='lat' dir='ltr'><strong>cempcusata.</strong></span> 
     </span>
    </p>
   </div>
   <div class='ocr_carea' id='block_1_104' title="bbox 1992 5789 3565 5870">
    <p class='ocr_par' dir='ltr' id='par_1_104' title="bbox 1992 5789 3565 5870">
     <span class='ocr_line' id='line_1_104' title="bbox 1992 5789 3565 5870; baseline -0.011 -12"><span class='ocrx_word' id='word_1_744' title='bbox 1992 5818 2119 5859; x_wconf 90' lang='lat' dir='ltr'><strong>cum</strong></span> <span class='ocrx_word' id='word_1_745' title='bbox 2155 5800 2364 5857; x_wconf 85' lang='lat' dir='ltr'><strong>medius</strong></span> <span class='ocrx_word' id='word_1_746' title='bbox 2395 5796 2723 5870; x_wconf 83' lang='lat' dir='ltr'><strong>&#39;aliquandiu</strong></span> <span class='ocrx_word' id='word_1_747' title='bbox 2770 5796 2913 5851; x_wconf 90' lang='lat' dir='ltr'><strong>inter</strong></span> <span class='ocrx_word' id='word_1_748' title='bbox 2974 5793 3179 5850; x_wconf 90' lang='lat' dir='ltr'><strong>luctum</strong></span> <span class='ocrx_word' id='word_1_749' title='bbox 3226 5799 3281 5845; x_wconf 88' lang='lat' dir='ltr'><strong>et</strong></span> <span class='ocrx_word' id='word_1_750' title='bbox 3325 5789 3565 5844; x_wconf 67' lang='lat' dir='ltr'><strong>laetitiam</strong></span> 
     </span>
    </p>
   </div>
   <div class='ocr_carea' id='block_1_105' title="bbox 1993 5881 3571 5965">
    <p class='ocr_par' dir='ltr' id='par_1_105' title="bbox 1993 5881 3571 5965">
     <span class='ocr_line' id='line_1_105' title="bbox 1993 5881 3571 5965; baseline -0.011 -15"><span class='ocrx_word' id='word_1_751' title='bbox 1993 5894 2147 5965; x_wconf 86' lang='lat' dir='ltr'><strong>quasi</strong></span> <span class='ocrx_word' id='word_1_752' title='bbox 2178 5893 2527 5964; x_wconf 88' lang='lat' dir='ltr'><strong>pependisset</strong></span> <span class='ocrx_word' id='word_1_753' title='bbox 2574 5892 2887 5961; x_wconf 90' lang='lat' dir='ltr'><strong>imperator,</strong></span> <span class='ocrx_word' id='word_1_754' title='bbox 2918 5887 3135 5942; x_wconf 86' lang='lat' dir='ltr'><strong>tandem</strong></span> <span class='ocrx_word' id='word_1_755' title='bbox 3162 5894 3357 5941; x_wconf 70' lang='lat' dir='ltr'><strong>cmtera</strong></span> <span class='ocrx_word' id='word_1_756' title='bbox 3383 5881 3571 5939; x_wconf 78' lang='lat' dir='ltr'><strong>liberis</strong></span> 
     </span>
    </p>
   </div>
   <div class='ocr_carea' id='block_1_106' title="bbox 1997 5977 3573 6055">
    <p class='ocr_par' dir='ltr' id='par_1_106' title="bbox 1997 5977 3573 6055">
     <span class='ocr_line' id='line_1_106' title="bbox 1997 5977 3573 6055; baseline -0.01 -13"><span class='ocrx_word' id='word_1_757' title='bbox 1997 5987 2280 6043; x_wconf 82' lang='lat' dir='ltr'><strong>hominum</strong></span> <span class='ocrx_word' id='word_1_758' title='bbox 2302 5984 2521 6055; x_wconf 70' lang='lat' dir='ltr'><strong>iudiciis</strong></span> <span class='ocrx_word' id='word_1_759' title='bbox 2553 5984 2833 6053; x_wconf 87' lang='lat' dir='ltr'><strong>utriusque</strong></span> <span class='ocrx_word' id='word_1_760' title='bbox 2874 5980 3000 6035; x_wconf 80' lang='lat' dir='ltr'><strong>facti</strong></span> <span class='ocrx_word' id='word_1_761' title='bbox 3033 5977 3393 6034; x_wconf 76' lang='lat' dir='ltr'><strong>:estimatione</strong></span> <span class='ocrx_word' id='word_1_762' title='bbox 3418 5987 3573 6045; x_wconf 68' lang='lat' dir='ltr'><strong>&#39;per-</strong></span> 
     </span>
    </p>
   </div>
   <div class='ocr_carea' id='block_1_107' title="bbox 1999 6072 3561 6149">
    <p class='ocr_par' dir='ltr' id='par_1_107' title="bbox 1999 6072 3561 6149">
     <span class='ocr_line' id='line_1_107' title="bbox 1999 6072 3561 6149; baseline -0.009 -12"><span class='ocrx_word' id='word_1_763' title='bbox 1999 6082 2184 6149; x_wconf 80' lang='lat' dir='ltr'><strong>missa,</strong></span> <span class='ocrx_word' id='word_1_764' title='bbox 2214 6082 2384 6149; x_wconf 71' lang='lat' dir='ltr'><strong>magis</strong></span> <span class='ocrx_word' id='word_1_765' title='bbox 2407 6082 2521 6141; x_wconf 83' lang='lat' dir='ltr'><strong>iusc</strong></span> <span class='ocrx_word' id='word_1_766' title='bbox 2552 6079 2872 6138; x_wconf 83' lang='lat' dir='ltr'><strong>incumbens</strong></span> <span class='ocrx_word' id='word_1_767' title='bbox 2905 6076 2959 6130; x_wconf 90' lang='lat' dir='ltr'><strong>in</strong></span> <span class='ocrx_word' id='word_1_768' title='bbox 2987 6072 3400 6145; x_wconf 82' lang='lat' dir='ltr'><strong>auspicatiorem</strong></span> <span class='ocrx_word' id='word_1_769' title='bbox 3439 6086 3561 6141; x_wconf 89' lang='lat' dir='ltr'><strong>par-</strong></span> 
     </span>
    </p>
   </div>
  </div>
