3964 6584
406 656 512 717 787

1606 653 1926 714 GEORGII
1964 644 2452 713 PACHYMERIE
3512 649 3603 713 788

403 769 620 837 τρέπων
649 768 718 822 τὰ
748 769 1070 839 πράγματα,
1104 770 1165 823 τὸ
1193 770 1292 841 μὲν
1333 769 1654 842 δυστύχημα
1681 771 1966 824 κλαπεϊσιν
1996 773 2043 830 Α
2073 769 2210 827 εἶναι
2235 772 2550 836 δεσποτείας
2575 771 2746 843 ὄνομα
2769 773 2954 842 φέρειν
2979 769 3104 833 τοὺς
3123 765 3443 833 ἐξωθεν,καὶ
3468 786 3608 836 προσ-

406 857 595 921 ἐτίθει,
624 857 684 911 τὸ
715 858 759 912 δ’
801 858 1087 930 εὐτύχημα
1118 861 1432 932 περιφανῶς
1468 861 1846 931 ἀριστεύσασι,
1877 860 1972 914 καὶ

406 946 470 1000 τὸ
507 946 608 1017 μὲν
636 947 832 1018 χλεύην
873 943 985 1003 οἷον
1019 951 1201 1020 ήγεῖτο
1249 950 1340 1004 τοῦ
1387 952 1695 1005 ἀποστάτου
1744 952 1975 1022 ἐργολα-

404 1034 626 1100 ϐοῦντος
651 1038 718 1092 τὰ
752 1039 903 1110 παρὰ
921 1039 1169 1110 δύναμιν,
1192 1040 1252 1093 τὸ
1275 1040 1330 1093 δὲ
1371 1041 1608 1110 πολέμου
1641 1041 1973 1112 κατόρθωμα.

408 1128 506 1180 καὶ
537 1127 797 1198 τρόπαιον
849 1129 1128 1200 ἄντικρυς.
1163 1132 1324 1184 Ὅθεν
1373 1133 1466 1184 καὶ
1508 1133 1576 1184 τὰ
1627 1133 1725 1200 τῆς
1777 1131 1970 1201 ἡδονῆς

407 1217 585 1283 ἐνίκα,
627 1219 760 1290 νῆας
793 1221 1003 1284 ἐκείνας
1047 1222 1352 1286 ἐννοοῦντας
1411 1223 1519 1276 τῶν
1559 1223 1835 1294 πολεμίων
1881 1224 1972 1276 καὶ

406 1309 606 1382 ἄνδρας
654 1312 712 1365 ἐν
739 1312 929 1376 αὐταῖς
979 1314 1282 1376 πλείστους,
1317 1315 1415 1378 τὰς
1464 1314 1563 1384 μὲν
1612 1314 1973 1384 καταχθείσας

406 1399 488 1470 τῷ
514 1401 745 1472 νεωρίῳ,
783 1403 906 1467 τοὺς
945 1403 1000 1456 δὲ
1041 1405 1162 1466 ταῖς
1197 1405 1437 1474 εἱρκταῖς
1472 1404 1784 1468 ἐκδοθέντας
1819 1405 1970 1475 σιδη-

411 1494 667 1563 ροδέτους
699 1497 792 1549 καὶ
841 1495 978 1568 μόνῃ
1009 1494 1109 1566 θέα
1155 1497 1216 1549 τὸ
1266 1496 1386 1550 κατ’
1418 1497 1600 1550 αὐτῶν
1658 1497 1972 1561 δεικνύντας

407 1583 688 1651 τρόπαιον.
737 1585 956 1640 Ἐλύπει
998 1587 1055 1640 δέ
1081 1604 1145 1656 γε
1175 1586 1265 1641 τὸν
1301 1587 1524 1658 βασιλέα
1556 1590 1651 1642 καὶ
1679 1589 1707 1642 ὁ
1734 1591 1852 1652 ταῖς
1884 1605 1974 1641 κο-

410 1672 530 1725 πίσι
580 1675 890 1740 κατάκοπος
927 1677 1251 1747 στρατηγὸς,
1297 1677 1372 1741 ὡς
1402 1679 1570 1746 ἐγγὺς
1603 1677 1776 1731 δοκεῖν
1826 1674 1968 1732 εἶναι

407 1762 500 1818 διὰ
523 1765 620 1830 τὰς
660 1767 875 1837 πληγὰς
906 1768 997 1821 τοῦ
1031 1769 1261 1822 θανάτου
1284 1787 1297 1802 ο
1333 1771 1466 1842 πρὸς
1492 1770 1598 1840 γὰρ
1627 1772 1746 1834 ταῖς
1781 1770 1974 1833 ἄλλαις

408 1859 504 1911 καὶ
530 1857 658 1928 μίαν
686 1859 787 1929 τὴν
811 1859 949 1913 κατὰ
975 1863 1192 1932 νεφρῶν
1225 1857 1338 1932 εἶχε
1383 1862 1600 1933 καιρίαν
1639 1861 1972 1916 ἀπειλοῦσαι)

409 1948 657 2004 θάνατον.
689 1950 852 2004 Ὅθεν
883 1953 976 2005 καὶ
1028 1953 1232 2023 ἰατροῖς
1284 1952 1633 2022 ἐπιμεληθεὶς
1683 1953 1776 2006 καὶ
1820 1954 1975 2023 μόλις

410 2041 546 2110 πρὸς
577 2042 636 2095 τὸ
669 2043 1036 2113 ὑγιεινότερον
1070 2043 1256 2107 κλίνας
1293 2045 1354 2097 τὸ
1381 2047 1507 2114 περὶ
1547 2043 1711 2098 αὑτοῦ
1741 2045 1973 2098 δεδοικέ-

2078 865 2370 936 απεδέχθη.
2418 863 2578 919 Ὅθεν
2624 863 2720 918 καὶ
2767 862 2954 934 κοινὴν
3007 861 3186 922 ἄλλως
3240 861 3304 913 ὲκ
3339 861 3610 932 χρυσοσύρ·

2081 973 2246 1024 ματος
2279 956 2597 1026 καλύπτραν
2633 955 2942 1024 ἐνθέμενος,
2984 950 3368 1022 μελαμῦαφέσι
3400 950 3452 1003 δὲ
3485 951 3611 1003 πεδί-

2076 1047 2187 1111 λοις
2219 1049 2311 1101 καὶ
2337 1051 2450 1112 τοῖς
2475 1046 2596 1102 καθ’
2629 1047 2794 1101 ἵππον
2826 1045 3129 1114 στολισμοῐς
3161 1041 3454 1113 χρώμενος,
3478 1041 3614 1112 μόνον

2074 1138 2135 1191 τὸ
2164 1139 2432 1210 δεσπότης
2467 1137 2769 1208 κεκλῆσθαι
2803 1135 3160 1206 ἀναφαίρετον
3198 1129 3336 1203 εἶχε.

2069 1296 2152 1364 β’.
2186 1302 2387 1364 Ὅπως
2411 1296 2775 1368 σχιζομένων
2818 1295 3096 1368 τῶνᾼκα-ιθ
3121 1290 3420 1368 ᾁνᾳτοξὴν
3453 1293 3483 1368 (ξ
3518 1305 3616 1343 παι

2213 1359 2504 1438 πριάρχήξ·
2537 1359 2633 1422 δὶά
2666 1367 2854 1420 ταῦτα
2873 1364 2998 1431 τοῖς
3030 1363 3160 1417 ἐκεῖ
3210 1359 3496 1429 ἐπιδημεῖ.

2147 1502 2231 1576 [Ρ.
2262 1501 2394 1575 251]
2429 1503 2508 1555 Τὰ
2541 1501 2726 1570 μέντοι
2767 1499 2866 1570 τῆς
2907 1497 3238 1568 Ἕκκλησίας
3283 1495 3450 1549 ἐνόσει
3486 1511 3623 1564 περι-

2074 1581 2404 1665 φανῶςηιαὶ
2439 1595 2498 1648 τὸ
2537 1595 2742 1665 σχίσμα
2773 1595 2853 1656 είς
2894 1592 3034 1662 μέγα
3079 1590 3264 1662 ᾔρετο,
3311 1587 3422 1641 τῶν
3456 1590 3626 1657 ’Ᾱρσε-

2073 1688 2272 1744 νιατῶν
2323 1687 2418 1742 ἐπὶ
2474 1688 2637 1742 πλέον
2693 1673 3156 1758 προστιθεμένων,
3207 1681 3283 1745 ὡς
3337 1682 3410 1752 μὴ
3453 1686 3627 1752 μόνους

2074 1781 2315 1846 ἐκείνους
2351 1779 2400 1833 οἶ
2428 1780 2494 1846 δὴ
2530 1780 2608 1852 τῷ
2649 1778 2974 1848 ,πατριάρχη
3022 1775 3291 1846 Ἀρσενίῳ
3333 1771 3630 1842 ἐντυχόντες

2074 1866 2214 1925 εἶδον
2255 1870 2535 1941 σχίζεσθαι
2585 1887 2645 1924 τε
2678 1871 2772 1924 καὶ
2815 1868 3008 1939 ζηλοῦν
3045 1868 3184 1937 ὑπὲρ
3227 1865 3462 1926 ἐκείνου,
3505 1864 3627 1917 ἀλλὰ

2075 1964 2171 2017 καὶ
2223 1964 2348 2026 τοὺς
2395 1964 2519 2033 μηδ’
2549 1962 2686 2024 ὅλως
2743 1961 2951 2024 ἰδόντας
3001 1956 3484 2028 καθυπαγομὲνους
3529 1956 3632 2018 τοῖς

2075 2055 2278 2119 ἄλλοις.
2305 2056 2443 2108 Ποτὲ
2464 2055 2520 2108 δέ
2549 2055 2642 2108 καὶ
2666 2053 2726 2108 τδ
2747 2055 2876 2123 περὶ
2901 2051 2994 2106 τοῦ
3032 2051 3226 2121 Ἰωσὴφ
3251 2049 3630 2120 φημιζόμενον,

406 2149 495 2185 ναι
539 2135 668 2193 τοὺς
700 2135 928 2198 πολλοὺς
961 2139 1246 2206 ἀφῃρεῖτο.
1295 2138 1450 2192 Ἐπεὶ
1496 2137 1550 2190 δέ
1583 2139 1675 2190 καὶ
1720 2138 1974 2205 ἀγάλλειν
2006 2125 2148 2211 ηὼς
2205 2148 2587 2218 ἀφωρισμένος
2637 2146 2744 2216 εἴη,
2782 2145 3068 2214 αἰρόμενον
3123 2143 3224 2204 τὰς
3268 2142 3379 2194 τῶν
3437 2139 3634 2193 πολλῶν

407 2225 514 2278 ἔδει
566 2226 756 2281 τοῦτον
780 2228 873 2281 τὸν
926 2229 1150 2298 βασιλέα
1201 2231 1487 2284 ἀντίποινα
1534 2229 1643 2282 τῶν
1685 2230 1873 2284 δεινῶν
1902 2223 1976 2283 ῶν

407 2319 714 2390 ἐκαρτέρει,
757 2319 835 2390 τῷ
867 2322 958 2374 τοῦ
995 2322 1233 2391 μεγάλου
1269 2323 1457 2386 δουκδς
1503 2325 1638 2394 τιμᾷ
1683 2322 1971 2392 ἀξιώματι.

419 2410 478 2463 '0
515 2411 697 2480 μέντοι
753 2429 818 2480 γε
850 2413 1078 2482 ἀδελφος
1114 2415 1208 2469 τοῦ
1261 2415 1596 2485 κρατοῦντος
1647 2417 1675 2469 ὁ
1719 2416 1975 2486 Ἰωάννης

407 2504 509 2573 τὴν
533 2505 712 2559 αἰτίαν
742 2505 1062 2577 ἀπαιτηθεὶς
1085 2507 1212 2578 παρ’
1239 2507 1306 2577 ἢν
1336 2507 1430 2560 καὶ
1452 2507 1517 2560 τὰ
1539 2506 1639 2570 τῆς
1661 2507 1977 2570 δεσποτείας

406 2595 650 2650 ἀπέϐαλε
708 2596 975 2666 σύμϐολα,
1010 2598 1101 2651 καί
1152 2598 1202 2665 γ’
1231 2597 1553 2666 ἀποκριθεὶς
1583 2597 1651 2650 τὰ
1699 2598 1757 2660 ἐς
1792 2598 1974 2668 χάριν,

407 2688 483 2752 ὡς
533 2690 666 2743 υἱῶν
719 2690 930 2744 ἐκείνου
975 2688 1357 2761 ἀνδρωθέντων
1389 2689 1487 2760 ἥδη
1541 2691 1616 2760 μὴ
1667 2692 1734 2744 ἂν
1769 2690 1976 2744 δίκαιον

409 2876 540 2930 tem,
578 2866 933 2923 infortunium
985 2869 1196 2924 furtiva:
1241 2868 1564 2941 grassationi
1598 2868 1862 2932 hostium,
1896 2870 1976 2923 vi-

405 2955 635 3011 ctoriam
663 2961 1010 3028 generositati
1040 2961 1274 3016 heroicae
1295 2975 1538 3027 suorum,
1562 2969 1786 3016 cunctas
1814 2961 1976 3016 sortis

401 3048 720 3118 iniquitates
747 3052 1062 3108 fortitudine
1088 3053 1370 3124 splendide
1431 3054 1758 3123 praevalente
1797 3053 1974 3123 palam

403 3142 455 3194 vi
478 3153 664 3212 aperta
707 3147 1199 3214 perrumpentium,
1246 3162 1462 3215 mquam
1491 3147 1753 3201 censebat
1791 3146 1974 3214 impu-

405 3235 529 3289 tari.
565 3235 742 3305 Atque
791 3237 922 3291 illud
948 3239 1167 3306 quidem
1219 3239 1494 3295 contemni
1523 3239 1724 3294 debere
1752 3249 1974 3294 centeno

404 3327 570 3382 debat
595 3327 744 3382 velut
793 3330 1064 3398 quoddam
1113 3331 1355 3400 joculare
1383 3332 1676 3409 ludibrium
1704 3331 1972 3403 foedifragi

2075 2241 2252 2312 ψυχὰς
2279 2240 2528 2303 ἐκτόπως
2572 2239 2857 2310 ἐκύμαινε,
2889 2239 2994 2292 κᾶν
3037 2237 3244 2294 ἐκεῖνος
3295 2233 3469 2304 συχνὰ
3510 2232 3634 2299 λαμ-

2078 2333 2256 2386 ϐάνων
2311 2335 2462 2402 παρὰ
2494 2329 2758 2401 βασιλέως
2797 2329 3057 2400 χρήματα
3090 2328 3151 2380 τὸ
3185 2326 3486 2395 φιλόδωρον
3533 2325 3633 2384 τοῖς

2076 2422 2498 2492 προσκειμένοις
2547 2419 2870 2489 ἐπηύξανεν.
2905 2419 2978 2472 Οὐ
3003 2417 3111 2486 γὰρ
3155 2414 3223 2487 ἦν
3261 2417 3289 2469 ὃ
3317 2416 3553 2481 ζητήσας
3578 2413 3633 2465 οὐ

2078 2514 2362 2585 παρευθὺς
2407 2511 2736 2582 ἐλαμὸανεν,
2765 2511 2840 2574 ὼς
2868 2510 3047 2578 λέγειν
3076 2508 3339 2570 πολλάκις
3369 2506 3460 2559 τὸν
3497 2504 3637 2575 βασις

2076 2607 2192 2671 λέα,
2223 2605 2319 2659 τοῦ
2366 2603 2642 2676 ἱερατικοῦ
2689 2602 2924 2673 μανδύου
2953 2599 3440 2670 τδν“πατριάρχην
3484 2597 3634 2650 κατέ-

2077 2713 2260 2767 χοντα,
2288 2695 2364 2759 ὡς
2395 2695 2557 2758 αὐτὸς
2605 2695 2690 2763 εἴη
2739 2695 2766 2747 δ
2794 2693 2892 2757 τὰς
2936 2692 3034 2762 τῆς
3083 2692 3244 2757 me
3288 2689 3465 2752 πύλας
3501 2685 3638 2755 αὐτῷ

2079 2879 2177 2932 ista
2227 2873 2490 2930 modestia
2535 2871 2804 2928 Joannem
2869 2878 3202 2939 imperantes
3251 2866 3638 2936 permiserunt.

2078 2968 2223 3038 Ergo
2253 2965 2300 3020 is
2339 2979 2438 3035 pro
2472 2978 2641 3020 aureo
2667 2961 2960 3026 ﬁmbriato,
3015 2975 3174 3029 quem
3210 2959 3366 3029 prius
3400 2966 3641 3025 gestave-
3679 3017 3681 3022 η

2077 3070 2181 3123 rat,
2224 3059 2500 3129 vulgarem
2535 3054 2983 3126 promiscuiusus
3016 3052 3178 3122 capiti
3201 3051 3416 3120 ‘pileum
3467 3050 3639 3118 impo-

2076 3155 2231 3218 suit;
2288 3150 2458 3222 nigris
2484 3162 2702 3218 quoque
2762 3146 2938 3202 induit
2966 3146 3130 3214 pedes
3192 3144 3417 3204 calceis,
3487 3139 3645 3210 nigris

2074 3258 2244 3315 equos
2281 3241 2534 3313 pr0prios
2566 3238 2839 3309 ephippiis
2894 3236 3162 3292 instravit.
3196 3234 3443 3290 Vocitari
3469 3243 3641 3286 tamen

2074 3339 2132 3392 in
2166 3344 2445 3406 posterum
2493 3345 2714 3401 quoque
2737 3330 2987 3399 despota,
3050 3335 3108 3381 ut
3141 3332 3288 3389 ante,
3321 3339 3438 3378 non
3466 3320 3642 3382 desiit,

403 3417 693 3473 nebulonis
716 3421 831 3474 ausi
867 3421 1072 3490 majora
1101 3423 1216 3476 suis
1239 3423 1470 3488 viribus,
1502 3423 1607 3478 hoc
1635 3424 1817 3494 magni
1854 3423 1972 3478 ﬁeri
1999 3456 2041 3516 ρ
2073 3429 2277 3501 populo
2349 3441 2415 3481 ex
2492 3421 2890 3479 consuetudine
2946 3417 3225 3475 deferente
3255 3456 3270 3480 .
3367 3428 3472 3468 nec
3526 3414 3644 3464 Au“

405 3519 465 3562 ut
485 3509 713 3566 arduum
738 3521 791 3566 et
818 3513 997 3582 gloriae
1053 3513 1238 3569 solida:
1271 3514 1489 3585 plenum
1538 3516 1972 3586 experimentum

405 3612 551 3652 vera:
584 3598 796 3656 bellica:
836 3601 1074 3668 virtutis,
1124 3604 1210 3657 cui
1241 3604 1415 3659 honos
1451 3605 1636 3675 tropaei
1661 3607 1783 3675 jure
1808 3623 1972 3678 quam

405 3691 612 3759 Optimo
660 3691 974 3749 deberetur.
1043 3694 1225 3751 Facile
1267 3697 1432 3767 igitur
1488 3697 1746 3754 vincebat
1767 3699 1822 3754 in
1853 3701 1974 3770 ejus

406 3782 589 3835 animo
618 3783 873 3853 gaudium
927 3801 1236 3853 maerorem,
1299 3797 1611 3843 recurrente
1672 3792 1972 3858 praesertim

403 3876 665 3929 memoria
686 3886 762 3930 tot
782 3876 1061 3931 hostilium
1093 3878 1317 3933 navium
1348 3879 1635 3934 navalibus
1665 3880 1972 3934 additarum

407 3965 542 4032 suis,
580 3976 658 4022 tot
686 3968 921 4023 hostium
956 3970 1007 4023 in
1040 3969 1108 4024 iis
1129 3978 1411 4039 captorum
1441 3971 1675 4041 indeque
1723 3972 1976 4028 detruso-

411 4074 530 4112 rum
567 4059 623 4112 in
656 4061 952 4126 custodias,
991 4061 1080 4117 ubi
1121 4061 1264 4116 ferro
1305 4063 1472 4118 vincti
1529 4064 1694 4120 tacito
1735 4067 1818 4120 sui
1845 4082 1944 4136 spe

407 4151 620 4207 etaculo
653 4160 912 4222 tropzeum
940 4154 1087 4223 quasi
1113 4155 1382 4224 quoddam
1409 4165 1684 4211 exstarent
1716 4157 1976 4214 Romana:

409 4242 716 4298 felicitatis.
767 4244 864 4300 llic
933 4258 1113 4301 tamen
1167 4261 1234 4300 ne
1290 4246 1448 4315 plane
1508 4263 1677 4316 purus
1731 4251 1975 4320 Augusto

409 4343 556 4391 esset
615 4337 825 4391 fructus
878 4339 1066 4403 animi,
1149 4340 1448 4408 periculum
1524 4340 1973 4415 Philantbropeni

409 4429 764 4496 temperabat,
821 4429 981 4498 337
1045 4431 1116 4485 ita
1154 4431 1528 4487 decumbentis
1564 4421 1974 4495 cx'vulneribus

407 4517 590 4575 navali
621 4519 805 4584 pra-lio
836 4520 1074 4589 acceptis
1122 4522 1323 4592 utejus
1363 4524 1486 4578 vita:
1521 4524 1826 4582 timeretur.
1859 4526 1970 4585 Ho-

407 4622 528 4658 rum
559 4614 678 4660 erat
735 4607 1020 4661 vulnerum
1069 4624 1238 4663 unum
1279 4611 1582 4679 pra'sertim
1636 4613 1692 4667 in
1748 4617 1972 4675 renibus

410 4697 647 4768 gravius,
684 4714 748 4753 ex
789 4715 898 4768 quo
937 4709 1243 4754 secuturam
1287 4710 1515 4756 mortem
1544 4705 1788 4777 plerique
1836 4711 1976 4765 omi-

2077 3521 2250 3592 gustis
2279 3518 2664 3582 invidentibus,
2695 3528 2905 3570 merum
2936 3521 2990 3568 et
3007 3526 3065 3566 re
3091 3507 3399 3580 signiﬁcata
3422 3519 3645 3562 vacuum

2081 3629 2280 3671 nomen
2287 3656 2300 3669 .

2080 3769 2135 3825 2.
2186 3768 2257 3823 Ut
2300 3767 2583 3823 schismate
2615 3781 2704 3837 per
2743 3761 3009 3837 Orientem
3063 3759 3440 3837 insolescente,
3497 3770 3556 3837 eo
3600 3768 3651 3807 se

2154 3840 2460 3909 patriarcha
2505 3830 2790 3890 contulerit
2823 3832 2968 3902 pacis
3000 3830 3352 3884 concilianda:
3386 3830 3584 3897 gratia.

2151 3975 2206 4029 2.
2260 3971 2480 4029 Interim
2535 3967 2914 4024 ecclesiastica:
2979 3980 3069 4020 res
3125 3961 3482 4019 manifestius
3541 3961 3649 4029 jam

2055 4079 2240 4135 ‘quam
2274 4071 2333 4116 ut
2365 4067 2552 4131 posset
2582 4054 2907 4112 dissimulari
2937 4053 3276 4116 laborabant,
3318 4061 3380 4106 et
3416 4049 3653 4106 scliisma

2081 4149 2434 4217 incrementis
2479 4147 2791 4218 ingentibus
2836 4144 3152 4216 augebatur,
3203 4143 3467 4213 plurimis
3518 4139 3650 4195 sein

2079 4248 2196 4302 dies
2229 4243 2295 4298 ad
2313 4240 2719 4295 Arsenaitarum
2752 4235 3045 4293 factionem
3094 4235 3444 4290 addentibus.
3471 4233 3654 4302 Neque

2082 4338 2228 4393 enim
2256 4336 2291 4390 ii
2325 4334 2500 4390 solum
2526 4332 2618 4402 qui
2653 4331 2942 4386 Arsenium
3004 4328 3376 4398 patriarcham
3406 4327 3653 4381 viderant

2081 4433 2236 4502 eique
2267 4429 2608 4490 studuerant,
2635 4424 2957 4480 abscindere
2985 4424 3166 4494 sejam
3195 4439 3226 4476 a
3257 4420 3654 4476 communione

2079 4522 2514 4580 adversariorum
2551 4519 2670 4589 ejus
2710 4525 2765 4573 et
2803 4533 2903 4586 pro
2931 4517 3101 4587 ipsius
3133 4515 3490 4576 restitutione
3539 4527 3654 4567 cer-

2081 4627 2198 4673 tare
2222 4615 2400 4686 palam
2451 4610 2838 4675 cernebantur,
2885 4609 2979 4662 sed
3029 4615 3085 4662 ct
3130 4608 3217 4661 alii
3248 4607 3458 4677 passim
3514 4601 3657 4658 nulla

2083 4706 2230 4760 illius
2258 4701 2520 4774 peculiari
2553 4699 2765 4763 notitia,
2807 4697 2956 4752 nullo
2987 4697 3042 4750 in
3076 4712 3198 4750 cum
3253 4697 3490 4766 proprio
3537 4694 3659 4750 alie-

409 4790 701 4846 nabantur.
733 4791 967 4846 Evanuit
995 4802 1172 4848 tamen
1218 4794 1369 4848 triste
1406 4794 1715 4866 augurium,
1750 4796 1975 4851 medicis
2000 4777 2054 4838 Ῑ)
2079 4806 2168 4853 ctu
2197 4791 2558 4866 przcoccupati
2586 4805 2821 4859 unquam
2852 4797 3031 4853 antea,
3057 4799 3232 4842 tamen
3263 4789 3317 4842 in
3359 4804 3458 4843 cas
3479 4797 3660 4858 partcs

410 4881 569 4935 enixe
624 4882 690 4936 ad
751 4882 1053 4938 curandum
1113 4900 1315 4956 aegrum
1369 4899 1471 4939 nec
1541 4885 1658 4940 sine
1706 4893 1978 4942 ‘successu

411 4971 888 5036 contendentibus,
947 4973 1020 5026 ita
1053 4983 1110 5028 ut
1143 4975 1290 5028 brevi
1313 4983 1434 5043 post
1463 4983 1702 5044 tempore
1737 4991 1844 5030 non
1878 4976 1980 5029 du—

409 5065 516 5120 biis
543 5065 797 5120 rediturae
855 5065 1178 5120 valetudinis
1217 5066 1432 5121 indiciis
1477 5068 1834 5132 exstantibus,
1885 5070 1977 5137 qui

408 5159 530 5228 ejus
585 5173 748 5212 causa
807 5157 1022 5212 solliciti
1081 5157 1342 5222 fuerant,
1408 5173 1557 5224 cura,
1589 5159 1975 5225 solverentur,

411 5250 631 5322 quando
658 5250 954 5322 imperator
982 5265 1204 5304 suarum
1247 5266 1367 5305 esse
1393 5251 1628 5320 partium
1665 5261 1816 5305 ratus
1843 5267 1977 5306 con-

411 5345 576 5400 solari
605 5359 828 5415 passum
881 5353 937 5398 et
968 5343 1330 5414 periclitatum
1378 5360 1473 5399 sua
1522 5361 1681 5400 causa
1713 5344 1870 5399 talem
1901 5345 1979 5397 vi-

413 5453 556 5502 rum,
592 5437 822 5504 pretium
847 5437 894 5491 ei
927 5450 1291 5490 azrumuarum
1331 5451 1393 5490 ac
1427 5436 1700 5508 plagarum
1735 5437 1978 5506 rependit

411 5530 673 5600 amplum,
708 5531 888 5600 magni
919 5528 1074 5584 ducis
1111 5529 1372 5599 dignitate
1432 5528 1607 5598 ipsum
1639 5529 1972 5583 ίιοηοινειηάο.

411 5621 604 5676 Frater
634 5631 814 5676 autem
846 5622 1163 5691 imperantis
1198 5619 1458 5680 Joannes,
1490 5635 1610 5673 eum
1643 5628 1787 5674 esset
1813 5635 1879 5674 ex
1909 5636 1976 5675 eo

411 5714 698 5785 qnzesitutn
727 5729 826 5769 cur
874 5712 1112 5782 deepota:
1144 5711 1373 5780 insignia
1408 5709 1772 5778 deposuisset,
1807 5710 1976 5762 obno-

412 5811 503 5862 xie
532 5805 599 5861 ad
619 5807 843 5876 gratiam
878 5805 1181 5874 respondit,
1214 5810 1500 5871 postquam
1523 5801 1632 5869 jam
1661 5799 1754 5853 lilii
1781 5817 1843 5855 ex
1875 5803 1978 5855 Au-

415 5906 575 5970 gusto
601 5896 711 5951 nati
743 5898 798 5951 in
825 5897 970 5952 viros
1017 5895 1403 5956 adolevissent,
1437 5892 1582 5946 haud
1609 5908 1822 5962 aequum
1851 5908 1974 5949 esse

414 5964 704 6060 despotica:
755 5988 1036 6060 potestatis
1073 6001 1272 6041 nomen
1325 5993 1377 6038 tn
1423 5985 1694 6041 extraneis
1745 5987 1973 6043 haerere.

416 6088 648 6149 ALCCDI‘J
680 6079 961 6153 responsio
987 6087 1085 6145 cst,
1113 6077 1450 6146 libenterque
1485 6075 1558 6132 uti
1594 6076 1849 6146 deinceps
1877 6093 1973 6134 sua

2081 4883 2291 4938 ambitu
2342 4890 2398 4936 et
2428 4881 2608 4936 studio
2648 4878 3002 4933 sectariorum
3048 4878 3167 4947 ejus
3207 4879 3655 4932 attrahebantur.

2083 4973 2254 5046 Vulgo
2285 4976 2338 5028 in
2365 4973 2556 5044 primis
2585 4970 2718 5025 illud
2747 4969 2990 5024 omnium
3051 4969 3215 5040 338
3262 4987 3360 5025 ore
3395 4970 3660 5025 celebra-

2082 5079 2194 5124 tum
2227 5067 2293 5121 de
2320 5063 2576 5134 Joseplio,
2607 5077 2728 5118 esse
2770 5061 2920 5115 illum
2953 5061 3054 5115 sibi
3085 5063 3368 5116 conscium
3432 5078 3659 5116 excom—

2082 5157 2474 5214 municationis
2519 5164 2832 5217 contractae,
2886 5155 3240 5209 vehementer
3291 5156 3660 5223 perturbabat

2080 5251 2463 5321 plerorumqne
2491 5249 2724 5302 animos.
2745 5246 2810 5301 Et
2836 5247 3186 5319 quantumvis
3203 5248 3302 5301 iste
3319 5249 3577 5318 acceptis
3593 5245 3658 5300 ad

2081 5344 2131 5398 id
2159 5360 2189 5398 a
2237 5342 2481 5413 principe
2528 5339 2775 5410 pecuniis
2819 5340 2964 5409 large
2997 5339 3398 5409 profundendis
3443 5339 3657 5394 exstin-

2081 5451 2244 5507 guere
2279 5434 2563 5498 invidiam,
2600 5433 2828 5502 (ιυωείιο
2851 5448 2946 5500 per
2986 5433 3409 5488 beneficentiam
3443 5433 3655 5495 favore,

2077 5535 2385 5587 conaretur,
2448 5524 2503 5577 in
2543 5539 2769 5592 eamque
2830 5523 3220 5595 indulgentiam
3283 5533 3397 5578 tam
3447 5538 3651 5594 pronus

2079 5619 2435 5680 incumberet,
2478 5625 2537 5670 ut
2583 5630 2744 5670 nemo
2791 5616 2858 5670 ab
2889 5631 2956 5670 eo
2981 5616 3196 5684 quidvis
3218 5628 3480 5686 posceret
3525 5616 3660 5684 quin

2078 5711 2259 5766 statim
2311 5715 2714 5777 assequeretur,
2745 5718 2925 5762 tamen
2976 5723 3076 5762 nec
3101 5708 3179 5763 sic
3207 5708 3492 5762 efficiebat
3525 5706 3656 5776 quin

2079 5817 2271 5873 magna
2323 5808 2378 5855 et
2419 5799 2591 5853 tristis
2635 5798 2776 5853 circa
2851 5815 2975 5853 eum
3027 5799 3257 5854 solitudo
3300 5810 3655 5854 errneretur.

2077 5892 2196 5957 Quo
2242 5891 2418 5945 facete
2466 5890 2710 5944 alludcns
2775 5889 3090 5959 imperator,
3133 5907 3292 5944 manu
3335 5905 3492 5958 smne
3536 5903 3656 5958 pre-

2077 5985 2252 6041 henso
2296 5983 2616 6054 patriarcha:
2654 5983 2940 6051 praesentis
2998 5984 3178 6052 pallio,
3227 5983 3415 6038 dicere
3462 5981 3660 6036 solitus

2079 6083 2196 6132 erat
2230 6072 2507 6145 aperuisse
2536 6071 2685 6126 illum
2718 6070 2817 6129 sibi
2858 6073 3092 6140 paradisi
3126 6073 3334 6138 ianuas,
3372 6086 3492 6144 quo
3532 6069 3652 6139 ipse
