3964 6522
461 548 567 609 789

1441 547 1537 608 DE
1596 544 1989 608 MlCHAELE
2028 544 2486 607 PALIEOLOGO
2523 548 2670 608 LIB.
2714 552 2779 612 Υ.

3590 539 3709 597 790'

454 658 731 726 ἀνοιγνὺς,
762 658 838 721 ὡς
896 660 990 727 ἅμ’
1037 658 1232 729 ἐκείνῳ
1284 660 1376 713 καὶ
1431 661 1594 715 αὑτὸν
1629 659 1891 713 εἰσελθεῖν
1942 676 2033 711 πι-
2058 664 2105 719 Α
2134 681 2245 726 τος.
2273 663 2443 717 Αὐτὸν
2475 662 2522 715 δ’
2546 657 2685 715 εἶναι
2712 661 2863 732 παρὰ
2893 661 3013 723 τοὺς
3057 656 3247 718 ἄλλους
3286 654 3577 721 δοκιμάσαι
3609 654 3699 703 τὸν

455 750 668 802 στεύειν
713 750 969 815 κατόπιν,
1006 750 1232 819 μηδενὸς
1281 751 1692 821 ἐμποδίζοντος.
1739 752 1878 816 Τοὺς
1930 752 2028 821 μὲν

449 841 549 894 οὖν
594 842 809 909 ἄλλους,
856 843 905 896 οἳ
952 843 1094 896 κατὰ
1129 843 1287 897 πόλιν
1344 845 1709 916 διατρίϐοντες
1752 844 2029 914 ἠνώχλουν

450 934 649 1005 ἀνέδην
680 935 1075 1005 ἐκτρεπόμενοι
1115 935 1326 1000 τοῦτον,
1372 936 1524 988 οὐδὲν
1555 936 1693 1005 ἔχων
1733 936 1865 1006 δρᾷν
1901 936 2027 990 ἄλλο

449 1026 483 1094 ἢ
528 1028 585 1079 τὸ
620 1026 785 1097 μηδὲν
820 1026 1126 1096 φροντίζειν
1168 1026 1393 1079 ἐκείνων
1430 1028 1510 1088 εἰς
1540 1027 1707 1096 τιμῆς
1738 1026 1894 1095 λόγον
1933 1026 2027 1079 καὶ¹

450 1119 811 1183 προστασίας,
866 1119 964 1187 οὐχ
998 1119 1146 1181 ὅπως
1193 1118 1370 1187 ἠξίου,
1413 1118 1551 1172 ἀλλὰ
1601 1119 1693 1171 καὶ
1724 1117 1910 1188 ὴλόγει
1936 1117 2025 1169 λε-

448 1212 657 1275 γόντων
685 1210 751 1261 τὰ
783 1209 1040 1279 μάλιστα.
1069 1210 1301 1280 Ἀνδρας
1332 1210 1388 1263 δὲ
1436 1209 1841 1279 πνευματικοὺς
1872 1207 2026 1272 εἰδὼς

447 1301 576 1353 κατ’
618 1301 909 1370 ’Δνατολὴν
943 1300 1283 1372 ἐνιδροῦντας
1323 1301 1418 1355 καὶ
1446 1300 1568 1370 Θεῷ
1620 1300 1764 1371 μόνῳ
1793 1300 2023 1364 ζῶντας,

445 1392 666 1445 ἁκούων
692 1393 787 1445 κα)⁸
818 1393 944 1462 περὶ
969 1392 1191 1447 ἐκείνων
1216 1394 1290 1456 ὡς
1317 1390 1770 1455 σκανδαλίζοιντο,
1796 1389 2023 1443 ἔσπευδε

449 1483 724 1536 κάκείνων
756 1485 857 1546 τὰς
883 1481 1106 1553 γνώμας
1138 1484 1563 1551 προκατασχεῖνί
1604 1481 1785 1544 αὐτοῖς
1810 1480 2021 1550 ὄμμασι

447 1575 667 1639 θεαθεὶς
698 1578 813 1636 τοῖς
845 1576 1090 1628 ἐκείνων.
1119 1577 1228 1629 Καὶ
1267 1575 1331 1644 δὴ
1366 1576 1495 1645 περὶ
1522 1574 1729 1626 τούτων
1764 1572 1841 1643 τῷ
1874 1571 2024 1642 βασι-

444 1668 533 1719 λεῖ
584 1669 1133 1737 κοινολογησάμενος,
1176 1667 1279 1719 ὑπὸ
1309 1666 1481 1737 πολλῇ
1535 1668 1600 1735 τῇ
1642 1665 1889 1734 σπατάλῃ
1935 1666 2024 1716 ὲνο

448 1759 774 1822 σκευασθεὶς
807 1761 893 1812 ἐπ’
925 1758 1213 1827 Ἀνατολῆς
1253 1757 1472 1828 ἧλαυνε,
1504 1758 1736 1820 καὶτοῖς
1768 1757 2021 1826 ἀνδράσιν

448 1849 703 1916 ἐπιστὰς,
745 1843 821 1902 ὧν
850 1849 915 1918 δὴ
942 1849 1037 1902 καὶ
1072 1851 1152 1911 εἰς
1183 1849 1248 1901 τὰ
1293 1847 1528 1917 μάλιστα
1552 1846 1900 1915 ὁθαυμαστδς
1925 1845 2020 1913 ἅμ’

442 1940 650 2009 ἀρετὴν
701 1940 797 1994 καὶ
825 1940 985 2008 λόγον
1020 1940 1287 2010 Βλεμίδης
1326 1935 1416 2003 ἦν,
1448 1938 1613 2001 πολὺς
1664 1934 1731 2007 ἦν
1770 1939 1895 1998 τοὺς
1931 1936 2021 1990 ἄν·-

440 2031 578 2099 δρας
620 2031 1071 2100 ὑποποιούμενος.
1119 2031 1229 2082 Καὶ
1271 2028 1595 2100 προσέπειῦε
1634 2029 1808 2095 λέγων
1854 2044 2019 2094 προσ-

441 2120 662 2174 κεῖσθαι
717 2121 816 2191 μὲν
870 2122 966 2175 καὶ
1010 2121 1169 2183 αὐτὸς
1214 2120 1475 2191 ’Δρσενίῳ
1522 2122 1616 2172 καὶ
1676 2120 2018 2189 πατριάρχην

441 2210 721 2278 ἡγεῖσθαι,
754 2209 864 2261 τῶν
896 2208 1017 2262 κατ’
1056 2210 1267 2262 ἐκείνου
1315 2210 1797 2263 συσκευασθέντων
1830 2208 2015 2261 διακε-

441 2302 542 2367 νῆς
574 2300 710 2370 μηδὲ
760 2301 839 2357 τὸν
874 2301 1048 2370 βραχὺ
1110 2300 1410 2369 φροντίζων
1434 2316 1447 2329 ·
1479 2301 1627 2371 ὅμως
1672 2300 1718 2353 δ’
1768 2301 2012 2368 ἀνάγκης

437 2390 500 2442 οὗ
515 2406 610 2460 σης
637 2392 737 2461 τὴν
787 2390 1119 2460 Ἐκκλησίαν
1154 2391 1562 2461 ποιμαίνεσϐαι,
1589 2394 1836 2463 ἀνάγκην
1876 2390 2016 2444 εἶναι

439 2482 567 2536 τινὰ
595 2484 685 2536 τὸν
724 2483 935 2535 ἐκείνου
966 2482 1131 2535 τόπον
1170 2482 1544 2554 ἀποπληροῦν,
1584 2483 1791 2537 ἐκείνου
1826 2484 1900 2554 μὴ
1929 2484 2015 2537 δν-

342 2680 350 2686 -
438 2673 564 2733 post
597 2681 765 2732 eum,
840 2667 991 2720 nullo
1035 2668 1205 2722 turba:
1268 2666 1539 2722 obstantis
1584 2666 2009 2736 impedimento,

438 2756 601 2811 facile
650 2756 996 2827 ingressurus
1046 2757 1340 2811 videretur.
1395 2756 1471 2812 Ac
1498 2771 1592 2810 eos
1656 2757 1873 2825 quidem
1917 2759 2010 2826 qui

437 2849 620 2918 palam
652 2848 705 2902 in
735 2850 869 2903 urbe
900 2850 1162 2904 adversus
1185 2847 1483 2920 Josephum
1515 2849 1890 2903 declamantes
1916 2866 2010 2919 po-

438 2942 627 3013 pulum
661 2943 729 2996 ab
768 2957 834 2997 eo
864 2942 1204 3006 avertebant,
1244 2958 1365 2996 cum
1401 2942 1446 2996 is
1508 2942 1621 3011 jam
1675 2943 1854 2995 omnia
1897 2942 2009 2996 fru-

445 3044 565 3088 stra
591 3042 850 3103 expertus
878 3034 1015 3088 nihil
1041 3034 1266 3089 haberet
1296 3033 1441 3088 aliud
1469 3035 1614 3103 quod
1645 3043 1849 3105 ageret,
1879 3049 2009 3089 con-

439 3135 686 3181 temnere
725 3126 992 3196 optimum
1029 3125 1239 3195 putavit
1269 3126 1676 3198 negligereque,
1730 3125 1878 3181 nulla
1927 3141 2011 3181 eo-

438 3233 562 3271 rum
594 3218 649 3272 in
705 3218 1092 3273 distributione
1148 3218 1595 3289 prmfecturarum
1646 3227 1699 3275 et
1739 3220 2008 3274 honorum

436 3310 649 3364 ratione
675 3310 944 3377 habenda,
967 3310 1389 3380 rejieiendisque
1421 3310 1779 3380 petitionibus
1799 3312 2006 3378 talium,
2038 3343 2079 3399 ο

435 3416 503 3454 ac
532 3401 575 3455 si
599 3418 703 3471 qua
730 3401 870 3457 forte
922 3412 1146 3472 urgente
1175 3403 1501 3457 necessitate
1550 3403 1851 3459 studiosius
1882 3420 2005 3459 cum

438 3508 511 3545 eo
550 3494 825 3562 quidpiam
883 3504 1207 3561 cogerentur
1258 3509 1438 3564 agere,
1498 3496 1722 3551 auribus
1775 3497 2009 3567 superbe

435 3583 775 3647 avertendis,
808 3584 1006 3637 duritia
1032 3599 1193 3652 quam
1235 3582 1392 3638 facile
1422 3585 1694 3639 sentirent
1724 3585 1781 3639 in
1811 3594 2006 3643 contu-

438 3673 634 3728 maciaa
665 3674 906 3744 ipsorum
945 3675 1209 3729 ultionem
1256 3674 1523 3730 affectari.
1557 3675 1830 3731 Czeterum
1862 3678 2005 3732 idem

434 3763 669 3818 audiens
733 3764 874 3819 viros
906 3766 1215 3835 spirituales
1246 3781 1342 3836 per
1385 3765 1664 3821 Orientem
1690 3767 2010 3824 insudantes

435 3855 755 3919 virtutibus,
804 3855 913 3910 Deo
952 3856 1197 3911 viventes
1249 3856 1369 3922 soli,
1401 3856 1562 3911 etiam
1625 3858 1772 3928 ipsos
1794 3858 1849 3912 in
1890 3875 2010 3915 sese

435 3948 817 4013 scandalizari,
848 3950 1284 4019 praevertendum
1322 3950 1448 4004 inde
1489 3950 1750 4019 ingruens
1805 3952 2009 4006 malum

438 4038 593 4092 omni
650 4040 829 4093 studio
860 4040 1089 4108 putavit,
1126 4040 1455 4111 dignamque
1514 4056 1631 4094 rem
1662 4057 1780 4095 eam
1818 4044 2010 4098 statuit

435 4128 530 4184 cui
582 4144 821 4199 ρτειξεεηε
854 4130 1210 4199 procurandae
1238 4131 1373 4185 nulli
1420 4146 1656 4201 parcens
1706 4146 1886 4200 operae
1910 4148 2009 4185 va-

435 4231 610 4288 caret,
649 4237 746 4291 spe
778 4222 1027 4278 videlicet
1058 4222 1326 4278 invitante
1360 4222 1476 4278 fore
1505 4234 1561 4277 ut
1593 4224 1735 4293 apud
1788 4239 1883 4278 eos
1906 4240 2005 4278 au-

439 4314 676 4368 ditarum
708 4314 761 4367 in
798 4330 856 4369 se
886 4314 1165 4370 absentem
1194 4316 1636 4370 criminationum
1674 4317 2004 4371 calumniam

439 4415 767 4475 conspectus
797 4408 937 4462 ultro
976 4408 1191 4462 oblatus
1221 4408 1564 4478 blandusque
1592 4424 1774 4463 coram
1830 4425 2010 4465 sermo

440 4499 736 4553 refelleret.
765 4497 1004 4553 Consilio
1044 4500 1208 4568 igitur
1262 4500 1576 4569 imperatori
1607 4500 2010 4555 communicato

439 4591 800 4661 probatoque,
862 4590 1125 4645 comitatu
1188 4592 1360 4645 multo
1414 4592 1808 4662 splendideque
1839 4608 2011 4662 usque

2130 754 2563 824 χρησιμεύοντα·
2592 753 2741 822 αὐτῷ
2787 754 2894 822 γὰρ
2944 748 3296 819 προσκεῖσθαι
3337 746 3430 798 καὶ
3470 742 3698 815 βασιλέα

2130 846 2668 917 πληροφορούμενον,
2717 844 2855 897 ὥστε
2909 843 2985 913 μὴ
3036 843 3181 904 ὅπως
3218 838 3536 908 ξυμϐαίνειν
3587 838 3698 887 τισὶ

2128 939 2345 1008 χαλεπὰ
2396 939 2489 992 καὶ
2538 939 2812 1007 ἀνήκεστα
2848 933 3260 1004 προσκειμένοις
3311 931 3526 997 ἐκείνῳ,
3561 927 3698 981 ἀλλὰ

2128 1030 2221 1082 και
2274 1030 2488 1094 πολλοῖς
2538 1032 2715 1093 ἄλλοις
2748 1029 2832 1102 [ιι.
2870 1026 2999 1098 252]
3032 1026 3091 1080 εὖ
3150 1024 3427 1093 γίγνεσθαι
3475 1022 3561 1074 διὰ
3599 1019 3698 1088 τὴν

2127 1122 2263 1190 πρὸς
2301 1123 2462 1175 αὑτὸν
2498 1122 2759 1192 βασιλέως
2788 1120 3201 1188 ἀγαοοοέλειαν.
3232 1115 3399 1168 Τοῦτο
3432 1114 3526 1166 καὶ
3558 1112 3697 1180 πρὸς

2128 1214 2318 1276 ἄλλους
2354 1213 2461 1267 τῶν
2509 1213 2891 1283 πνευματικῶν
2936 1211 3147 1282 ἀνδρῶν
3181 1209 3358 1274 ἔλεγε,
3410 1205 3566 1260 τοῦτο
3601 1205 3697 1257 καὶ

2130 1307 2264 1376 πρὸς
2292 1305 2455 1360 αὐτὸν
2490 1306 2826 1375 Βλεμμίδην,
2859 1306 2951 1357 καὶ
2981 1301 3262 1371 παρεσύλα
3293 1300 3392 1361 τὰς
3426 1300 3522 1350 ἀπ’
3553 1296 3698 1350 ἐκεί-

2126 1414 2231 1449 νων
2279 1396 2490 1458 εὐνοίας
2536 1394 3046 1465 φιλοφρονούμενος.
3078 1391 3167 1461 Τῷ
3217 1391 3272 1443 δέ
3307 1407 3369 1455 γε
3415 1385 3694 1455 Βλεμμίδῃ

2127 1488 2220 1539 καὶ
2248 1486 2374 1540 ἄλλο
2395 1486 2537 1539 κατὰ
2573 1485 2771 1539 σκοπὸν
2802 1480 2868 1555 ἦν
2901 1486 2959 1537 τὸ
2983 1483 3168 1537 πεῖθον
3192 1484 3396 1533 ἐκεῖνον
3422 1477 3694 1549 δέχεσθαι.

2140 1578 2355 1649 Ἐπειδὴ
2406 1579 2513 1648 γὰρ
2571 1579 2772 1640 ἐκεῖνος
2831 1574 3117 1645 φιλόσοφον
3165 1572 3363 1636 διαζῶν
3424 1570 3537 1639 βίον
3576 1568 3695 1632 ὅλος

2123 1670 2231 1722 τῶν
2257 1663 2356 1723 ὦδε
2388 1669 2616 1740 ἐξῄρητο
2644 1668 2737 1721 καὶ
2766 1666 2989 1729 ἀπαθῶς
3018 1661 3129 1733 εἶχε
3161 1664 3294 1732 πρὸς
3318 1663 3383 1715 τὰ
3413 1661 3693 1729 γινόμενα.

2121 1761 2245 1813 οὔτε
2277 1765 2380 1814 τινὶ
2414 1759 2747 1831 προσπαθῶν
2788 1757 2910 1811 οὒτε
2957 1758 3061 1828 μὴν
3100 1755 3385 1823 ἐμπαθῶν,
3428 1753 3541 1806 ἀλλ’
3567 1748 3635 1822 ἦν
3670 1754 3696 1803 ὁ

2121 1852 2245 1916 νοῦς
2290 1852 2483 1922 ἐκείνῳ
2522 1852 2599 1914 ὠς
2642 1853 2690 1903 εί
2730 1851 2803 1921 μὴ
2837 1849 3047 1919 σώματι
3105 1849 3241 1909 ὅλως
3290 1844 3593 1914 κατείχετο,
3636 1842 3694 1894 ἓν

2122 1944 2397 2012 ἐλογίζετο
2421 1944 2514 1997 καὶ
2553 1944 2607 1995 Ἀ
2621 1942 2827 2014 ρσένιον
2854 1938 2992 1994 εἶναι
3016 1940 3110 1993 καὶ
3136 1937 3353 2007 Ἰωσὴφ.
3376 1938 3435 1990 οὐ
3465 1937 3695 2005 γυμνοῖς

2120 2033 2306 2094 αὐτοῖς
2343 2033 2628 2103 προσέχων
2659 2033 2767 2094 τοῖς
2797 2030 3159 2099 γιγνομένοις,
3195 2029 3269 2091 ὡς
3310 2028 3403 2080 τὸν
3439 2028 3535 2096 μὲν
3577 2024 3695 2094 κρί-

2118 2143 2227 2178 νειν
2254 2123 2599 2194 ἀδικηθέντα,
2645 2125 2736 2175 τὸν
2785 2123 2828 2175 δ’
2875 2122 3182 2193 ἐπιϐήτορα
3208 2137 3222 2151 ’
3257 2118 3433 2173 ταῦτα
3462 2119 3570 2185 γὰρ
3597 2136 3694 2186 χοι⁴

2119 2216 2357 2285 μερποῦ;
2390 2232 2535 2278 τινος
2567 2214 2809 2275 διανοίας
2858 2215 2950 2266 καὶ
2992 2212 3157 2283 μηδὲν
3190 2209 3419 2281 ἐχούσης
3449 2209 3556 2262 τῶν
3588 2226 3695 2288 παῖ

2117 2309 2319 2375 ρόντων
2354 2305 2516 2359 πλέον
2563 2307 2641 2368 εἰς
2673 2305 2908 2375 Θεωρίαν
2956 2306 3164 2372 ἠγεῖτο,
3198 2304 3312 2356 ἀλλ’
3365 2303 3518 2365 εἰδὼς
3557 2302 3695 2354 Θεοῦ

2118 2399 2216 2464 μὲν
2252 2396 2313 2449 τὸ
2340 2396 2605 2460 εὐσταθὲς
2632 2397 2724 2449 καὶ
2751 2396 3030 2465 ἀκίνητον,
3075 2392 3376 2464 ἀνθρώπων
3404 2394 3457 2446 δὲ
3489 2394 3547 2445 τὸ
3584 2411 3657 2462 μη
3676 2420 3694 2433 ο

2112 2489 2199 2541 ὁὲν
2231 2489 2287 2540 ἐν
2321 2488 2511 2558 μηδενὶ
2558 2487 2649 2540 ἐπὶ
2684 2487 2777 2541 τοῦ
2814 2488 2977 2541 αὑτοῦ
3019 2487 3121 2541 κᾶν
3164 2488 3334 2558 βραχῦ
3391 2488 3574 2557 μένειν
3606 2483 3689 2555 (εἴ

2113 2682 2170 2721 se
2206 2666 2494 2722 revocabili
2534 2666 2733 2736 injuria
2778 2666 2957 2735 eiecti.
2993 2666 3252 2721 Secutum
3285 2674 3469 2719 autem
3503 2665 3553 2717 in
3590 2664 3691 2715 hoe

2108 2760 2312 2829 judicia
2345 2761 2658 2822 multorum,
2692 2769 2876 2828 aptum
2907 2773 2963 2812 se
2993 2758 3057 2811 ad
3092 2756 3142 2810 id
3177 2757 3546 2810 necessarium
3589 2757 3689 2809 Ee-

2112 2852 2290 2907 clcsiae
2326 2851 2380 2905 in
2430 2852 2754 2907 necessitate
2796 2858 2946 2904 tanta
3014 2848 3384 2904 exhibendum
3445 2847 3687 2901 officium

2112 2944 2480 3007 censentium,
2518 2945 2588 2999 ob
2641 2958 2765 2997 eum
2816 2941 3051 2995 maxime
3082 2940 3163 2995 vel
3189 2939 3531 2994 auctoritatis
3598 2942 3683 2993 vel

2115 3037 2300 3107 gratiae
2327 3037 2505 3091 locum
2540 3050 2700 3106 quem
2734 3034 2874 3104 apud
2910 3034 3299 3101 imperatorem
3326 3032 3624 3095 obtineret,
3656 3047 3687 3083 a

2112 3145 2220 3198 quo
2252 3129 2549 3195 audiretur,
2581 3128 2673 3199 qui
2710 3128 2822 3183 suis
2846 3126 3096 3181 consiliis
3120 3125 3378 3187 deferret.
3413 3124 3526 3179 suis
3569 3140 3689 3192 pre-

2114 3220 2268 3275 cibus
2301 3227 2590 3285 annueret,
2620 3230 2782 3290 prout
2816 3227 2960 3274 esset
3002 3218 3237 3272 utilitate
3266 3218 3554 3285 probatum
3582 3231 3685 3285 pu-

2113 3310 2273 3365 blica.
2314 3311 2433 3365 Non
2460 3312 2619 3366 modo
2648 3311 2794 3366 enim
2826 3325 2991 3379 opera
3032 3309 3199 3364 fuisse
3229 3324 3327 3364 sua
3384 3307 3685 3377 mitigatam

2113 3402 2456 3471 imperatoris
2486 3404 2619 3458 iram
2667 3403 2719 3456 in
2755 3401 2968 3456 Arsenii
3006 3402 3267 3465 fautores,
3321 3399 3689 3468 effectumque

2112 3501 2181 3539 ne
2209 3485 2274 3539 iis
2306 3486 2637 3541 ulciscendis
2664 3486 2912 3554 maleque
2961 3483 3257 3537 multandis
3290 3498 3502 3537 summa
3532 3481 3687 3551 prin-

2112 3593 2241 3648 ceps
2268 3580 2510 3648 potentia
2536 3588 2801 3639 uteretur,
2860 3577 2952 3633 scd
2984 3586 3331 3647 procuratum
3371 3577 3535 3630 etiam
3561 3592 3686 3630 eum

2111 3687 2387 3735 successu,
2421 3672 2607 3726 multis
2658 3682 2717 3725 ut
2756 3671 2875 3724 aliis
2931 3672 3067 3725 bene
3104 3680 3270 3734 esset,
3326 3683 3594 3739 propensa
3632 3668 3688 3721 in

2111 3781 2169 3819 se
2200 3766 2451 3835 privatim
2478 3765 2817 3834 imperatoris
2848 3763 3228 3819 benevolentia
3257 3763 3313 3816 in
3337 3773 3684 3823 cunctorum,

2111 3858 2288 3926 quoad
2320 3858 2606 3927 potuisset,
2661 3856 2939 3925 egentium
3001 3870 3294 3909 commune
3360 3854 3687 3909 beneficium

2111 3951 2427 4005 derivanda.
2471 3949 2621 4003 Talia
2685 3964 2810 4002 cum
2845 3946 3113 4018 religiosis
3154 3946 3260 4001 illis
3300 3946 3519 4008 ascetis,
3559 3962 3683 4000 cum

2112 4042 2214 4112 ipsi
2256 4041 2586 4103 Blemmidze,
2642 4039 2917 4109 sigillatim
2980 4052 3253 4108 quemque
3300 4036 3635 4091 conveniens
3668 4079 3682 4100 ,

2110 4133 2259 4188 omni
2285 4148 2349 4187 ea
2382 4132 2647 4195 adhibita,
2681 4146 2845 4202 quam
2877 4130 3112 4184 habebat
3143 4130 3460 4199 plurimam,
3507 4129 3689 4183 conci-

2110 4226 2415 4280 liandorum
2450 4225 2775 4294 quibuscum
2834 4233 3016 4294 ageret
3064 4225 3221 4279 suavi
3281 4222 3537 4287 eflieacia,
3572 4237 3688 4277 tne-

2111 4324 2397 4381 morasset,
2457 4315 2615 4371 vertit
2667 4314 2924 4369 nimirum
2987 4314 3040 4367 in
3102 4330 3223 4369 sese
3256 4313 3436 4367 studia
3492 4328 3684 4367 eorum

2111 4406 2450 4476 affectusque
2480 4406 2680 4476 rapuit,
2701 4411 3031 4476 cooperante
3066 4404 3118 4459 in
3146 4405 3201 4459 id
3235 4405 3413 4475 ipsum
3453 4420 3562 4459 non
3595 4420 3687 4474 pa-

2113 4514 2231 4552 rum
2265 4498 2475 4553 liberali
2501 4499 2804 4569 largitione,
2844 4514 2951 4568 qua
2980 4508 3209 4553 cunctos
3259 4506 3564 4568 opportune
3587 4500 3687 4553 de-

2114 4592 2307 4657 linivit,
2340 4608 2449 4647 non
2490 4592 2761 4646 illibenter
2792 4591 3140 4645 admittentes
3181 4608 3195 4656 ;
3228 4607 3538 4661 quanquam
3572 4592 3686 4645 haec

436 4682 506 4736 ad
560 4683 743 4736 luxum
794 4691 1078 4751 apparatu,
1136 4681 1189 4735 in
1239 4683 1517 4737 Orientem
1554 4683 1827 4753 profectus
1878 4695 2008 4750 est;
2045 4675 2087 4731 υ
2116 4683 2334 4751 quidem
2375 4700 2459 4737 res
2514 4699 2704 4752 parum
2733 4682 2799 4736 ad
2835 4682 3226 4736 emolliendum
3263 4683 3366 4751 ipsi
3429 4682 3687 4736 Blemmi—

438 4775 623 4845 ibique
653 4792 774 4830 cum
808 4775 943 4828 alios
971 4775 1118 4829 viros
1145 4775 1388 4830 celebres
1416 4786 1684 4846 repertos,
1716 4787 1828 4831 tum
1856 4779 2007 4832 illum

438 4870 495 4923 in
530 4868 719 4937 primis
749 4868 1129 4922 admirandum
1172 4868 1432 4936 religione
1467 4884 1530 4923 ac
1562 4870 1809 4923 doctrina
1839 4869 2008 4923 Blem-

436 4960 661 5021 midam,
693 4969 752 5012 ut
782 4959 897 5012 suis
951 4958 1196 5028 partibus
1248 4960 1587 5029 adjungeret,
1654 4960 1819 5031 339
1852 4960 2010 5014 enixe

439 5068 543 5107 nec
576 5052 730 5121 plane
755 5051 953 5105 frustra
984 5051 1269 5105 laboravit.
1299 5051 1573 5106 Persuasit
1595 5053 1740 5106 enim
1776 5053 1856 5108 eis
1897 5052 2009 5107 fere

438 5143 585 5213 quod
629 5142 863 5205 volebat,
916 5158 1040 5197 cum
1081 5143 1287 5197 diceret
1357 5142 1633 5197 studuisse
1682 5158 1739 5196 se
1794 5159 2009 5212 quoque

438 5234 617 5300 ipsum
650 5233 897 5296 Arsenio,
942 5243 995 5288 et
1038 5250 1133 5303 pro
1161 5234 1298 5288 Vero
1354 5233 1507 5286 illum
1548 5233 1749 5288 habere
1782 5235 2010 5304 patriar-

437 5328 563 5388 eha,
622 5326 1044 5396 existimareque
1091 5341 1260 5381 vanas
1318 5325 1503 5395 inique
1552 5334 1790 5381 structas
1818 5337 2007 5381 contra

437 5434 566 5471 cum
609 5417 875 5472 hactenus
901 5428 953 5471 et
1003 5416 1295 5473 artificiose
1354 5418 1686 5488 compositas
1715 5419 2009 5473 machima-

441 5510 619 5564 tiones
647 5525 858 5573 Omnes,
901 5519 1127 5579 actaque
1152 5510 1254 5565 ista
1297 5519 1494 5565 cuneta
1544 5512 1746 5566 ducere
1804 5526 1904 5581 pro
1934 5511 2009 5564 ir-

440 5603 561 5657 ritis
593 5617 694 5656 nec
719 5602 877 5656 nauci
910 5601 1108 5657 facere.
1137 5601 1244 5657 Sed
1276 5618 1400 5658 cum
1431 5603 1498 5657 iis
1526 5603 1792 5658 obsistere
1822 5602 2008 5671 nequi-

439 5704 542 5757 ret,
574 5694 781 5748 videret
807 5702 989 5748 autem
1050 5694 1360 5749 destitutam
1420 5693 1714 5747 Ecclesiam
1744 5693 2005 5762 gravissi-

439 5786 542 5840 mis
573 5804 695 5841 esse
728 5787 985 5857 periculis
1009 5788 1334 5856 expositam,
1368 5788 1432 5840 ad
1466 5800 1588 5840 eam
1615 5786 2001 5840 sublevandam

436 5889 493 5932 et
516 5880 821 5935 Certissimo
851 5879 1018 5934 exitio
1045 5880 1469 5934 subtrahendam
1531 5878 1846 5945 accessisse,
1879 5892 2005 5948 sup-

442 5972 640 6039 plendo
698 5982 972 6043 utcunque
1018 5970 1135 6027 loco
1188 5974 1421 6043 pastoris
1452 5971 1586 6038 veri,
1621 5969 1799 6025 aliena
1832 5983 1931 6025 ntc
1969 5985 1995 6024 a

2112 4776 2237 4827 dam
2272 4774 2459 4829 valuit.
2505 4774 2688 4844 Longe
2714 4774 2831 4828 alia:
2882 4774 3000 4828 viro
3044 4774 3140 4836 illi,
3175 4791 3274 4843 pro
3324 4775 3483 4842 genio
3514 4790 3683 4843 pecu-

2112 4866 2230 4919 liari
2263 4883 2326 4919 ac
2364 4876 2506 4920 secta
2560 4866 2861 4935 disciplina:
2893 4868 3177 4934 cujusdam
3233 4866 3482 4935 prOprize,
3527 4864 3685 4919 Jose-

2111 4958 2279 5026 phum
2336 4957 2575 5012 rationes
2621 4958 3095 5012 commendarunt.
3151 4958 3332 5012 Inerat
3371 4957 3685 5011 Blemmidae

2111 5049 2327 5104 animus
2352 5049 2458 5102 alta
2487 5051 2719 5117 quadam
2774 5057 2831 5105 et
2858 5050 3229 5121 aspernatrice
3282 5050 3443 5120 vulgo
3473 5061 3686 5119 speeta-

2111 5151 2289 5196 tarum
2320 5157 2502 5196 rerum
2530 5143 2869 5213 philosophia
2904 5143 3190 5209 subnixus,
3224 5143 3498 5197 abstracta
3530 5157 3685 5197 mens

2109 5234 2354 5304 quaedam
2394 5251 2424 5289 a
2450 5235 2801 5290 concretione
2825 5234 3095 5304 corporis,
3123 5243 3177 5289 et
3209 5235 3399 5304 procul
3427 5234 3684 5304 abjuncta

2109 5326 2433 5396 contagione
2461 5326 2748 5380 humilium
2783 5342 3058 5381 curarum.
3092 5327 3177 5380 Nil
3212 5341 3538 5396 magnopere
3588 5329 3686 5381 mi-

2109 5417 2242 5481 rari;
2281 5433 2349 5471 ne
2379 5419 2524 5488 tangi
2552 5418 2769 5489 quidem
2804 5419 3115 5475 tenerrimis
3146 5420 3431 5475 affectibus
3454 5430 3684 5485 naturae,

2109 5523 2215 5561 non
2270 5508 2510 5563 indtlere
2534 5509 2799 5572 tristibus,
2830 5525 2935 5564 non
2959 5511 3231 5565 exsultare
3263 5513 3419 5577 laetis,
3466 5528 3572 5567 non
3602 5515 3685 5569 ef-

2107 5599 2234 5654 ferri
2251 5601 2527 5671 speciosis,
2543 5601 2725 5655 omnia
2746 5618 2913 5656 unum
2927 5618 3049 5657 esse
3066 5619 3130 5657 ac
3144 5605 3365 5672 perinde
3377 5606 3564 5661 haberi
3578 5623 3691 5661 om-

2108 5693 2256 5747 nium
2275 5709 2468 5748 securo
2491 5711 2505 5756 ;
2524 5694 2671 5747 nullo
2688 5693 3006 5748 discrimine
3031 5696 3140 5749 odii
3158 5697 3409 5767 gratiaeve
3437 5698 3503 5753 de
3522 5698 3688 5771 350

2106 5786 2375 5854 personis,
2419 5788 2568 5841 nullo
2612 5796 2859 5857 respectu
2919 5788 3249 5857 privatarum
3298 5792 3567 5845 rationum
3619 5794 3687 5847 de

2104 5877 2827 5949 quibuscuuquejudicanti.
2848 5880 2986 5951 Ergo
3014 5882 3140 5937 huic
3169 5884 3259 5937 tali
3288 5884 3550 5938 Arsenius
3592 5900 3699 5945 aue

2105 5968 2375 6043 Iosephus
2400 5974 2617 6029 nomina
2636 5983 2788 6030 erant
2814 5990 2983 6040 mera,
3008 5977 3205 6046 quibus
3227 5977 3570 6032 auditisnihil
3600 5979 3688 6034 ille
