3964 6526
402 470 503 537 ΤΙ

1599 481 1929 546 GEORGII
1965 437 2449 547 Pacuvianum

3519 480 3623 547 792

399 586 509 657 γὰρ
539 590 630 642 καὶ
663 586 1002 661 Ἡρακλείτῳ
1050 590 1306 662 εἰρῆσθαι
1335 591 1399 646 τὸ
1446 593 1521 667 μὴ
1554 594 1647 650 επὶ
1680 594 1776 649 τοῦ
1807 592 1972 657 αὑτοῦ
2001 596 2049 657 Α
2076 594 2109 668 ἢ
2143 596 2244 667 τὴν
2273 595 2394 651 κατ’
2438 593 2759 667 ἀνθρώπους
2806 594 2993 668 τιμὴν,
3024 596 3059 670 ἦ
3108 595 3173 669 δὴ
3216 594 3489 670 δεξιώσεις
3529 596 3632 667 ἔχει

400 676 543 736 εῖναι
576 682 659 747 δὶς
714 682 963 754 βάπτειν,
1005 684 1100 738 καὶ
1150 684 1421 757 Κρατύλῳ
1471 686 1672 757 μᾶλλον
1710 687 1787 749 ὼς
1836 686 1972 759 μηδὲ

304 767 311 775 ’
401 774 568 841 ἅπαξ,
598 775 708 829 τῶν
741 777 1086 848 πραγμάτων
1117 776 1273 848 δίκην
1311 777 1537 849 ἀείρρου
1573 777 1845 848 ῥεύματος
1873 795 1979 832 πα-

401 867 823 941 ρατρεχόντων),
860 870 936 940 μὴ
986 869 1172 923 καινὸν
1201 867 1341 923 εἶναι
1373 869 1497 941 μηδ’
1522 868 1697 935 ἄλλως
1731 868 1906 934 ξένον,
1926 868 1975 921 εί

399 958 498 1013 καὶ
545 958 819 1028 ’Δρσένιος
856 959 1114 1014 ἀδικοῖτο.
1144 961 1218 1014 Τὸ
1257 960 1365 1033 γὰρ
1418 962 1711 1031 ἀναγκαῖον
1746 962 1803 1015 ἓν
1837 956 1974 1016 εἶναι

400 1051 496 1105 καὶ
528 1050 688 1137 μόνρν
733 1052 794 1104 τὸ
831 1052 1077 1137 εὐσεϐὲς,
1127 1051 1317 1106 τούτου
1365 1052 1421 1106 δὲ
1462 1053 1798 1125 τηρουμένου
1826 1052 1973 1108 τᾶλλ’

401 1133 740 1219 ἀπερρίφθαι
774 1133 989 1218 ἀνάγκη
1025 1147 1139 1209 τοῖς
1166 1146 1518 1217 αἱρουμένοις,
1552 1145 1653 1219 ζῇν
1682 1146 1824 1201 κατά
1851 1145 1978 1218 τρό⁸

399 1255 524 1292 πον.
580 1238 745 1292 Ταῦτ’
780 1239 889 1310 ἄρα
935 1242 1029 1295 καὶ
1075 1240 1272 1311 Ἰωσὴφ
1328 1241 1557 1311 ἐδέχετο,
1612 1236 1789 1299 καίτοι
1839 1238 1976 1310 πρὸς

400 1333 609 1386 ἐκεῖνον
663 1331 836 1398 οὕτως
892 1331 1032 1404 ἔχων
1082 1334 1157 1397 ὡς
1189 1331 1327 1403 μηδὲ
1366 1332 1465 1402 τῆς
1505 1330 1705 1402 κέλλης
1744 1328 1976 1398 ἐξελθὼν

402 1429 845 1495 προῦπαντῆσαι,
876 1426 1012 1479 ἀλλά
1042 1425 1179 1495 μηδὲ
1204 1426 1480 1496 προσιόντι
1511 1423 1976 1493 προεξαναστῆναι

403 1516 703 1588 μακρόθεν,
756 1517 877 1588 μηδ’
917 1516 1045 1570 ἄλλο
1074 1534 1128 1569 τι
1160 1516 1270 1570 τῶν
1314 1517 1394 1580 εἰς
1430 1515 1673 1570 θωπείαν
1723 1514 1817 1571 καὶ
1850 1532 1977 1586 σμι-

401 1609 777 1680 κροπρέπειαν
816 1609 895 1670 είς
927 1610 1087 1679 χάριν
1116 1607 1266 1679 αὐτῷ
1309 1607 1732 1680 διαπράξασθαι.
1769 1607 1845 1661 Τὸ
1869 1608 1980 1679 γὰρ

400 1701 541 1773 πρὸς
577 1700 895 1769 φιλοσοφίαν
926 1699 1201 1763 ὲπικλινὲς
1255 1699 1436 1754 καὶτὸ
1468 1699 1605 1767 πρὸς
1640 1698 1704 1753 τά
1739 1695 1856 1767 εἴδη
1886 1700 1981 1753 καὶ

406 1794 544 1862 μόνα
573 1794 680 1847 τῶν
713 1794 1054 1863 πραγμάτων
1089 1792 1440 1864 ἐπιϐλητικδν
1480 1792 1797 1864 ἀμείλικτον
1834 1794 1982 1847 ἐκεῖ-

404 1902 494 1938 νον
526 1884 692 1939 ἐτίθει
721 1884 790 1938 τὰ
833 1884 967 1956 πρὸς
1000 1883 1158 1955 ὓλην,
1189 1885 1286 1939 καὶ
1317 1883 1379 1936 τὸ
1430 1883 1622 1953 ἐφετὸν
1668 1886 1811 1938 κατά
1857 1883 1982 1939 νοῦν

402 1974 543 2047 ἔχων
572 1974 835 2046 παρεὼρα
876 1975 938 2028 τὸ
962 1974 1269 2045 ἐφιέμενον.
1302 1974 1468 2028 Ὅθεν
1514 1974 1616 2028 οὐκ
1652 1973 1980 2045 ἀνθρώποις,

402 2071 540 2133 ἀλλὰ
564 2071 887 2143 πράγμασιν
920 2070 1252 2134 ἐπιϐάλλων,
1287 2070 1521 2132 ἐκείνοις
1563 2066 1663 2139 μὲν
1703 2068 1887 2137 ἐτήρει
1919 2068 1982 2121 τὸ

404 2161 593 2232 θαῦμα
626 2163 720 2216 καὶ
757 2162 1263 2232 ὑπερεξεπλήττετο
1286 2161 1382 2215 καὶ
1410 2160 1583 2225 ἄλλως
1606 2161 1772 2232 τιμᾷν
1799 2162 1984 2233 ᾑρεῖτο

404 2348 536 2390 sane
560 2332 627 2389 ad
650 2334 890 2390 favorem
908 2333 1243 2391 invidiamve
1258 2344 1591 2392 moveretur.
1617 2335 1796 2392 Unum
1818 2337 1982 2394 inter.

404 2442 526 2483 esse
544 2428 893 2499 putabatsua,
907 2427 1113 2497 justum
1125 2428 1395 2499 amplecti,
1411 2439 1695 2486 nocentem
1717 2430 1979 2487 aversari.

405 2518 546 2574 Tum
598 2519 665 2574 de
691 2520 870 2575 causis
908 2521 1157 2590 protinus
1220 2521 1355 2592 ipsis
1414 2522 1535 2577 sine
1598 2523 1983 2594 praejudicio‘a

406 2613 658 2683 personis
696 2612 860 2669 ducto
892 2614 1152 2669 suatuenti
1211 2615 1474 2670 Arsenius
1502 2615 1722 2685 quidem
1782 2616 1985 2687 injuste

406 2707 677 2777 dejectus,
729 2704 1000 2777 Josephus
1055 2707 1336 2774 illegitimc
1366 2709 1635 2765 ,intrusus
1675 2710 1982 2764 videbatur.

408 2798 571 2853 Trahi
603 2798 749 2855 enim
788 2799 841 2854 iu
871 2800 1144 2857 censendo
1169 2801 1437 2870 judicium
1470 2817 1500 2856 a
1538 2802 1743 2866 studio,
1768 2809 1821 2855 et
1849 2817 1983 2872 pen-

408 2890 547 2948 dens
566 2890 849 2946 arbitrium
875 2891 1061 2948 liberae
1086 2892 1286 2949 mentis
1304 2892 1557 2950 inclinari
1580 2893 1874 2950 momentis
1892 2902 1987 2951 aut.

410 2983 658 3056 obsequii
689 2984 911 3040 obnoxii
937 2994 1033 3040 aut
1062 2993 1503 3056 quaestuosarum,
1523 2986 1823 3049 rationum,
1853 2986 1987 3041 vitio

410 3077 718 3146 imputabat
756 3076 954 3131 animae
1004 3076 1158 3130 humi
1190 3079 1479 3147 reptantis,
1506 3094 1608 3134 nec
1642 3079 1891 3137 attollere
1924 3096 1982 3137 se

409 3178 549 3241 aptze
577 3186 742 3239 supra
778 3185 1017 3226 massam
1054 3171 1193 3225 hanc
1221 3170 1382 3226 vilem
1397 3186 1592 3226 crassae
1617 3171 1987 3227 concretionis

408 3263 466 3317 in
496 3263 1013 3332 contemplationem
1043 3262 1144 3317 sibi
1182 3277 1548 3333 congenerum
1578 3271 1633 3318 et
1697 3279 1758 3319 se
1792 3263 1986 3333 digna-

411 3371 531 3410 rum
585 3355 832 3411 idearum
899 3355 1200 3426 superioris
1249 3356 1494 3426 sphaerae.
1524 3353 1791 3411 Czeterum
1837 3364 1896 3411 ut
1926 3354 1982 3408 in

412 3446 530 3501 rivo
577 3446 880 3516 proﬂuente
934 3456 1041 3502 tam
1102 3455 1522 3502 momentaneus
1573 3457 1658 3501 est
1722 3446 1985 3502 transitus

412 3532 826 3596 suc’ccdentium
881 3540 1114 3595 invicem
1177 3539 1479 3608 irrequieta
1515 3553 1678 3594 cursu
1744 3539 1984 3609 partium

411 3648 600 3704 aequae,
641 3643 698 3688 ut
728 3648 889 3687 nemo
912 3632 998 3687 bis
1029 3633 1083 3687 in
1112 3631 1381 3696 eamdem,
1438 3632 1586 3701 quod
1626 3640 1791 3704 ,recte
1835 3632 1987 3687 dice-

418 3727 513 3783 bat
565 3727 892 3791 Heraclitus,
928 3725 1159 3796 digitum
1190 3726 1510 3781 immersnm
1546 3725 1722 3796 possit
1752 3725 1985 3797 tingere,

417 3819 531 3875 imo
553 3834 622 3876 ne
651 3819 822 3876 semel
876 3819 1123 3889 quidem.
1153 3818 1197 3874 si
1225 3818 1441 3889 Cratylo
1503 3816 1770 3881 creditur,
1803 3815 1990 3871 existi-

417 3911 585 3967 manti
618 3911 831 3965 unicam
856 3925 1075 3981 quoque
1109 3909 1426 3966 tinctionem
1452 3907 1704 3978 pluribus
1746 3905 1988 3962 vicissim

418 4005 746 4074 respondere
781 4003 1058 4073 particulis
1110 4017 1327 4071 semper
1356 4001 1592 4056 labentis
1625 4000 1804 4063 undas,
1845 3995 1984 4053 nihil

418 4111 620 4151 novum
675 4094 1129 4163 autinopinatum
1167 4091 1342 4147 videri
1370 4090 1593 4153 debere,
1621 4090 1667 4146 si
1689 4089 1853 4144 rebus
1884 4087 1992 4141 hu-

420 4190 600 4245 manis
625 4188 861 4243 instabili
884 4201 1004 4243 sese
1032 4184 1300 4254 vertigine
1329 4182 1701 4246 volventibus,
1735 4179 1995 4248 nullaque

423 4282 508 4338 vel
535 4283 600 4335 ad
628 4280 792 4336 breve
814 4279 1048 4349 spatium
1069 4278 1295 4332 immota
1326 4282 1700 4345 permanente,
1731 4270 1995 4325 Arsenins

424 4390 646 4446 quoque
682 4374 799 4429 vice
822 4389 931 4431 sua
956 4385 1154 4441 passus
1183 4378 1326 4425 esset
1366 4368 1648 4439 injuriam.
1684 4365 1857 4419 Porro
1891 4377 1993 4417 ne-

425 4470 724 4527 cessarium
780 4467 834 4521 in
870 4468 978 4522 vita
1010 4481 1178 4520 unum
1213 4480 1355 4530 esse,
1397 4473 1584 4519 tenere
1639 4459 1874 4515 oﬂicium
1908 4472 1996 4511 re-

426 4562 635 4633 ligiosa:
671 4561 888 4630 Deoque
935 4558 1195 4630 subjectae
1225 4557 1423 4613 mentis
1457 4573 1473 4622 ;
1511 4557 1564 4609 in
1597 4570 1707 4625 quo
1750 4552 1845 4623 qui
1872 4566 1998 4621 per-

2076 686 2170 740 xatl
2224 687 2667 759 προῦπαντήσεις
2713 685 2808 741 καὶ
2853 687 3237 759 δουλοπρεπεῖς
3284 687 3634 752 καταστάσεις

2077 779 2171 832 καὶ
2208 777 2511 860 ἀλλ’-ἄττα,
2541 772 2624 841 οἷς
2670 778 2735 850 δὴ
2770 779 3032 851 χαίρομεν
3059 778 3357 852 ἄνθρωποι.
3384 778 3494 837 Καὶ
3522 781 3634 841 sal;

2078 869 2177 939 μὲν
2226 867 2404 934 ἕξεσιν
2456 868 2692 930 ἐκείναις
2744 868 2887 923 οὕτω
2939 867 3003 941 δὴ
3055 869 3357 942 τιμητικιῖις
3405 865 3517 939 εἶχε
3548 869 3637 922 καὶ

2075 956 2517 1034 ὑπερεθαύμαζε,
2551 959 2699 1031 δῶρα
2730 960 2867 1017 Θεοῦ
2900 962 3104 1025 ταύτας
3162 960 3462 1033 ἡγούμενος
3484 978 3501 994 ο
3531 964 3635 1025 τοῖς

2073 1053 2121 1107 δ’
2159 1052 2362 1124 ἔχουσι,
2390 1052 2574 1118 καθὼς
2602 1054 2669 1111 ἂν
2699 1054 2790 1108 καὶ
2821 1038 3253 1126 κατελάμϐανεν,
3285 1049 3454 1124 εἶχεν,
3482 1054 3554 1115 ὡς
3575 1053 3634 1107 οὗ

2075 1143 2275 1206 παντὸς
2298 1143 2582 1216 γινομένου
2605 1143 2697 1197 τοῦ
2720 1144 3005 1214 γινομένου
3030 1146 3172 1199 κατά
3186 1144 3318 1198 θεὸν
3338 1143 3433 1198 καὶ
3458 1142 3638 1207 ἀξίως,

2076 1234 2193 1288 ἀλλ’
2214 1235 2384 1295 ἐνίοτε
2407 1236 2500 1289 καὶ
2527 1235 2649 1291 κατ’
2671 1235 2978 1307 ἄνθρωπον,
3002 1235 3461 1309 παραχωροῦντος
3485 1231 3635 1287 Θεοῦ.

2076 1324 2188 1396 Τὴν
2224 1324 2356 1395 γοῦν
2402 1324 2656 1399 τοιαύτην
2697 1326 3121 1397 δεισιδαιμονίαν
3156 1326 3242 1378 ἀεί
3270 1324 3389 1381 ποτ’
3421 1325 3640 1393 ἀποτρε-

2078 1417 2312 1485 πόμενος
2368 1415 2534 1482 ἔδειξε
2588 1418 2682 1479 καὶ
2733 1416 2811 1495 τῷ
2860 1418 3059 1486 Ἰωσὴφ
3098 1417 3218 1477 τότε
3270 1415 3372 1486 τὴν
3416 1414 3549 1478 ἕξιν,
3581 1414 3638 1467 οὐ

2078 1507 2417 1579 προθέμενος
2438 1507 2599 1561 αὑτὸν
2626 1507 2881 1576 ἀτιμοῦν,
2912 1507 3029 1561 ἀλλ’
3055 1508 3141 1561 ἐπ’
3164 1508 3295 1560 ἴσων
3317 1507 3482 1559 πᾶσιν
3508 1504 3643 1574 ἔχειν

2078 1600 2175 1666 τὴν
2224 1586 2407 1670 κρίσιν
2453 1598 2797 1670 αἱρούμενος.
2828 1598 2915 1671 [Ρ.
2956 1597 3087 1671 255]
3119 1596 3277 1654 Οὕτω
3305 1596 3419 1668 γὰρ
3467 1596 3560 1650 καὶ
3590 1594 3645 1648 τὸ

2080 1692 2690 1763 φιλόσοφονιφιλοσόφως
2710 1692 2950 1764 ἐπλήρου
2975 1691 3056 1763 τῷ
3075 1690 3150 1762 μὴ
3168 1692 3234 1745 λα
3242 1690 3473 1762 μδάνειν
3491 1688 3647 1761 πρόσ-

2081 1802 2206 1840 ωπα
2257 1786 2337 1851 είς
2375 1785 2471 1858 τὴν
2527 1785 2781 1856 τοιαύτην
2830 1784 3033 1857 κρίσιν,
3078 1784 3145 1854 ἢν
3196 1783 3288 1839 καὶ
3338 1781 3466 1839 καθ’
3494 1781 3647 1834 αὐτὸν

2081 1877 2335 1947 κέκρικε.
2370 1877 2518 1947 Πλὴν
2547 1877 2798 1938 κάκεῖνος
2828 1875 2984 1939 είδὼς
3031 1873 3317 1941 ἄνθρωπος
3359 1870 3438 1926 ὢν
3470 1871 3563 1934 καὶ
3591 1871 3648 1924 τὸ

2084 1968 2261 2039 χρεὼν
2283 1968 2704 2039 λειτουργήσων,
2740 1968 2862 2021 ἐπεὶ
2891 1968 2960 2021 τὰ
2990 1966 3113 2021 καθ’
3147 1965 3308 2019 αὑτὸν
3338 1964 3650 2032 διαθέμενος

2085 2059 2313 2130 χάρταις
2346 2057 2517 2112 ἐδίδου
2547 2059 2608 2113 τὸ
2647 2057 2917 2129 βούλημα,
2946 2086 3019 2096 —
3047 2056 3108 2112 τδ
3139 2055 3185 2110 δ’
3213 2051 3282 2128 ἦν
3330 2054 3458 2108 καθ’
3487 2053 3647 2125 αὐτὴν

2080 2148 2180 2217 τὴν
2221 2147 2388 2218 μονὴν
2432 2145 2519 2200 ἀεί
2564 2162 2694 2199 ποτε
2720 2146 3017 2218 διαμένειν,
3065 2145 3234 2218 μηδὲν
3266 2144 3412 2202 κατά
3453 2143 3650 2221 μηδένα

2084 2326 2346 2382 nimirum
2375 2325 2497 2396 ejus
2518 2333 2856 2396 exaggerata:
2881 2325 3165 2395 cujusdam
3197 2332 3251 2379 et
3286 2324 3514 2381 modum
3563 2337 3651 2377 su-

2080 2434 2380 2492 pergressa
2408 2419 2687 2490 vulgarem
2719 2417 3077 2489 philosophiae
3109 2414 3649 2489 3511heorematis

2085 2515 2338 2568 irretorto
2395 2510 2571 2567 defixa
2614 2519 2893 2580 suspectu,
2960 2508 3206 2578 adeoque
3257 2522 3325 2562 ex
3371 2506 3646 2561 altissimis

2082 2605 2579 2669 duntaxatassueta
2614 2600 3215 2679 rationibusa-Stimare
3243 2614 3330 2653 res
3357 2600 3645 2656 humanas.

2085 2697 2318 2769 rigidum
2373 2695 2682 2751 sustinebat
2726 2680 2881 2747 illum
2914 2699 2968 2747 et
3014 2691 3392 2746 iullexibiliter
3415 2699 3646 2757 erectum

2084 2790 2153 2846 ab
2182 2789 2285 2844 ista
2321 2787 2630 2842 humilitate
2662 2783 2965 2841 ofﬁciorum
2994 2781 3650 2858 aulicorumgomninoque

2084 2898 2114 2938 a
2147 2881 2341 2952 quovis
2375 2888 2629 2949 respectu
2693 2876 2957 2938 materiae,
2991 2875 3195 2947 quippe
3241 2874 3334 2943 qui
3384 2873 3651 2928 abstracte

2087 2978 2305 3030 intuens
2346 2972 2492 3042 quod
2534 2968 2833 3039 optandum
2869 2973 3008 3031 erat,
3062 2963 3207 3034 quod
3240 2964 3452 3034 passim
3506 2969 3651 3029 opta-

2085 3070 2245 3124 batur
2295 3064 2613 3137 negligeret.
2649 3061 2803 3119 Unde
2836 3076 2940 3117 non
2980 3058 3297 3115 hominibus
3350 3055 3449 3112 sed
3498 3053 3653 3109 rebus

2086 3162 2356 3227 intentus,
2410 3159 2495 3214 his
2523 3154 2745 3229 quidem
2781 3153 3036 3211 servabat
3084 3149 3534 3215 admirationem,
3572 3147 3653 3202 bis

2088 3252 2452 3317 attentissime
2509 3247 2930 3305 considerandis
3033 3245 3493 3316 instupescebat,
3558 3240 3653 3295 alia

2087 3359 2179 3400 eas
2234 3341 2585 3398 veneratione
2614 3337 3025 3413 prosequendas
3073 3346 3320 3392 statuens
3350 3348 3523 3405 quam
3553 3333 3649 3385 ista

2087 3435 2468 3509 superstitiose
2511 3416 2697 3491 sedula
2728 3429 3052 3488 commercii
3079 3427 3329 3490 humani,
3367 3439 3493 3495 quae
3521 3437 3651 3478 con-

2088 3540 2197 3590 stat
2223 3528 2642 3600 exceptionibus
2673 3526 2739 3581 ad
2771 3523 3091 3595 blanditiam
3125 3517 3477 3597 compositis.
3535 3513 3658 3569 all‘e-

2088 3633 2233 3681 ctata
2265 3619 2574 3687 renidentis
2601 3617 2872 3683 vultuum,
2905 3613 3225 3683 occursibus
3264 3609 3528 3664 ollieiosis
3562 3620 3658 3662 cte-

2090 3728 2316 3788 tcraque
2371 3713 2586 3777 servilis
2642 3710 2891 3781 obsequii
2962 3705 3304 3778 professione
3356 3700 3654 3761 simulata,

2091 3811 2280 3882 quales
2315 3822 2418 3869 nos
2467 3803 2854 3861 illusiunculas
2914 3800 3148 3857 invicem
3206 3804 3554 3853 commutare
3606 3793 3656 3846 in

2090 3899 2484 3961 consuetudine
2514 3898 2636 3952 vita:
2667 3896 2894 3949 urbanae
2924 3892 3179 3951 homines
3214 3889 3547 3960 gaudemus.
3572 3885 3662 3938 Ille

2093 4002 2276 4059 autem
2311 3990 2530 4046 habitus
2556 3983 2778 4057 quidem
2809 3986 2945 4042 istos
2974 3999 3005 4039 a
3033 3981 3392 4039 concretione
3427 3977 3661 4033 materia:

2095 4080 2413 4155 sejunctosl
2446 4096 2572 4136 nam
2603 4081 2703 4139 hos
2746 4079 2826 4134 sic
2869 4077 3013 4132 nude
3062 4072 3385 4145 spectabat)
3420 4083 3475 4127 et
3508 4085 3658 4125 vene-

2095 4175 2307 4234 ratione
2335 4172 2766 4244 prosequebatur
2792 4183 2993 4239 magna
3025 4175 3083 4222 et
3122 4180 3288 4234 supra
3328 4163 3548 4218 modum
3572 4159 3664 4215 ad-

2096 4267 2419 4329 mirabatur.
2456 4265 2596 4325 dona
2640 4262 2735 4319 Dei
2777 4262 2903 4317 illos
2939 4270 3218 4332 reputans.
3262 4255 3370 4311 Eos
3415 4267 3576 4323 porro
3612 4253 3659 4304 in

2098 4361 2299 4431 quibus
2364 4364 2745 4420 cernerentur,
2780 4369 2882 4425 pro
2941 4354 3104 4413 modo
3149 4364 3261 4420 quo
3316 4362 3415 4403 eos
3442 4346 3511 4401 ab
3541 4342 3664 4414 ipsis

2100 4453 2469 4510 arbitrabatur
2523 4448 2841 4520 participari
2922 4444 3234 4507 tractabat,
3286 4442 3368 4496 sic
3426 4438 3568 4509 apud
3610 4449 3665 4489 se

2102 4558 2371 4610 statuens,
2413 4558 2521 4598 non
2558 4557 2712 4612 aeque
2760 4553 2978 4603 omnes,
3022 4536 3224 4607 quibus
3259 4533 3524 4595 inessent,
3552 4528 3665 4583 illos

427 4663 572 4710 stare
600 4654 743 4708 volet
774 4660 829 4707 et
849 4667 914 4707 ex
943 4652 1262 4721 praescripto
1287 4649 1509 4705 virtutis
1538 4648 1744 4711 vivere,
1764 4644 1999 4710 abjieere
2031 4655 2076 4713 ι)
2103 4640 2402 4697 secundum
2435 4636 2601 4689 Deum
2635 4634 2797 4705 digne
2835 4628 3139 4702 possidere,
3168 4626 3262 4682 sed
3292 4623 3562 4695 quosdam
3590 4621 3667 4674 in-

429 4750 576 4803 hunc
616 4754 864 4817 oporteat
902 4758 1060 4800 curas
1096 4742 1412 4800 mortalium
1435 4752 1755 4803 eventuum,
1809 4744 1864 4791 et
1898 4750 1997 4789 an-

428 4840 533 4895 xiis
567 4838 765 4896 studiis
800 4837 1027 4906 sapienti
1064 4851 1292 4892 casuum
1317 4831 1722 4890 occurrentium
1749 4828 1997 4898 neglectu

429 4933 595 4990 semel
653 4930 898 5001 defungi.
947 4930 1075 4989 Haec
1124 4944 1249 4984 cum
1298 4924 1646 4996 peculiariter
1709 4919 2001 4975 familiaria

433 5027 542 5084 sibi
566 5028 815 5097 dogmata
843 5035 955 5079 tum
1004 5019 1335 5077 Blemmidas
1390 5014 1632 5084 Josepho
1666 5026 1854 5067 coram
1897 5010 2001 5079 ipsi

429 5118 819 5183 disseruisset,
878 5112 1256 5184 comprobavit
1300 5109 1390 5164 ille
1440 5105 1838 5174 laudavitque;
1904 5116 2004 5156 nec

431 5221 679 5268 mutuam
711 5211 778 5265 ab
820 5209 914 5263 illo
941 5218 1122 5263 tamen
1161 5199 1555 5259 assentationis
1592 5198 1760 5252 ullius
1785 5208 2005 5264 expres-

432 5304 502 5360 sit
551 5303 749 5360 vicem.
798 5301 949 5355 Adeo
991 5296 1141 5351 enim
1208 5294 1278 5347 ab
1324 5291 1452 5346 huic
1488 5286 1762 5347 adulando
1827 5281 2004 5338 abfuit

433 5394 786 5459 Blemmidas,
816 5400 874 5446 ttt
902 5404 1080 5460 neque
1113 5387 1180 5442 ad
1200 5402 1258 5441 se
1284 5383 1608 5439 invisentem
1633 5375 2002 5450 patriarcham

431 5489 651 5546 obviam
679 5504 709 5547 e
748 5487 884 5542 cella
919 5483 1139 5555 prodire
1170 5482 1514 5550 dignaretur,
1555 5489 1620 5528 ac
1653 5486 1721 5526 ne
1746 5471 2003 5540 ingresso

435 5583 657 5652 quidem
690 5589 744 5635 et
778 5579 843 5634 ad
877 5578 1159 5634 sedentem
1214 5573 1394 5642 ipsum
1424 5565 1670 5636 pergenti
1715 5577 1781 5617 ex
1836 5561 2008 5616 inter-

434 5674 584 5728 vallo
617 5679 930 5740 assurgeret
973 5677 1069 5722 aut
1099 5666 1264 5720 ullam
1298 5660 1524 5716 omnino
1547 5655 1827 5711 tralatitiae
1850 5654 2007 5713 istius

438 5763 767 5822 urbanitatis
804 5758 1213 5818 venerationem
1246 5761 1463 5812 curaret
1489 5749 1773 5813 adhibere,
1825 5747 2007 5817 pusilli

435 5870 561 5912 esse
591 5865 757 5925 atque
789 5852 858 5908 ad
898 5851 1220 5908 servitutem
1274 5843 1472 5915 abjecti
1521 5840 1693 5897 animi
1747 5849 2011 5911 reputans

443 5951 508 6004 al
542 5948 855 6020 hujustnodi
890 5960 1010 6003 sese
1042 5941 1278 6013 aucupia
1295 5938 1487 6011 gratia:
1519 5935 1824 5993 demittere.
1854 5933 2006 5989 Mens

1648 6179 1667 6205 ἰ

2099 4732 2312 4788 terdum
2370 4726 2672 4785 secundum
2736 4724 3059 4787 hominem,
3131 4719 3240 4773 Deo
3298 4718 3664 4788 permittente.

2101 4822 2273 4879 Usum
2320 4834 2486 4891 porro
2536 4818 2699 4872 istum
2731 4829 2893 4873 suum
2930 4824 2987 4868 et
3023 4827 3231 4867 morem
3281 4809 3459 4863 libere
3511 4805 3666 4860 omit-

2102 4917 2246 4972 tendi
2283 4912 2732 4981 superstitionem
2770 4910 2932 4967 istam
2965 4903 3265 4977 quamdam
3305 4910 3662 4971 personarum

2103 5007 2264 5063 anxia
2301 5005 2595 5061 sedulitate
2656 5001 3091 5063 venerandarum
3131 4997 3292 5050 etiam
3331 5002 3462 5047 tunc
3490 4991 3543 5044 in
3579 4987 3668 5042 Jo-

2103 5099 2275 5168 srpho
2303 5096 2498 5158 tenuit,
2532 5109 2641 5148 non
2671 5108 2794 5149 eum
2851 5088 3118 5161 prmcipue
3143 5095 3507 5140 contemnens
3534 5119 3551 5145 ,
3579 5077 3665 5132 sed

2104 5167 2473 5260 exceptionem
2507 5203 2538 5241 a
2576 5200 2679 5243 suo
2718 5183 3016 5241 universali
3044 5177 3254 5249 judicio
3286 5186 3341 5230 et
3375 5175 3539 5226 modo
3569 5167 3667 5223 sibi

2107 5287 2328 5357 praefixo
2356 5298 2479 5338 eum
2504 5279 2761 5336 omnibus
2811 5273 3011 5349 agendi
3043 5272 3095 5326 in
3129 5270 3297 5339 hujus
3342 5268 3510 5321 unius
3558 5275 3671 5334 gra-

2107 5378 2239 5433 tiam
2295 5375 2401 5432 sibi
2466 5389 2578 5431 non
2634 5369 2943 5427 faciendam
3007 5377 3260 5422 censens.
3302 5360 3378 5415 Ita
3423 5358 3567 5412 enim
3615 5366 3671 5408 se

2107 5465 2483 5539 philos0pltice
2513 5461 2743 5532 obsequi
2784 5458 3013 5530 putabat
3058 5452 3373 5525 praescripto
3426 5447 3504 5502 illi
3563 5457 3669 5499 sua:

2106 5556 2472 5629 philosophiae
2490 5549 2705 5624 jubeuti
2724 5565 2829 5605 non
2848 5546 3136 5602 admittere
3169 5542 3339 5596 ullum
3368 5543 3669 5629 respectum

2108 5626 2471 5723 singularium
2498 5658 2859 5718 personarum
2888 5641 2942 5697 in
2976 5638 3194 5711 judicio.
3211 5638 3279 5693 de
3316 5635 3500 5697 rebus.
3530 5626 3666 5723 nude

2108 5760 2173 5802 ac
2197 5716 2349 5799 tuere
2394 5750 2452 5797 tit
2483 5716 2612 5797 sunt
2664 5737 2733 5792 ab
2781 5750 2869 5797 eo,
2903 5743 2960 5789 ut
3009 5733 3216 5788 dictum
3274 5737 3374 5794 est,
3434 5716 3664 5795 spectari

2110 5835 2485 5906 aestimarique
2515 5831 2718 5890 solitis.
2767 5829 3036 5886 Ctetcrum
3072 5825 3156 5879 vir
3189 5824 3279 5879 hic
3333 5821 3457 5876 talis
3508 5825 3667 5883 repu-

2111 5941 2235 5989 taus
2261 5944 2323 5988 se
2366 5925 2669 5991 hominem,
2704 5931 2759 5979 et
2815 5933 3106 5979 commune
3158 5926 3369 5972 natura
3433 5906 3671 5966 debitum
