3964 6542
188 481 281 544 793
1128 481 1224 543 DE
1260 480 1648 544 MICHAELE
1689 481 2156 547 PAL/EOLOGO
2194 487 2342 548 LIB.
2383 486 2448 547 V.
2706 520 2707 523 η
3310 481 3417 546 τοι

188 595 372 663 τρόπον
394 589 778 648 ὕποπεσοῧσαν
811 592 993 665 ἑτέρᾳ,
1026 593 1120 648 καὶ
1151 594 1296 666 ἆπερ
1322 591 1468 665 εἶχεν
1490 594 1553 647 ἐκ
1590 592 1741 663 βασι·
1772 599 1816 655 Α
1847 596 2035 667 Θρᾴκῃ
2064 598 2357 667 ἀνακωχὴν
2382 596 2658 665 γενέσθαι,
2708 596 2803 652 ἐπὶ
2839 594 2975 650 πολὺ
3008 593 3417 666 δαπανωμένων

189 686 312 737 λέων
353 682 824 754 φιλοφρονήματα,
861 685 935 749 ὼς
975 685 1386 755 συμποσώσθαι
1415 687 1474 739 τδ
1504 688 1612 739 πᾶν
1634 685 1743 739 τῶν
1846 688 1957 740 τῶν
1988 687 2417 758 στρατευμάτων
2458 690 2568 751 τοῖς
2601 688 2850 757 συνεχέσι
2884 688 3162 756 πολέμοις,
3194 686 3417 757 πέμψας

191 774 526 844 νομισμάτων
576 777 662 839 εἰς
704 776 894 830 ἑκατὸν
939 777 1136 847 λιτρῶν
1175 777 1428 848 ἀριθμὸν,
1463 778 1555 833 καὶ
1605 778 1743 830 αὖτὰ
1847 778 2345 850 διαπρεσϐεύεται,
2397 779 2825 849 ὑπισχνούμενος
2878 780 2958 842 είς
3012 778 3173 849 κῆδος
3222 779 3418 849 ἐκείνῳ

190 872 248 938 τῇ
296 871 422 939 μονῇ
470 868 566 922 τοῦ
622 870 773 933 ὄντος
820 871 952 925 Θεοῦ
981 871 1080 944 (τῷ
1124 872 1232 943 γὰρ
1270 873 1381 927 ὄντι
1415 873 1618 943 κυρίως
1648 874 1744 926 καὶ
1847 870 2033 925 δοῦναι
2077 872 2173 925 καὶ
2207 872 2308 941 τὴν
2357 870 2651 940 ἀδελφιδῆν
2687 871 2885 924 ἑαυτοῦ
2920 870 3141 940 Μαρίαν
3174 870 3273 941 τὴν
3305 870 3418 924 τῶν

194 958 588 1028 προσανέκειτο)
648 963 984 1034 άναφαίρετα
1030 964 1426 1035 διατηρηθέντα
1469 967 1549 1035 εἰς
1593 982 1746 1035 περι·
1849 960 2167 1031 θυγατέρων
2210 962 2308 1032 τῆς
2338 960 2603 1028 Εὑλογίας
2636 963 2918 1030 δευτέραν,
3005 961 3068 1032 δὴ
3099 961 3332 1033 συνῴκει
3358 962 3420 1017 τὸ

190 1050 385 1119 ποίησιν
412 1068 471 1104 τε
501 1052 600 1105 καὶ
648 1054 747 1123 τὴν
774 1055 882 1107 τῶν
928 1055 1305 1126 ἐλλειμμάτων
1351 1056 1743 1126 ἀποπλήρωσιν
1848 1052 2112 1125 πρότερον
2141 1052 2356 1123 ὁΦιλῆς
2412 1053 2652 1119 Ἀλέξιος
2706 1054 2800 1106 καὶ
2837 1054 3014 1121 μέγας
3069 1052 3413 1123 δομέστικος.

189 1138 332 1197 εἶναι.
361 1142 463 1195 Τὸν
486 1144 547 1197 δὲ
600 1145 839 1199 τοιοῦτον
878 1148 988 1201 τῶν
1035 1149 1489 1219 ἀποτεταγμένων
1535 1146 1743 1225 χάρτην
1848 1144 1960 1203 Καὶ
1984 1145 2048 1209 δὴ
2077 1143 2182 1197 τῶν
2217 1146 2397 1213 ὅρκων
2447 1144 2770 1212 προϐάντων
2811 1142 2888 1208 ὡς
2936 1143 3415 1212 συλλαμϐάνεσθαι

188 1235 271 1287 καὶ
315 1234 475 1287 αὐτὸν
526 1235 686 1304 ἠξίου
731 1237 821 1290 τὸν
872 1240 1213 1310 πατριάρχην
1252 1240 1740 1311 ὑποσημαίνεσθαι,
1847 1236 2059 1299 τούτοις
2093 1237 2189 1289 καὶ
2235 1237 2621 1307 Μεσέμϐρειαν
2673 1238 2767 1295 καὶ
2836 1236 3119 1305 Ἀγχίαλον
3179 1236 3415 1301 (ἐκείνου

190 1327 270 1382 καί
291 1344 351 1395 γε
384 1326 615 1398 βασιλέα
639 1330 936 1401 ἐπικυροῦν
963 1330 1205 1402 λιπαρῶς
1235 1333 1460 1398 ἀξιῶσαι
1484 1334 1619 1401 πρὸς
1644 1332 1747 1402 τὴν
1846 1328 1955 1397 γὰρ
1988 1327 2153 1391 οὔσας
2186 1330 2477 1397 κατασχεῖν
2508 1328 2754 1397 βασιλέα,
2791 1329 2887 1381 καὶ
2915 1325 3070 1391 αὖθις
3100 1328 3248 1394 ἄξιον
3275 1325 3415 1382 εἶναι

189 1420 327 1472 πόλιν
373 1419 764 1477 ἐπανελθόντα.
798 1425 906 1479 Καὶ
947 1424 1168 1494 γέγονεν
1198 1424 1361 1491 οὕτω,
1404 1426 1507 1480 κᾶν
1538 1424 1742 1479 ἀποθα-
1845 1421 1938 1473 τὸν
1968 1422 2096 1491 πρὶν
2140 1420 2334 1490 ἔχοντα
2386 1420 2684 1487 λαμϐάνειν
2722 1421 2893 1484 αὑτὰς
2940 1422 3032 1474 ἐπὶ
3065 1422 3142 1491 τῷ
3181 1437 3414 1488 γενησοο

188 1511 347 1574 vim;
374 1511 611 1579 ἐκείνου,
660 1513 928 1583 ὀστράκου
966 1496 1107 1589 ⁸φασὶ
1158 1520 1574 1587 μεταπεσόντος,
1616 1519 1741 1571 ἀνε-
1849 1514 1997 1583 μένῳ
2025 1514 2101 1573 ὡς
2132 1515 2334 1582 προῖκα
2378 1513 2555 1583 κήδει)
2589 1516 2618 1568 ὁ
2663 1514 2763 1583 μὲν
2795 1514 3043 1584 βασιλεὺς
3073 1514 3140 1567 τὰ
3176 1513 3275 1583 μὲν
3319 1513 3413 1566 τοῦ

190 1602 443 1671 λάμϐανόν
470 1618 532 1655 τε
572 1602 675 1667 τὰς
712 1605 1076 1673 δπικυρώσεις
1106 1608 1200 1665 καὶ
1236 1608 1302 1662 τὰ
1346 1608 1742 1679 διατεταγμένα
1848 1607 2043 1677 κήδους
2072 1606 2313 1675 ἐπλήρου
2355 1604 2430 1668 ὡς
2472 1605 2592 1659 λίαν
2633 1606 2931 1674 φιλοτίμως
2965 1606 3061 1658 καὶ
3096 1605 3413 1674 βασιλικῶς.

188 1692 390 1759 διέλυον,
421 1695 500 1757 ὡς
532 1695 605 1747 τὰ
663 1695 761 1764 μὲν
793 1697 1103 1768 νομίσματα
1153 1702 1219 1770 τῇ
1261 1701 1494 1773 Μεγάλῃ
1544 1700 1741 1772 ταυτηῒ
1847 1696 2100 1767 Συνεξῄει
2149 1696 2257 1766 γὰρ
2287 1699 2351 1767 τῇ
2402 1695 2900 1767 νυμφευθησομένῃ
2951 1695 3114 1759 αὐτὸς
3161 1696 3413 1767 βασιλεὺς

189 1786 431 1855 ἐκκλησίᾳ
464 1788 944 1858 προσανατεθῆναι
998 1791 1077 1854 είς
1135 1793 1503 1863 περιποίησιν,
1548 1794 1647 1864 τὴν
1671 1794 1742 1846 ’δὲ
1845 1788 1940 1843 καὶ
1966 1790 2005 1841 όν
2029 1787 2396 1858 πατριάρχης.
2444 1789 2545 1841 κάν
2573 1788 2851 1858 Σηλυϐριᾳ
2892 1788 3199 1857 γενόμενοι.
3230 1788 3412 1840 ἐκεῖσε

194 1876 341 1946 μονὴν
365 1878 583 1948 ἐκείνην
611 1883 677 1950 τῇ
713 1878 806 1932 τοῦ
833 1881 1100 1951 Γαληησίου
1135 1887 1267 1954 μονῇ
1303 1884 1629 1954 ὑποτεθῆναι
1659 1886 1739 1946 εις
1846 1879 2208 1942 δεσποινικῶς
2249 1879 2794 1948 μετασκευασάμενοι
2823 1882 2922 1948 τὴν
2958 1881 3039 1942 είς
3065 1881 3241 1949 γάμον
3275 1895 3418 1947 πεμ-

194 1969 441 2039 μετόχιον.
484 1970 544 2023 ’0
576 1974 709 2039 γοῦν
759 1974 1020 2045 ἱεράρχης
1070 1973 1264 2046 Ἰωσὴφ
1294 1980 1359 2049 τῇ
1387 1967 1623 2049 ἀνατολῇ
1655 1978 1745 2047 ἐφ’
1782 1955 1823 2010 Β
1851 1968 2093 2039 πομένην
2112 1968 2189 2039 τῷ
2222 1969 2637 2037 Κωνσταντίνῳ,
2667 1968 2885 2039 ἐκείνην
2916 1969 3014 2039 μὲν
3046 1969 3148 2021 ὑπὸ
3187 1969 3414 2039 πλείστῃ

191 2059 354 2113 ἱκανὸν
377 2060 669 2134 διατρίψας
709 2065 1049 2138 ὑπέστρεφεν
1081 2069 1159 2133 εις
1186 2070 1498 2135 Βυζάντιον,
1845 2060 2143 2131 δορυφορίᾳ
2180 2061 2315 2131 πρὸς
2365 2062 2571 2114 ἐκεῖνον
2597 2063 2851 2125 ἀπέλυον,
2882 2062 3034 2114 αὐτοὶ
3072 2060 3116 2111 δ’
3146 2060 3416 2129 ὑπέστρε-

1846 2168 1965 2219 φον.
1991 2153 2103 2206 Καὶ
2131 2153 2198 2205 τὰ
2230 2152 2328 2219 μὲν
2356 2153 2450 2207 τοῦ
2499 2153 2694 2223 κήδους
2733 2152 2907 2216 οὕτως
2950 2155 2977 2205 ὁ
3016 2151 3271 2223 βασιλεὺς
3296 2151 3414 2215 ὲξε-

190 2216 1264 2315 τ’·
1310 2229 1745 2315 κωγςξαζτίνφ
1846 2216 2079 2314 πλήρου,
2106 2245 2174 2296 τὰ
2201 2216 2256 2298 δέ
2283 2247 2410 2315 περὶ
2441 2216 2757 2309 τὰςτπόλεις
2787 2216 3131 2306 ἀνεϐάλλετο,
3160 2246 3279 2307 ταῖς
3316 2245 3414 2312 μὲν

252 2286 286 2353 at
314 2286 417 2355 τῆς
771 2293 1033 2363 θυγάτηρ
1398 2298 1671 2417 {eadem
1843 2286 2333 2409 ελςδῑιρῑιςεῑέςέξ
2358 2286 3277 2409 τένξέξδέ;,“’;ξαξ;ῖξξξτςξε;ξ;έκῐτῖῑ
3316 2286 3415 2405 ’ἑὴν

256 2420 332 2493 [Ρ.
361 2422 484 2494 ΞΜ]
518 2425 633 2478 Καὶ
658 2425 802 2494 μετὰ
828 2428 1023 2498 μικρὸν
1049 2429 1149 2499 τῆς
1172 2429 1266 2484 τοῦ
1292 2431 1555 2501 βασιλέως
1580 2433 1745 2487 Βουλ-
1855 2427 2128 2497 Ῥωμαῖδα
2150 2427 2220 2481 τὰ.
2248 2429 2532 2498 κράτιστα,
2564 2428 2640 2498 τῷ
2677 2430 2733 2482 δὲ
2770 2428 3166 2498 Κωνσταντίνῳ
3201 2426 3418 2497 προφά-

198 2515 362 2584 γάρων
390 2517 807 2572 Κωνσταντίνου
842 2521 1078 2589 συζύγου
1125 2524 1360 2594 Εἰρήνης
1408 2526 1743 2595 μεταλλαξάτ
1846 2538 1959 2583 est;
1987 2522 2284 2579 ἐπλάττετο
2314 2520 2567 2587 πιθανὰς,
2609 2521 2772 2585 ἄλλας
2815 2538 2877 2575 τε
2918 2522 3014 2575 καὶ
3042 2521 3101 2574 τὸ
3136 2521 3211 2591 μὴ
3269 2519 3418 2588 ἔχειν

197 2621 304 2675 σης,
328 2608 404 2671 είς
430 2610 718 2676 σπονδὰςὸ
749 2613 965 2683 κρατῶν
994 2615 1204 2669 ἐκεῖνον
1228 2617 1397 2671 θέλων
1428 2619 1655 2684 συνάξαι
1685 2622 1742 2684 ἐς
1848 2613 2048 2677 ὲνθέως
2077 2614 2281 2679 δοῦναι,
2313 2612 2388 2683 μὴ
2418 2614 2528 2667 τῶν
2554 2614 2792 2668 ἐποίκων
2822 2615 3274 2685 καταδεχομένων
3305 2611 3416 2664 τῶν

196 2698 221 2752 ὃ
255 2702 357 2764 τοῖς
383 2704 519 2757 κατὰ
549 2704 655 2759 τὸν
696 2701 871 2759 Δῖιιον
916 2710 1009 2761 καὶ
1035 2708 1171 2780 αὐτῇ
1205 2725 1267 2778 γε
1308 2711 1619 2784 Μακεδονίᾳ
1647 2718 1742 2768 καὶ
1845 2707 2085 2761 πόλεων
2154 2705 2456 2776 Ῥωμανίπις
2512 2707 2622 2775 γὰρ
2651 2702 2788 2760 εἶναι
2846 2707 3011 2777 μέρος
3059 2706 3277 2768 ὲκείνας
3320 2702 3416 2757 καὶ
3475 2746 3481 2752 -

195 2896 245 2936 se
265 2881 558 2939 soluturum
615 2883 823 2949 sciens,
878 2895 1206 2949 testamento
1262 2891 1481 2948 condito
1510 2892 1577 2949 de
1620 2898 1739 2951 suis
1843 2897 1990 2941 rator
2023 2885 2303 2941 devincire
2350 2884 2453 2940 sibi
2481 2884 2708 2939 ﬁrmiuri
2755 2883 2938 2953 aliquo
2968 2881 3206 2946 vinculo,
3250 2889 3306 2935 et
3334 2879 3415 2934 sic

198 2973 336 3030 rebus
365 2977 552 3039 statuit
583 2978 647 3031 in
681 2977 830 3032 hunc
861 2980 1109 3036 modum.
1136 2981 1544 3049 Monasterium,
1578 2984 1739 3057 352
1844 2978 2156 3048 regionibus
2188 2975 2372 3039 Haamo
2426 2976 2731 3047 subiectis,
2761 2977 2837 3031 uti
2866 2975 3031 3037 etiam
3086 2972 3415 3027 Macedonia;

196 3065 243 3119 in
274 3083 371 3136 quo
409 3067 644 3140 degebat
672 3079 726 3125 et
772 3087 1125 3140 perseverare
1154 3088 1372 3144 semper
1391 3074 1737 3137 decreverat,
1841 3086 1905 3127 ac
1945 3069 2210 3131 Thraciae,
2241 3085 2431 3139 pacem
2459 3085 2523 3124 ac
2573 3058 2809 3139 quietem
2864 3082 3131 3131 asserere.
3164 3064 3308 3135 quod
3348 3076 3416 3119 eo

197 3158 269 3215 sic
300 3168 355 3214 ut
401 3170 528 3217 tunc
575 3172 724 3230 erat,
775 3179 997 3219 manere
1046 3180 1264 3234 semper
1314 3166 1572 3230 liberum,
1606 3167 1736 3221 nulli
1842 3172 1973 3217 tunc
2014 3162 2184 3233 magis
2234 3162 2377 3219 factu
2428 3162 2797 3216 necessarium
2860 3160 3105 3229 putabat,
3145 3157 3271 3227 quia
3335 3164 3416 3210 tot

198 3264 408 3319 unquam
451 3252 858 3322 subjiciendum
911 3256 1089 3320 alteri,
1136 3256 1381 3325 iubebat.
1435 3257 1591 3324 Quod
1643 3273 1737 3312 au-
1764 3285 1811 3355 ο
1840 3257 2113 3312 continuis
2145 3254 2581 3324 expeditionibus
2632 3269 2695 3309 ac
2723 3253 2879 3308 bellis
2906 3266 3122 3353 magna.
3146 3251 3259 3318 jam
3288 3264 3416 3355 pars

197 3347 286 3394 tem
333 3344 569 3410 pecunia:
629 3348 944 3414 possidebat
969 3348 1259 3417 largitione
1316 3349 1734 3418 imperatorum.
1772 3340 1811 3355 ”
1840 3348 2099 3403 Romana
2152 3346 2359 3402 militia:
2392 3347 2674 3415 absumpta
2736 3345 2933 3406 fuerat,
2976 3341 3156 3398 missis
3182 3357 3307 3395 eum
3333 3340 3415 3394 le-

198 3443 387 3488 centum
420 3438 687 3497 librarum
726 3455 998 3501 summam
1038 3441 1362 3507 conﬁciens,
1400 3443 1503 3500 hoc
1555 3452 1729 3498 totum
1840 3444 1976 3515 gatis
2002 3443 2070 3498 ad
2098 3442 2277 3501 foedus
2296 3441 2568 3505 invitavit,
2591 3441 2859 3511 pollicens
2890 3440 3054 3511 343
3078 3439 3131 3491 in
3158 3452 3413 3507 Sponsam

197 3529 497 3582 monasterio
552 3532 737 3589 eidem
793 3530 905 3586 Deo
957 3533 1049 3600 qui
1101 3542 1184 3585 est
1214 3547 1372 3588 sacro
1427 3535 1573 3604 (nam
1623 3533 1738 3587 haec
1841 3550 1901 3589 se
1940 3535 2017 3589 illi
2054 3535 2308 3589 daturum
2340 3534 2614 3603 propriam
2642 3542 2884 3603 neptem,
2918 3533 3158 3602 Eulogius
3190 3546 3301 3585 sua:
3336 3545 3418 3585 so-

198 3626 298 3670 erat
325 3621 615 3686 peculiaris
666 3623 783 3688 ejus
817 3625 1011 3677 domus
1043 3624 1392 3692 nuncupatio)
1456 3625 1736 3693 proprium
1838 3622 1980 3676 roris
2049 3622 2213 3676 ﬁliam
2279 3624 2520 3678 secundo
2608 3623 2844 3693 genitam
2920 3622 3183 3687 Mariam,
3253 3636 3414 3690 quam

202 3711 379 3764 servari
412 3722 844 3782 perpetuumque
877 3713 1101 3769 attribui
1153 3714 1450 3771 mandabat
1503 3714 1555 3767 in
1610 3714 1739 3768 fun-
1841 3715 1994 3784 prius
2027 3714 2084 3768 in
2111 3715 2455 3772 matrimonio
2490 3716 2755 3770 habuerat
2803 3714 2986 3769 Philes
3043 3714 3266 3769 Alexius
3296 3729 3417 3767 ma-

202 3798 409 3858 dationis
431 3814 793 3874 augmentum
817 3815 912 3861 aut
940 3806 1378 3875 supplementum
1409 3806 1737 3863 amissorum
1840 3821 1977 3875 gnus
2010 3806 2360 3869 domesticus.
2386 3806 2671 3869 Processit,
2705 3806 3063 3867 Constantino
3107 3814 3412 3868 annuente,

200 3893 269 3945 vel
311 3898 495 3963 quovis
552 3898 725 3955 modo
778 3913 980 3953 casuve
1012 3898 1397 3954 deﬁcientium.
1455 3898 1527 3954 Iis
1573 3914 1739 3967 porro
1840 3906 2104 3952 tractatus
2164 3913 2336 3968 usque
2393 3898 2459 3953 ad
2509 3897 2926 3953 conventionem
2961 3896 3184 3951 fcedcris
3216 3894 3414 3949 sanciti

202 3982 379 4040 tabulis
440 4004 711 4057 suprema
755 4004 866 4043 suae
913 3990 1145 4044 testibus
1178 3989 1500 4053 voluntatis,
1536 3991 1738 4057 quibus
1836 3991 2183 4060 juramentis,
2217 4007 2337 4059 quae
2375 3991 2629 4046 distincte
2657 3991 3180 4059 comprehenderent
3201 3989 3419 4044 Mesem-

203 4070 288 4125 ista
314 4080 741 4141 commendarat,
769 4080 1114 4135 subscribere
1141 4080 1506 4148 patriarcham
1536 4082 1738 4145 voluit;
1839 4082 2023 4137 bream
2055 4091 2110 4136 et
2138 4082 2558 4149 Anchialum,ad
2580 4081 2918 4136 Constantini
2950 4081 3135 4149 utique
3152 4081 3413 4135 ditionem

202 4162 595 4239 impetravitque
624 4172 692 4226 ab
719 4173 908 4225 eodem
939 4182 995 4224 ut
1019 4187 1143 4226 cum
1181 4188 1431 4229 reversus
1457 4175 1510 4228 in
1546 4177 1735 4229 urbem
1839 4176 2178 4245 pertinentes
2234 4175 2419 4241 urbes,
2456 4174 2551 4229 sed
2604 4175 2871 4229 hactenus
2909 4182 3197 4243 occupatas
3224 4173 3292 4227 ab
3313 4173 3418 4226 im-

201 4267 343 4323 esset,
373 4275 590 4318 curaret
623 4266 841 4319 easdem
877 4276 1024 4318 ratas
1063 4266 1249 4321 haberi
1288 4267 1356 4321 ab
1382 4267 1736 4336 imperatore,
1844 4276 2118 4336 peratore,
2177 4281 2310 4335 quas
2366 4267 2611 4335 utrisque
2642 4274 2754 4319 tum
2832 4266 3004 4318 visum
3064 4272 3147 4318 est
3199 4280 3413 4331 aequum

203 4361 247 4404 et
268 4353 424 4419 ipsius
453 4360 1145 4429 auctoritateathuantam
1178 4371 1404 4429 possent
1438 4361 1735 4415 maximam
1840 4373 1961 4412 esse
2000 4359 2141 4413 bona
2198 4359 2304 4413 ﬁde
2353 4360 2507 4414 reddi
2562 4359 2787 4427 antiquo
2828 4359 3127 4428 possessori
3156 4368 3210 4412 et
3233 4358 3415 4426 impu-

201 4443 479 4502 ﬁrmitatem
533 4451 806 4506 roborari.
853 4451 1005 4516 Quod
1034 4462 1089 4506 et
1152 4452 1355 4508 factum
1409 4463 1511 4517 est,
1540 4454 1739 4522 exiguo
1840 4451 1940 4504 tari
1980 4451 2033 4503 in
2064 4459 2275 4520 partem
2334 4452 2475 4506 dot's
2525 4467 2679 4505 nova:
2711 4466 2945 4520 sponsae,
3009 4450 3102 4505 llis
3129 4451 3256 4505 hinc
3284 4467 3413 4520 pro-

199 4536 398 4600 quidem
433 4556 613 4608 operae
643 4544 839 4611 pretio.
870 4544 1003 4619 Nam
1038 4544 1339 4598 Blemmitla
1374 4545 1568 4598 deinde
1595 4560 1740 4596 mor-
1841 4542 2042 4608 missis,
2099 4543 2248 4596 illinc
2308 4542 2598 4612 stipulatis,
2672 4542 2968 4610 imperator
3030 4541 3415 4596 deductionem

201 4634 299 4690 tuo,
326 4636 531 4688 cunctis
555 4637 663 4691 illis
688 4638 973 4707 promissis
991 4646 1047 4692 et
1077 4639 1296 4707 spebus,
1339 4639 1486 4691 velut
1518 4638 1733 4706 tegulae,
1762 4633 1815 4691 D
1842 4652 2055 4705 sponsae
2084 4635 2367 4690 ambitiose
2406 4652 2469 4689 ac
2493 4636 2635 4705 regia
2662 4636 2820 4692 nlane
2860 4650 3058 4703 pompa
3097 4634 3410 4700 celebravit,

200 4725 326 4785 Quod
353 4724 524 4792 aiunt,
575 4728 899 4798 interlapsu,
930 4731 983 4783 in
1016 4730 1227 4783 irritum
1257 4731 1737 4793 evanescentibus,
1842 4729 1958 4797 ipse
2012 4727 2439 4795 proﬁciscentem
2492 4727 2773 4780 mulierem
2814 4742 2937 4780 cum
2983 4727 3287 4795 patriarcha
3320 4741 3415 4781 co-

204 4813 467 4872 rescissum
501 4820 551 4875 id
613 4832 864 4877 revocata
920 4823 1345 4879 conﬁrmatione
1415 4833 1471 4877 et
1518 4839 1737 4879 cassum
1842 4821 2069 4875 mitatus
2114 4820 2415 4889 Selybriam
2457 4834 2648 4887 usque,
2707 4819 2941 4887 indeque
3002 4819 3147 4871 illaut
3180 4818 3244 4871 ad
3272 4816 3416 4871 Con-

203 4902 375 4962 eﬁ‘ectu
404 4918 788 4969 testamentum
849 4915 972 4969 fuit.
1012 4917 1087 4971 Ac
1117 4917 1345 4985 pecunia
1377 4917 1597 4985 quidem
1626 4934 1742 4972 ma-
1842 4915 2139 4968 stantinum
2172 4912 2442 4982 frequenti
2472 4928 2534 4966 ac
2557 4913 2794 4981 superbo
2834 4911 3084 4965 satellitio
3115 4911 3418 4980 perducen-

205 5007 307 5061 gnm
348 5001 466 5058 huic
518 5008 762 5061 ecclesia:
807 5009 861 5062 in
917 5008 1059 5062 dotis
1115 5009 1420 5063 auctarintn
1478 5010 1739 5063 attributa
1842 5005 1963 5059 dam
2021 5020 2238 5067 curans,
2309 5017 2371 5057 ac
2422 5003 2501 5058 sic
2565 5001 3092 5069 Constantinopolim
3165 5014 3416 5053 reversus

204 5095 293 5150 εει,
323 5098 705 5152 monasterium
753 5113 908 5163 vero,
937 5098 1025 5152 cui
1058 5107 1167 5152 tam
1199 5099 1432 5153 sollicite
1483 5100 1741 5153 Blemmi-
1843 5105 2072 5151 eatenus
2103 5096 2260 5149 ﬁdem
2309 5103 2589 5164 pactorum
2641 5095 2931 5162 imperator
2960 5092 3229 5161 praestitit.
3281 5091 3413 5144 Nam

208 5172 735 5250 dascaverat,Galcsii
763 5190 1078 5244 monasterii
1102 5191 1345 5245 dominio
1371 5191 1735 5259 suppositum,
1843 5189 1987 5258 quod
2040 5188 2428 5258 promissarum
2457 5187 2718 5241 attinebat
2745 5185 3143 5241 restitutionem
3174 5183 3412 5245 urbium,

208 5276 264 5316 ει
280 5282 338 5321 εί)
365 5278 590 5338 pendere
606 5280 762 5348 eique
787 5282 1051 5336 inservire
1077 5282 1295 5351 jussum
1327 5290 1433 5336 est.
1462 5281 1735 5335 Caeterum
1842 5283 1896 5336 in
1926 5297 1989 5336 ea
2021 5298 2129 5336 non
2161 5281 2527 5336 festinandum
2559 5287 2710 5336 ratus
2737 5280 2913 5332 varios
2952 5279 3070 5341 ejus
3102 5275 3414 5331 diﬁ‘erendac

210 5352 449 5429 ³υεθι>ὶιυε
503 5385 596 5439 per
645 5372 788 5426 hunc
844 5373 1085 5438 modum,
1151 5374 1429 5442 aliquanto
1496 5382 1740 5442 tempore
1841 5372 2928 5445 prm'extusquaasivit,reverapericulum
2952 5368 3417 5425 diraavastationis

212 5462 427 5514 moratus
452 5462 502 5516 in
528 5462 768 5531 Oriente,
806 5466 1334 5535 Constantinopolim
1375 5467 1616 5521 revertit.
1843 5483 1905 5521 ex
1937 5482 1999 5520 ea
2025 5466 2315 5519 imminens
2353 5465 2511 5518 terris
2553 5464 2781 5533 imperio
2811 5463 3071 5531 subjectis
3100 5477 3416 5531 pr:ecavcn-

329 5615 339 5627 ,
484 5625 491 5627 _
544 5626 561 5627 γ
944 5626 947 5627 ν
1841 5558 1965 5613 dum
1982 5572 2229 5611 censens.
2243 5557 2508 5610 Caeterum
2524 5555 2737 5608 interim
2754 5554 3163 5609 Constantinum
3181 5554 3412 5609 lactabal

216 5608 261 5664 ὅ.
300 5612 360 5670 Ut
394 5625 492 5691 regi
530 5626 881 5716 Bili'Igaror'um
926 5626 1271 5716 Constantino
1312 5629 1449 5710 .ﬁfia
1506 5627 1742 5697 Eulogiae

1846 5646 2103 5716 speciosis
2127 5646 2438 5701 obtentibus
2464 5646 2645 5700 multis
2676 5646 2913 5700 colorem
2932 5646 3166 5715 aliquem
3205 5648 3411 5702 haben~

570 5698 743 5751 Maria
785 5702 838 5751 in
872 5713 1089 5751 uxorem
1127 5700 1249 5751 data
1279 5701 1367 5753 sit.
2356 5698 2393 5700 "
2424 5698 2431 5699 ⁷
2468 5698 2489 5750 '.
2525 5739 2537 5751 .
2688 5698 2727 5699 "
2842 5698 2877 5749 ’.

1842 5741 2004 5805 trbus,
2023 5755 2253 5810 quorum
2274 5742 2361 5793 htc
2381 5739 2846 5793 verrsrmtlttudme
2867 5740 3118 5794 inductus
3142 5739 3407 5794 nonnuHa

276 5815 378 5876 Non
423 5830 585 5885 multo
623 5842 745 5903 post
793 5833 938 5903 regis
991 5830 1339 5904 Bulgarorum
1396 5832 1739 5887 Constantini
1843 5833 2144 5887 videbatur.
2179 5831 2371 5886 Aiebat
2407 5830 2663 5887 videlicet
2691 5832 2919 5888 istarum
2956 5832 3157 5887 incolas
3187 5834 3409 5887 urbium

222 5912 418 5987 “miliae
460 5921 606 5982 lrcne
637 5934 870 5989 mortua,
902 5925 1125 5981 studens
1156 5924 1318 5980 istum
1357 5940 1536 5997 regem
1568 5926 1737 5995 impc-
1847 5938 2098 5979 recusare
2126 5923 2368 5995 Bulgaris
2407 5922 2617 5994 subjici,
2654 5940 2774 5980 cum
2802 5924 2903 5995 ipsi
2945 5923 3171 5980 Romani
3193 5932 3409 5990 essent,
