3964 6576
205 586 321 649 797

1153 576 1253 639 DE
1312 577 1706 640 MICHAELE
1743 578 2208 646 PALI‘EOLOGO
2243 588 2388 653 LIB.
2436 592 2504 652 V.

3335 581 3443 647 793

204 715 319 750 στα
347 690 626 752 πεσόνταςο
679 687 836 742 Ἔστι
863 688 926 740 τδ
956 686 1106 751 ἔθνος
1148 689 1414 759 ἁπλότητι
1451 689 1552 757 μὲν
1586 690 1773 760 χαῖρον
1804 692 1850 749 Δ
1877 695 1973 749 τὸν
2003 696 2170 751 ῖππον
2208 699 2602 760 ὶκκεντοῦντας
2631 699 2872 768 ἐκροφᾷν
2908 697 3160 766 αἵματος,
3197 698 3247 750 εί
3278 698 3338 752 δέ
3363 715 3442 769 τῳ

202 790 313 844 καὶ
347 782 687 855 φιλαλληλίᾳ,
721 781 816 860 καὶ
849 781 942 845 ὀξύ
975 799 1034 834 τε
1074 781 1211 852 πρὸς
1244 781 1516 851 πολέμους
1550 782 1775 848 nigrm-

202 899 278 951 νη
291 881 391 951 rev,
420 878 509 931 καὶ
537 877 636 948 τὴν
663 876 806 944 ζωὴν
837 875 1127 944 αὔταρκες,
1157 875 1252 929 καί
1286 893 1347 942 γε
1386 876 1451 928 τὰ
1493 873 1777 945 κατὲέβίον

204 969 552 1040 ἁνεπινόητόν
591 987 649 1021 τε
685 969 780 1021 καὶ
816 969 1254 1038 ἀπρομήθευτον.
1301 970 1634 1039 Ἐχρήσαντο
1668 967 1775 1037 γὰρ

202 1062 471 1115 ἀνέκαθεν
498 1059 766 1130 νομοθέτῃ
814 1060 876 1112 οὑ
921 1058 1119 1112 Σόλωνι
1168 1058 1532 1131 ἧΛυκούργῳ
1576 1059 1777 1128 ἢΔρά-

199 1171 364 1207 κοντι
392 1147 555 1222 (οὗτοι
591 1153 700 1221 γὰρ
737 1150 1043 1221 Ἀθηναίοις
1076 1152 1170 1203 καὶ
1205 1149 1652 1215 Λακεδαιμονίοις
1683 1150 1776 1202 καί

197 1262 352 1298 τισιν
385 1243 570 1306 ἄλλοις
599 1245 647 1296 οί
678 1241 965 1312 νομοθέται
995 1243 1148 1310 σοφοὶ
1182 1245 1363 1312 σοφοῖς
1395 1243 1489 1297 καὶ
1531 1246 1775 1306 συνετοῖς

195 1337 276 1391 τὰ
317 1341 367 1398 ἐς
393 1336 547 1404 λόγον
595 1335 810 1405 λόγιοι),
843 1335 956 1389 ἀλλ’
1005 1335 1160 1406 ἀνδρὶ
1194 1335 1398 1403 ἀγνῶτι
1438 1335 1535 1390 καὶ
1579 1336 1636 1389 τὸ
1667 1337 1774 1390 πᾶν

201 1429 454 1499 πονηρῷ,
485 1429 684 1497 χαλκεῖ
741 1429 840 1496 μέν
874 1427 937 1480 τὸ
986 1428 1224 1496 πρῶτον,
1282 1425 1400 1481 εἶτα
1455 1427 1512 1480 δὲ
1569 1430 1662 1482 καὶ
1694 1430 1776 1491 είς

201 1521 383 1574 Κάνιν
429 1520 692 1590 (ἄρχοντά
743 1536 828 1582 τις
881 1518 1048 1585 εἴποι)
1111 1519 1460 1584 καταστάντι,
1493 1518 1550 1582 ὃς
1586 1520 1681 1571 καὶ
1711 1520 1776 1572 ὲκ

199 1613 469 1666 Κασπίων
498 1611 768 1666 πυλώνων
799 1612 1035 1666 ἀνιστῶν
1083 1611 1142 1664 τὸ
1179 1611 1328 1674 ἔθνος
1374 1611 1611 1678 ἐξελθεῖν
1649 1614 1778 1684 θαρο

195 1704 406 1774 βῆσαν,
450 1707 544 1758 καὶ
581 1707 763 1774 σφίσιν
804 1706 894 1759 ἀεὶ
938 1705 999 1758 τὸ
1057 1708 1213 1777 νικᾷν
1245 1707 1515 1772 ὑπετίθει,
1565 1711 1614 1760 εἰ
1667 1711 1778 1771 τοῖς

203 1797 362 1859 ίδίοις
407 1796 592 1864 νόμοις
652 1798 990 1867 προσέχοιεν.
1042 1799 1105 1852 Οί
1145 1798 1191 1850 δ’
1239 1795 1377 1870 ἦσαν
1426 1802 1538 1860 τοῖς
1590 1799 1778 1870 ἀὸροῖς

198 1888 525 1957 ἀπέχεσθαι,
560 1892 676 1953 τοῖς
708 1889 965 1960 τυχοῦσιν
1011 1891 1321 1960 ἀρκεῖσθαι,
1353 1892 1415 1944 τὸ
1449 1890 1777 1960 φιλάλληλον

200 1978 373 2048 ἔχειν,
403 1979 464 2032 τὸ
490 1974 791 2047 αὐτόνομον
839 1981 1306 2050 ἀποστρέφεσθαι,
1347 1981 1408 2033 τὸ
1459 1982 1773 2035 κοινωνικὸν

199 2069 568 2137 ἀσπάζεσθαι,
609 2073 670 2124 τὸ
706 2073 897 2142 μηδὲν-
921 2072 1050 2143 περὶ
1103 2073 1220 2143 βίου
1270 2074 1546 2138 σπεύδειν,
1581 2073 1640 2128 τὸ
1671 2075 1774 2127 πά-

202 2180 329 2226 σαις
357 2165 592 2233 χρῆσθαι
627 2168 874 2234 τροφαῖς,
916 2166 1082 2236 μηδὲν
1114 2167 1224 2220 τῶν
1259 2167 1500 2237 βεϐήλων
1534 2166 1776 2238 ἔχοντας,

197 2254 263 2306 τὸ
301 2257 514 2322 γυναιξὶ
554 2259 825 2309 συνοικεῖν
873 2257 1179 2322 πλείσταις,
1230 2260 1323 2312 καὶ
1355 2259 1578 2323 ταύταις
1609 2276 1781 2330 προσ-

199 2345 521 2399 ανατιθέναι
567 2347 658 2399 τὸν
707 2350 813 2400 τῶν
860 2349 1175 2416 ἀναγκαίων
1223 2349 1513 2418 πορισμὸν,
1559 2350 1633 2413 ὼς
1663 2350 1778 2418 ἅμα

203 2436 309 2505 μὲν
354 2439 414 2488 τὸ
461 2437 614 2503 γένος
667 2437 1040 2508 πληθύνεσθαι
1099 2437 1215 2506 ἅμα
1263 2438 1308 2491 δ’
1357 2439 1500 2509 ἔχειν
1556 2440 1651 2492 καὶ
1705 2432 1780 2492 ὧν

201 2529 429 2592 δέοιντο,
458 2529 520 2581 τὸ
557 2529 720 2600 μηδὲν
752 2529 859 2582 τῶν
909 2533 1030 2584 καθ’
1063 2532 1362 2585 ὑπόστασιν
1404 2531 1780 2603 προσκτᾶσθαι

203 2621 532 2688 κτημάτων,
594 2619 716 2691 μηδ’
769 2622 1030 2691 ἐμμένειν
1085 2623 1379 2691 κτίσμασιν
1426 2623 1611 2685 οἴκων,
1643 2622 1781 2675 ἀλλὰ

207 2712 560 2779 μεταδαίνειν
590 2715 684 2766 καὶ
726 2716 1060 2785 μεταφοιτᾷν
1087 2715 1220 2784 πρὸς
1254 2715 1315 2769 τὸ
1343 2715 1637 2786 χρήσιμον,
1676 2714 1780 2767 κᾶν

203 2805 368 2874 χρεία
398 2807 603 2876 τροφῆς
637 2807 722 2877 είη
751 2824 848 2877 τῳ,
882 2807 1047 2878 ὀϊστῷ
1075 2807 1392 2879 χρωμένους
1421 2808 1597 2880 θηρᾷν
1625 2810 1658 2882 ἢ
1686 2810 1782 2862 καὶ

204 3002 311 3042 nec
363 2988 462 3042 soll
487 2989 594 3042 cite
642 2997 944 3060 congerunt
972 3000 1065 3043 aut
1117 2999 1414 3045 consulunt
1450 2991 1505 3044 in
1538 2989 1782 3044 futurum

204 3096 368 3135 avara
425 3081 794 3150 providentia.
851 3081 929 3136 Ad
982 3082 1125 3136 hanc
1174 3085 1380 3138 scilicet
1407 3084 1658 3139 formavit
1688 3099 1784 3138 cos

205 3173 552 3243 disciplinam
584 3175 798 3243 priscus
829 3173 1070 3244 ipsorum
1101 3174 1374 3246 legislator
1398 3175 1640 3245 quidam,
1673 3193 1783 3230 non

206 3282 342 3322 sane
407 3267 570 3322 Solon
625 3277 720 3322 aut
771 3267 1044 3340 Lycurgus
1095 3279 1186 3323 aut
1244 3269 1453 3324 Dracon
1504 3270 1581 3336 (lli
1638 3270 1782 3324 enim

206 3363 657 3424 Atheniensibus.
714 3363 1162 3428 Lacedaemoniis,
1218 3373 1272 3418 et
1310 3363 1633 3433 quibusdam
1657 3364 1778 3416 aliis

208 3454 489 3524 sapientes
524 3440 884 3522 sapientibus,
927 3453 1124 3508 eruditi
1186 3454 1380 3518 doctis,
1417 3455 1484 3508 ad
1520 3455 1786 3509 rationem

209 3555 430 3598 exactas
455 3543 1021 3616 condideruntleges),
1052 3545 1147 3600 sed
1187 3545 1350 3600 idiota
1368 3546 1643 3615 ignobilis,
1668 3545 1790 3600 vilis

209 3635 412 3704 opiﬁcii
440 3635 622 3689 labore
650 3634 827 3700 tritus,
862 3636 1011 3704 prius
1041 3634 1192 3689 faber
1216 3635 1379 3706 34,6
1410 3635 1688 3699 ferrarius,
1725 3651 1790 3690 ex

209 3727 442 3782 ofﬁcinae
465 3741 530 3779 ac
558 3725 795 3780 fornacis
859 3726 1082 3797 fuligine
1135 3727 1190 3779 in
1240 3727 1525 3797 imperium
1585 3727 1790 3796 produ-

214 3829 343 3874 ctus
377 3829 434 3874 et
471 3817 634 3872 Canis
658 3819 1001 3874 declaratus:
1034 3819 1113 3874 sic
1152 3819 1228 3873 illi
1254 3819 1555 3890 principem
1606 3821 1791 3890 appel-

209 3912 351 3966 lant.
407 3913 510 3966 llic
563 3923 779 3982 gentem
839 3914 1096 3968 excitavit
1163 3915 1318 3968 istam
1378 3924 1439 3969 ut
1491 3931 1520 3968 e
1581 3913 1792 3984 Caspiis

215 4003 399 4074 portis
429 4003 646 4072 prodire
676 4020 784 4056 non
845 4003 1136 4069 dubitaret,
1169 4005 1408 4074 polliceri
1441 4021 1628 4071 ausus,
1661 4022 1791 4075 quo-

212 4111 432 4166 cunque
479 4097 678 4150 bellum
736 4096 1022 4158 inferrent,
1053 4111 1328 4166 nunquam
1362 4098 1587 4152 victoria
1639 4099 1784 4152 frau-

213 4189 450 4252 dandos,
510 4189 555 4242 si
591 4189 796 4258 legibus
825 4203 854 4242 a
882 4203 940 4242 se
989 4189 1279 4258 propositis
1319 4197 1571 4243 accurate
1600 4189 1792 4243 obser-

213 4279 411 4334 vandis
453 4287 716 4334 attentam
766 4278 1102 4348 diligentiam
1137 4278 1532 4346 impenderent.
1569 4277 1791 4332 Summa

214 4371 401 4440 legum
431 4371 546 4424 haec
583 4378 701 4424 erat
738 4386 752 4424 :
782 4369 1010 4436 Delicias
1055 4378 1392 4425 aversantor.
1446 4368 1632 4424 Obviis
1661 4385 1764 4425 con

215 4462 356 4518 tenti
386 4470 564 4516 sunto.
598 4462 793 4515 Mutum
827 4462 1101 4516 societat's
1137 4463 1456 4516 charitatem
1516 4473 1791 4518 servanto.

160 4623 170 4626 _
217 4554 484 4608 Privatim
526 4554 626 4608 sibi
665 4570 760 4622 pro
813 4552 1040 4608 arbitrio
1067 4553 1350 4608 consulere
1376 4554 1603 4609 vitanto.
1651 4553 1793 4607 Nliil

215 4649 267 4702 iu
306 4648 414 4700 vita
448 4650 695 4716 vii-tuque
753 4647 1078 4716 quu'situm
1141 4647 1447 4700 all'ectanto.
1483 4645 1634 4700 Cibis
1678 4646 1792 4712 qui-

213 4742 542 4810 buscunque
619 4741 738 4794 sine
811 4739 995 4793 mundi
1073 4738 1409 4793 imtnundive
1482 4738 1798 4794 discriminc

1878 793 1972 846 καὶ
2003 791 2414 863 στεγανωτέρας
2447 791 2697 861 προσδέοι
2740 791 2964 858 τροφῆς,
3001 790 3219 858 ὲγκάτῳ
3247 789 3358 852 οίὸς
3384 790 3446 842 τὸ

1877 877 2018 953 αἷμα
2059 885 2442 951 συγκλείοντας
2485 883 2589 935 ὑπὸ
2632 881 2734 950 τὴν
2781 881 3075 950 ἐφεστρίδα
3104 881 3334 946 τιθέναι,
3368 880 3442 943 ὡς

1875 976 2127 1031 ἐντεῦθεν
2160 978 2354 1046 μικρὸν
2388 975 2652 1028 συσταθὲν
2688 976 2750 1028 ἐκ
2792 975 2890 1043 τῆς
2931 962 3141 1026 ἐκεῖθεν
3173 973 3447 1043 θερμότη-

1876 1087 1967 1132 τος
2003 1069 2214 1122 δεῖπνον
2254 1067 2517 1134 τίθεσθαι,
2556 1066 2656 1120 κάν
2689 1066 2742 1118 τί
2778 1083 2880 1118 που
2910 1065 3074 1133 ῥάκος
3101 1065 3336 1132 ἐντυχών
3360 1080 3444 1126 τις

1878 1163 2050 1233 εὖροι,
2079 1162 2436 1233 ἑπιρῤἀπτειν
2462 1163 2528 1230 τῇ
2552 1159 2857 1228 ἀμπεχόνῃ,
2885 1157 2986 1209 κᾶν
3015 1153 3127 1208 οἷον
3154 1159 3326 1208 ἐκεῖνο
3351 1155 3445 1208 καί¹

1959 1255 2062 1309 κᾶν
2092 1247 2429 1328 ήάμπεχόνη
2463 1252 2536 1322 μὴ
2565 1253 2734 1304 δέοιτο
2758 1250 2804 1317 (ὁ
2827 1251 2884 1302 δὲ
2909 1249 3128 1312 σκοπὸς,
3159 1246 3231 1310 ὡς
3261 1247 3325 1300 ἂν
3350 1245 3442 1298 καὶ

1878 1350 2007 1402 ἄνευ
2031 1346 2217 1416 χρείας
2247 1346 2404 1397 τοῦτο
2431 1342 2728 1405 ποιοῦντες,
2775 1341 2868 1394 ἐπὶ
2908 1341 3007 1410 τῆς
3053 1341 3241 1410 χρείας
3272 1341 3447 1391 ποιεῖν

1878 1433 2312 1504 ἀναγκαζόμενοι
2342 1433 2414 1504 μὴ
2447 1433 2803 1502 αίσχύνοιντο,
2835 1434 2946 1493 τοῖς
2988 1431 3232 1492 παλαιοῖς
3262 1429 3328 1482 τὰ
3355 1429 3449 1481 νέα

1877 1524 2495 1596 προσεπεμσάλλοντες).
2537 1525 2633 1578 καὶ
2658 1522 2830 1586 οὕτως
2874 1524 3067 1585 αὐτοὺς
3111 1523 3210 1592 μὲν
3253 1523 3310 1574 ὲν
3355 1521 3450 1574 ἀν-

1877 1619 1992 1672 έσει
2017 1617 2242 1686 παντοίᾳ
2265 1617 2384 1687 ζῇν,
2422 1616 2681 1685 σάριτταν
2710 1616 2804 1668 καὶ
2823 1613 3113 1683 ἐφεστρίδα
3134 1613 3225 1665 καὶ
3249 1611 3450 1678 ἔνδυμα.

1877 1713 1971 1766 καὶ
2001 1712 2172 1780 αὐτὴν
2199 1709 2343 1781 ζωὴν
2371 1709 2519 1781 παρὰ
2547 1708 2655 1761 τῶν
2695 1706 2792 1777 τῆς
2833 1703 3272 1774 γυναικωνίτιδος
3301 1703 3452 1772 ἔχον-

1877 1822 1998 1868 τας,
2028 1804 2225 1866 αὐτοὺς
2273 1802 2331 1856 δὲ
2363 1800 2734 1867 πολεμοῦντας
2785 1799 2854 1852 τὰ
2901 1798 3010 1851 τῶν
3051 1797 3226 1850 ἄλλων
3277 1795 3448 1864 ἔχειν,

1881 1895 2048 1966 μηδὲν
2080 1891 2689 1962 πολυπραγμονοῦντας.
2727 1889 2811 1961 [Ρ.
2848 1889 2977 1960 257]
3021 1887 3202 1942 Ταῦτα
3236 1887 3332 1940 τοῦ
3365 1903 3450 1940 νοο

1882 1986 2107 2056 μοθέτου
2136 1985 2495 2053 Τζιγκίσκανι
2532 1981 2647 2054 (νῦν
2670 1982 2778 2060 γὰρ
2807 1977 3156 2050 ἀνεμνήσθην
3188 1977 3448 2047 τοῦνομα*

1881 2079 2109 2146 Τζιγκὶς
2142 2079 2251 2150 γὰρ
2283 2078 2342 2131 τὸ
2388 2077 2576 2146 ὄνομα,
2640 2077 2668 2128 ὁ
2715 2074 2771 2128 δὲ
2825 2074 2996 2135 Κανις
3055 2069 3331 2141 βασιλεὺς)
3384 2068 3454 2120 τὰ

1881 2169 2317 2241 παραγγέλματα
2351 2171 2407 2221 ἐν
2441 2165 2673 2235 ἀσφαλεῖ
2713 2164 2928 2234 ἔχοντες
2975 2160 3238 2229 ἀλήθειάν
3285 2177 3345 2213 τε
3395 2161 3454 2211 ὲν

1879 2261 2058 2330 λόγοις
2090 2261 2316 2314 ἀσκοῦσι
2347 2258 2442 2312 καὶ
2475 2257 2821 2326 δικαιοσύνην
2861 2257 2917 2308 ὲν
2949 2253 3203 2319 πράξεσι,
3252 2253 3312 2305 τὸ
3355 2252 3454 2321 μὲν

1881 2353 2157 2423 ἐλευθερίᾳ
2199 2352 2476 2422 προσῆκον
2517 2349 2719 2419 ψυχῆς,
2743 2348 2804 2400 τὸ
2847 2348 2894 2400 δ’
2921 2347 3176 2415 εὐθύτητι
3205 2345 3452 2413 γνώμης,

1881 2446 1954 2509 ὡς
1981 2443 2390 2514 ἀνεξαπάτητοι-ι
2429 2443 2527 2512 μὲν
2556 2438 2695 2494 εἶναι
2727 2435 2807 2502 οἷς
2837 2439 2900 2492 ἂν
2933 2439 3118 2493 ἀκούοι
3150 2455 3231 2498 τις
3267 2437 3454 2506 ἐτέρου

1881 2535 2149 2605 λέγοντος,
2200 2534 2649 2589 ἀνεπιϐούλευτον
2702 2532 2759 2586 δὲ
2806 2530 2888 2594 οἷς
2937 2532 3170 2601 πράττοι
3221 2529 3286 2582 ἂν
3322 2527 3456 2597 πρὸς

1884 2631 2090 2682 ἐκεῖνον
2120 2627 2326 2697 ἕτερος.
2374 2627 2537 2680 Ἀλλὰ
2568 2627 2751 2692 Νογᾶν
2795 2623 2893 2694 μὲν
2921 2623 3192 2689 κηδεύσας
3237 2623 3263 2674 ὁ
3299 2621 3456 2690 βασι-

1882 2720 2008 2782 λεὺς
2047 2719 2321 2784 τηνικάδε,
2369 2718 2457 2770 τὸν
2508 2719 2730 2770 ἐκείνων
2773 2717 3032 2786 ἄρχοντα,
3087 2717 3318 2782 πέμπων
3359 2714 3464 2765 οὐκ

1884 2813 2021 2866 ἀνίει
2074 2812 2320 2876 πλεῖστα,
2353 2810 2452 2862 ὅσα
2497 2825 2556 2861 τε
2592 2808 2724 2879 πρὸς
2776 2808 3091 2877 ἐνδυμάτων
3135 2805 3334 2875 χρῆσιν
3366 2804 3459 2857 καὶ

1885 3007 2076 3048 iacere
2132 2996 2471 3060 segmentum
2563 2987 2702 3042 forte
2781 2987 3053 3056 abjectum
3133 2983 3456 3048 occurrerit,

1885 3085 2160 3140 sublatum
2191 3083 2371 3138 statim
2405 3079 2564 3144 vesti,
2595 3095 2699 3149 qua
2735 3081 2954 3149 tegitur,
2990 3079 3216 3141 assuito,
3244 3077 3458 3132 etiamsi

1891 3180 2032 3234 bona
2066 3177 2137 3232 sit
2165 3190 2267 3232 nec
2295 3183 2443 3230 sarto
2474 3183 2648 3245 egeat.
2677 3173 2941 3228 Nimirum
2969 3173 3072 3227 hoc
3099 3172 3234 3226 citra
3265 3185 3455 3226 neces-

1887 3273 2107 3326 sitatem
2143 3267 2255 3324 fieri
2281 3268 2479 3336 jubens
2505 3267 2556 3321 id
2590 3267 2799 3336 agebat,
2835 3272 2914 3332 ut,
2953 3279 3077 3320 cum
3130 3278 3267 3334 opus
3296 3263 3456 3329 foret,

1815 3365 1857 3423 C
1891 3361 2174 3416 neminem
2194 3360 2424 3430 puderet
2453 3359 2835 3413 indumentum
2863 3371 3025 3410 ritanu
3054 3371 3150 3410 sua
3183 3354 3459 3424 proprium

1891 3456 2094 3510 sarcire
2142 3463 2197 3508 ct
2251 3452 2645 3509 consarcinatis
2701 3466 2796 3520 per
2858 3459 3229 3504 veteramenta
3303 3450 3463 3504 novis

1890 3563 2073 3605 assuza
2126 3553 2320 3618 pannis
2377 3547 2565 3602 vestiri
2607 3545 2952 3601 centonibus.
3005 3543 3174 3600 Porro
3205 3544 3290 3597 bis
3323 3558 3462 3613 pra:-

1890 3643 2282 3712 Si'l‘lpllOlllbUS
2315 3641 2957 3710 sperabatassecuturum
2975 3653 3035 3694 se
3061 3647 3122 3692 ut
3141 3639 3222 3692 sui
3255 3653 3464 3692 summa

1890 3736 2014 3787 vita:
2044 3735 2336 3786 securitate
2364 3732 2698 3794 fruerentur,
2732 3728 3124 3799 expeditosque
3153 3728 3220 3781 ad
3274 3736 3462 3781 nutum

1892 3821 2051 3893 347
2084 3821 2310 3875 haberet
2338 3835 2555 3890 semper
2580 3834 2794 3882 omnes,
2843 3819 2988 3872 nulla
3030 3819 3236 3888 uspiam
3266 3818 3471 3872 sollici-

1893 3917 2079 3970 tudine
2132 3914 2338 3979 allixos,
2392 3913 2591 3983 quippe
2621 3912 2819 3982 quibus
2870 3912 3088 3974 sarissa,
3123 3911 3464 3982 ephippium,

1890 4012 2060 4065 vestis
2091 4016 2144 4061 et
2173 4007 2450 4064 alimenta.
2481 4004 2678 4075 quibus
2716 4003 2841 4058 unis
2894 4003 3148 4074 egebant,
3207 4000 3466 4056 muliebri

1893 4100 2196 4155 ministerio
2225 4107 2419 4152 cuncta
2445 4111 2476 4151 e
2506 4111 2758 4167 gynaeceo
2811 4095 3312 4165 suppeditarentur.
3364 4091 3468 4162 ipsi

1894 4189 1972 4243 rei
2046 4188 2254 4243 bellicae
2318 4187 2412 4241 uni
2469 4195 2726 4240 vacarent
2785 4183 3194 4254 spoliandispte
3253 4181 3466 4245 alienis,

1895 4280 2034 4338 nihil
2065 4290 2326 4348 praeterea
2360 4277 2565 4348 negotii
2597 4276 2886 4343 habentes,
2918 4285 3008 4329 aut
3034 4274 3251 4329 curiose
3286 4272 3470 4341 inqui-

1894 4387 2079 4447 rentes
2105 4375 2237 4447 quid
2299 4373 2544 4427 futurum
2597 4380 2763 4426 esset.
2826 4369 3039 4423 Talium
3075 4377 3266 4421 auctor
3291 4365 3470 4434 legum

1895 4443 2269 4525 'i‘zinciscanis
2304 4467 2427 4520 fuit.
2457 4465 2592 4518 Nam
2621 4479 2744 4518 cum
2776 4461 3234 4532 proprionominc
3253 4458 3472 4512 'l‘zincis

1897 4564 1988 4619 hic
2044 4563 2130 4617 vir
2156 4570 2466 4622 vocaretur,
2501 4557 2668 4613 Canis
2704 4555 3056 4619 vocabulum,
3113 4553 3254 4624 quod
3288 4565 3471 4620 regem

1901 4665 2080 4720 sonat,
2111 4654 2231 4723 eius
2257 4655 2484 4724 privatae
2525 4649 2844 4720 adiunctum
2901 4645 3252 4717 appellationi
3311 4641 3474 4695 Tzin-

1903 4749 2139 4808 ciscanis
2165 4761 2364 4804 nomen
2388 4743 2578 4809 efficit,
2617 4757 2768 4796 nunc
2800 4737 3075 4794 memoriae
3127 4734 3472 4791 commodum

217 4842 465 4888 utuntor.
511 4831 716 4886 Uxores
766 4848 791 4884 s
819 4831 929 4885 mul
982 4832 1240 4901 plurimas
1278 4831 1555 4898 habento;
1615 4839 1669 4884 et
1715 4831 1801 4886 his
1901 4857 2242 4900 occurrens;
2278 4855 2402 4894 nam
2435 4854 2560 4894 cum
2589 4851 2750 4908 agere
2778 4833 2846 4889 de
2873 4835 2976 4888 hoc
3007 4831 3170 4900 cmpi,
3224 4827 3467 4883 nondum

216 4940 411 4979 curam
470 4925 834 4993 parandarum
887 4939 1066 4977 rerum
1095 4923 1162 4977 ad
1200 4924 1402 4976 victum
1428 4923 1797 4992 vestitumque

218 5017 440 5071 ut-lium
500 5017 837 5070 mandante:
897 5017 1022 5070 inde
1055 5016 1556 5085 multiplicationem
1600 5017 1798 5086 gentis,

219 5115 464 5190 indidem
543 5115 973 5169 necessariorum
1047 5112 1439 5169 abundantiam
1517 5120 1795 5166 nacturos.

219 5207 560 5262 Praediorum
649 5221 712 5262 ac
794 5206 896 5260 soli
965 5205 1341 5276 possessiones
1417 5213 1798 5273 aspernantor.

222 5300 584 5356 Fabricandis
651 5299 900 5353 domibus
928 5313 1038 5353 non
1079 5299 1431 5353 immorantur
1459 5315 1473 5351 :
1507 5297 1672 5351 vitam
1706 5296 1801 5351 de-

225 5391 505 5448 sultoriam
537 5392 664 5446 binc
692 5391 839 5456 illuc,
881 5405 1207 5461 quocunque
1265 5391 1470 5445 utilitas
1499 5390 1796 5455 vocaverit,

226 5485 443 5551 assidue
485 5482 894 5554 migrabundam
942 5483 1251 5537 adamanto.
1285 5482 1385 5537 Ubi
1418 5483 1572 5537 cibus
1612 5483 1800 5537 defue-

229 5579 316 5641 rit,
352 5585 441 5630 aut
495 5576 685 5644 sagitta
749 5584 806 5629 et
854 5584 1052 5628 venatu
1091 5584 1344 5644 paranto,
1382 5583 1646 5629 autsecla
1673 5574 1798 5644 equi

234 5683 372 5721 vena
394 5682 565 5737 sangu
589 5682 708 5720 nem
739 5676 992 5737 sugunto.
1021 5665 1077 5720 Si
1109 5666 1352 5721 solidiori
1371 5682 1510 5732 opus
1542 5667 1800 5722 alimento
1849 5673 1855 5678 ”

232 5760 322 5822 sit,
369 5758 686 5813 intestinum
719 5759 837 5814 ovis
867 5760 1128 5826 sanguine
1163 5759 1438 5829 oppletum
1470 5761 1571 5814 sub
1601 5759 1793 5830 ephip-

234 5852 380 5922 pium
418 5861 676 5920 ponunto.
732 5850 823 5905 Sic
858 5867 1005 5906 mora
1059 5862 1374 5905 concretum
1405 5858 1461 5904 et
1490 5851 1580 5905 illo
1613 5851 1794 5906 calore

235 5953 442 5999 coctum
469 5944 804 6014 sanguinem,
848 5961 970 5998 cum
1031 5944 1279 5998 vescendi
1321 5944 1646 5999 desiderium
1681 5947 1795 5999 fue-

238 6034 326 6102 rit,
379 6046 625 6092 voranto.
704 6033 1020 6105 Ubicunque
1081 6036 1256 6092 cuivis
1311 6038 1473 6108 patrui
1503 6049 1593 6095 aut
1635 6037 1793 6112 pellis

1899 4944 2125 4990 venerat
2147 4933 2204 4986 in
2235 4939 2499 4987 mentem.
2534 4929 2803 4985 Caeterum
2852 4927 2938 4981 his
2996 4925 3116 4992 ejus
3143 4920 3476 4991 praescriptis

1903 5023 2314 5092 acquiesccntes
2336 5017 2685 5087 contingebat
2708 5015 2842 5070 istos
2865 5013 3095 5082 populos
3124 5009 3474 5065 veracitatem

1903 5118 1957 5170 in
1994 5113 2288 5182 loquendo,
2314 5111 2623 5180 aequitatem
2654 5108 2708 5162 in
2745 5105 2952 5177 agendo
2983 5112 3189 5164 tenere,
3243 5114 3474 5170 quorum

1899 5208 2036 5264 illud
2070 5202 2305 5260 libertati
2339 5201 2509 5257 animi
2554 5199 2830 5262 convenit,
2863 5195 2964 5251 hoc
3003 5192 3316 5249 rectitudini
3361 5206 3477 5244 mo-

1898 5316 2040 5356 rum.
2084 5297 2221 5352 lllud
2271 5310 2463 5352 rursus
2493 5302 2665 5348 tutum
2697 5297 2919 5361 praestat
2956 5287 3268 5341 audientem
3311 5299 3339 5337 a
3369 5284 3478 5337 cir-

1899 5391 2282 5446 cumventione
2322 5386 2667 5442 fraudulenta
2717 5380 3029 5436 mentientis
3083 5377 3216 5433 socii
3248 5395 3261 5431 :
3293 5377 3398 5430 hoc
3442 5390 3475 5428 α

1901 5485 2111 5540 cunctis
2132 5495 2400 5552 quemque
2423 5477 2689 5532 insidiose
2709 5473 3072 5545 grassantium
3098 5469 3238 5524 dolis
3257 5468 3472 5522 liberat.

1903 5575 2077 5644 Hujus
2105 5572 2279 5643 gentis
2314 5569 2617 5641 principem
2677 5577 2805 5622 tunc
2863 5564 3069 5635 Nogam
3121 5562 3221 5617 sibi
3275 5561 3477 5616 findere

1899 5665 2250 5720 conciliatum
2286 5662 2584 5731 imperator
2615 5674 2738 5714 cum
2800 5657 2984 5712 missis
3016 5655 3222 5709 affatim
3254 5653 3478 5708 luxnria:

1901 5765 2155 5814 nostratis
2206 5755 2581 5811 instrumentis
2641 5753 2709 5808 ad
2764 5751 2990 5808 delicias
3047 5749 3281 5803 Romani
3345 5763 3473 5801 usus

1900 5854 2175 5914 invitaret,
2236 5848 2519 5904 minimum
2584 5844 2834 5917 profecit,
2897 5843 3040 5914 quod
3073 5843 3137 5898 ad
3191 5841 3475 5898 mollitiem

1901 5944 2116 6012 quidem
2161 5943 2389 5996 vestium
2417 5939 2465 5994 ei
2506 5937 2839 5995 suadendam
2894 5944 3124 6006 spectat.
3158 5932 3290 5988 Nam
3353 5948 3477 5986 cum

1904 6035 2150 6093 ciborum
2188 6033 2234 6090 ci
2267 6031 2521 6104 exquisiti
2562 6039 2754 6106 gustus
2781 6028 2965 6088 olfcrri
2993 6037 3238 6087 curasset
3269 6025 3475 6083 variam
