3964 6588
562 526 668 589 799

1777 524 2104 594 GEORGII
2146 528 2629 594 PACHYMERE

3704 521 3799 586 800

555 640 656 693 ὅσα
689 636 828 709 πρὸς
857 636 1072 709 τροφῶν
1102 636 1401 707 ποικιλίαν,
1438 637 1575 713 πρὸς
1602 637 1659 694 δὲ
1693 638 1790 703 καὶ
1824 639 2134 713 ἀνθοσμιῶν
2164 645 2209 705 Α
2234 640 2356 710 λείᾳ
2381 638 2691 710 προσέχων.
2721 634 2925 691 Τοῦτον
2969 631 3266 704 τοιγαροῦν
3291 631 3446 703 ἔχων
3487 628 3518 681 ό
3569 629 3798 702 βασιλεὺς

555 729 713 782 οίνων
745 727 871 791 δλας
909 727 1180 793 πιθάκνας
1224 727 1701 801 φιλοτιμούμενος.
1743 725 1807 784 '0
1838 728 1898 782 δὲ
1928 731 1998 783 τά
2031 729 2131 801 μὲν

556 820 638 882 είς
662 818 861 891 βρῶσιν
893 821 986 873 καὶ
1021 820 1190 874 πᾶσιν
1241 820 1429 892 μαθὼν
1456 821 1648 892 ἠγάπα
1688 820 2005 891 λαμϐάνων,
2036 821 2133 876 καὶ

555 912 759 982 χρυσὸν
794 913 850 966 δὲ
884 916 979 967 καὶ
1011 914 1254 984 ἄργυρον
1303 916 1360 969 ἑν
1395 914 1688 986 ἐκπώμασι
1737 913 2131 986 προσεδέχετο·

554 1005 624 1057 τὰ
662 1004 718 1057 δὲ
747 1005 970 1058 ποικίλα
1014 1006 1047 1077 ἢ
1100 1008 1236 1076 πρὸς
1264 1006 1582 1077 καλύπτρας
1613 1007 1646 1080 ἢ
1683 1004 1821 1076 ,πρὸς
1858 1006 2133 1074 ἀνδύματα

558 1098 949 1168 (ἐφιλοτιμεῖτο
972 1100 1081 1171 γὰρ
1102 1101 1196 1155 καὶ
1225 1100 1393 1155 ταῦτα
1418 1098 1908 1172 προσαποστέλλων
1931 1101 1960 1154 ὁ
1982 1097 2135 1170 βασι-

555 1189 704 1260 λεὺς)
737 1189 1023 1262 ἀρώμενος
1045 1193 1167 1257 ταῖς
1193 1194 1381 1263 χερσὶν
1405 1188 1662 1263 ἀνηρώτα
1692 1192 1782 1246 τὸν
1810 1190 2135 1261 διακομισά-

558 1299 740 1351 μενον,
769 1284 818 1336 εί
863 1283 1190 1354 χρησιμεύοι
1222 1282 1359 1354 πρὸς
1397 1284 1641 1352 κεφαλὴν
1675 1283 1769 1337 ἐπὶ
1814 1282 1892 1354 τῷ
1935 1282 2135 1337 ἄπονον

557 1370 700 1427 εἶναι
726 1373 819 1427 καὶ
845 1374 1146 1443 ἀνάλγητον
1174 1375 1206 1444 ἡ
1233 1373 1543 1444 καλύπτρα,
1575 1374 1623 1432 εί
1645 1375 1673 1427 ὁ
1706 1371 2135 1442 ἑπανεσπαρμέ-

556 1483 645 1531 νος
682 1466 966 1536 μάργαρος
1000 1466 1231 1536 ἀμύνειν
1274 1465 1387 1537 ἔχοι
1417 1465 1590 1539 ταύτῃ
1615 1465 1715 1530 τὰς
1752 1464 2061 1537 ἀστραπὰς,
2087 1463 2137 1518 εί

557 1559 637 1622 εἰς
664 1556 902 1631 βροντῶν
929 1557 1189 1623 κτύπους,
1218 1558 1360 1613 ὥστε
1392 1559 1467 1632 μὴ
1494 1559 1862 1630 ἐμϐρόντητον
1888 1556 2138 1627 γίνεσθαι

559 1650 653 1702 τὸν
687 1649 979 1720 φοροῦντα,
1010 1650 1039 1702 ὁ
1065 1648 1213 1714 λίθος
1261 1650 1603 1721 συναίροιτο,
1647 1651 1697 1703 εί
1748 1651 1818 1707 τὰ
1868 1646 2138 1719 πολυτελῆ

559 1737 719 1799 αὖθις
746 1740 1020 1812 ἐνδύματα
1052 1742 1131 1805 εἰς
1166 1741 1397 1801 ἀπονίαν
1433 1742 1613 1812 μελῶν
1656 1741 2042 1814 συλλαμϐάνοι.
2074 1742 2138 1795 Ei

562 1831 665 1900 μὲν
700 1832 801 1886 οὐκ
849 1832 1060 1900 ἔλεγον,
1095 1834 1484 1905 ωρερρίπτει,
1533 1833 1581 1887 εί
1633 1833 1729 1887 καὶ
1780 1833 2021 1899 ὲνδυθεὶς
2050 1832 2139 1889 ἐπ’

557 1924 736 1994 ὀλίγον
771 1925 894 1979 ὅσον
919 1925 1018 1989 τὰς
1051 1925 1232 1995 φιλίας
1261 1926 1694 1996 ἀφοσιώσασθαι,
1727 1926 2137 1999 άπεκδυόμενος

559 2018 879 2088 παραυτίκα
907 2017 1280 2090 μετελάμϐανε
1313 2021 1485 2091 κυνῆν
1511 2019 1545 2095 ἢ
1576 2018 1853 2091 προϐατῆν
1882 2019 1982 2089 τὴν
2010 2036 2135 2074 συν-

558 2110 688 2181 ήθη,
724 2110 818 2169 καὶ
848 2112 1030 2181 φορῶν
1058 2109 1353 2182 ὲκυδροῦτο
1391 2111 1556 2165 πλέον
1589 2111 1622 2184 ἢ
1660 2111 1785 2165 ὅσον
1817 2114 1935 2176 ταῖς
1969 2112 2137 2166 πολυ-

557 2203 738 2259 τελέσι
772 2202 1008 2264 στολαῖς.
1052 2203 1329 2266 Ὡσαύτως
1361 2203 1455 2256 καὶ
1502 2205 1597 2259 ἐπὶ
1641 2207 1761 2269 ταῖς
1793 2203 2140 2278 καλύπτραις

557 2294 757 2359 ἐποίει,
789 2294 891 2365 τὴν
938 2293 1074 2365 πρὸς
1108 2295 1306 2365 χρῆσιν
1339 2294 1645 2364 ἀναγκαίαν
1690 2295 1797 2349 τῶν
1841 2295 2135 2371 περιττῶν,

559 2386 664 2439 κᾶν
691 2381 761 2456 ἦν
782 2386 890 2440 τῶν
916 2385 1248 2447 πολυτελῶν,
1275 2384 1724 2458 ἀνθαιρούμενος.
1762 2387 1825 2441 Ei
1855 2386 1902 2441 δ’
1930 2389 2137 2451 ἐκεῖνος

559 2476 926 2549 πλαττόμενος
957 2476 1144 2551 ὄνησιν
1196 2477 1389 2548 φέρειν
1436 2477 1591 2548 ἔλεγε
1646 2476 1726 2550 τῷ
1777 2478 2035 2548 φοροῦντι
2080 2479 2140 2535 τδ

559 2567 766 2638 κτέρας
792 2567 893 2641 τὴν
939 2568 1155 2623 οίανοῦν
1190 2585 1249 2621 τε
1300 2569 1394 2622 καὶ
1435 2569 1800 2641 ὁπουδήποτε,
1836 2568 2000 2633 εὐθὺς
2047 2587 2141 2623 πι-

561 2657 772 2714 στεύων
800 2660 1012 2732 ὲφόρει,
1034 2660 1097 2714 ού
1127 2659 1296 2726 λίθοις
1338 2661 1460 2717 οὐδὲ
1494 2663 1825 2734 μαργάροις,
1852 2659 1970 2717 ἀλλ’
1996 2662 2142 2734 ὠφε-

2236 731 2453 801 ἒτοιμον
2478 730 2573 785 τοῦ
2620 727 3037 783 Κωνσταντίνου
3080 721 3566 797 καταδραμείσθαι
3599 722 3689 777 καὶ
3714 724 3798 798 τὴν

2232 824 2443 887 ¹ἐκείνου
2475 820 2759 876 σκυλεύειν
2789 823 3000 891 χώραν,
3033 820 3082 873 εί
3108 820 3220 879 τοῖς
3244 816 3337 870 τοῦ
3388 815 3657 886 βασιλέως
3676 816 3801 875 ἐκεῖ-

2234 933 2324 981 νος
2351 915 2515 975 ἐπίοι.
2552 914 2612 968 ού
2645 911 3031 984 Μεσεμδρείας
3068 912 3228 981 μόνον
3262 907 3518 982 στερρῶς
3546 907 3799 979 ἀντείχετο

2235 1006 2330 1059 καὶ
2355 1006 2452 1077 τῆς
2493 1003 2801 1076 Ἀγχιάλου,
2843 1002 2980 1056 ἀλλὰ
3006 1004 3100 1055 καὶ
3149 998 3471 1067 Σωζόπολιν
3517 997 3611 1050 καὶ
3656 997 3798 1067 ⁹Λγα--

2236 1094 2514 1150 Θιούπολιν
2552 1095 2645 1148 καὶ
2697 1092 3069 1163 Κανστρίτζιν
3099 1092 3193 1147 καὶ
3220 1090 3337 1147 ἀλλ’
3387 1091 3530 1145 ἄττα
3567 1088 3799 1161 φρούρια,

2237 1186 2382 1258 ἅπερ
2411 1168 2461 1240 οἱ
2484 1183 2579 1239 τοῦ
2613 1182 2879 1256 βασιλέως
2910 1182 3421 1251 ἐπισκευασάμενοι
3448 1181 3803 1251 προσεκτῶντο

2234 1276 2314 1348 τῷ
2352 1275 2583 1345 βασιλεῖ,
2617 1275 2711 1329 καὶ
2735 1274 2859 1329 λίαν
2882 1275 2942 1329 ἑν
2982 1277 3167 1347 χεροῖν
3202 1270 3343 1347 εἶχε,
3389 1271 3532 1345 μηδὲ
3563 1273 3801 1345 φρουρίου

2239 1369 2400 1425 σκιὰν
2430 1369 2778 1439 προϊέμενος.
2803 1366 3194 1439 Μεσέμδρειάν
3220 1364 3332 1436 γὰρ
3368 1366 3468 1418 καὶ
3514 1365 3579 1418 ὲκ
3619 1363 3801 1419 δικαίου

2239 1460 2409 1515 πάλαι
2447 1438 2568 1517 ποτ’
2598 1454 2732 1532 εἶχε,
2762 1438 2942 1513 λαδὼν
2960 1438 3126 1529 ⁴παρά
3155 1456 3248 1511 τοῦ
3275 1456 3505 1527 Morti}.

2239 1570 2301 1628 ε’.
2343 1572 2419 1628 Τὰ
2444 1571 2578 1642 περὶ
2608 1571 2716 1628 τοῦ
2744 1571 2885 1642 τοὺς
2914 1572 3174 1642 Σέρὸξους
3216 1568 3455 1642 κήδους
3484 1568 3618 1642 ,τοῦ
3646 1569 3801 1642 ,ϐασι-

2308 1642 2481 1708 λέως,
2516 1638 2619 1697 'xal
2650 1642 2746 1712 διὰ
2778 1640 2965 1696 ταῦτα
2987 1638 3110 1712 ⁷τῆς
3139 1640 3247 1696 τοῦ
3269 1638 3647 1711 πατριάρχου
3692 1641 3800 1697 ἐπι-

2309 1713 2526 1782 δημίας
2556 1711 2776 1768 ἐκεῖσε.

2322 1825 2383 1882 ‘0
2405 1827 2462 1884 δὲ
2492 1828 2717 1900 Μυτζῆς
2784 1819 2957 1892 οὗτος,
2996 1824 3062 1900 [Ρ
3091 1825 3223 1901 258]
3249 1825 3320 1879 ἵν’
3353 1822 3710 1880 ιπαναλαϐὼν
3730 1823 3802 1877 εὖ·

2247 1918 2978 1992 μαθέστερονδιηγήσωμαι,
3018 1917 3269 1991 γαμὸρδς
3288 1918 3395 1989 μὲν
3431 1934 3502 1988 ην
3542 1916 3633 1969 ἐπὶ
3659 1916 3800 1987 θυγα-

2242 2010 2332 2083 τρὶ
2363 2008 2441 2082 τῷ
2473 2008 2661 2077 Ἀσάν,
2698 2008 3053 2083 σύγγαμόρος
3082 2008 3138 2062 δὲ
3175 2007 3463 2077 Θεοδώρου
3497 2003 3592 2059 τοῦ
3616 2004 3800 2061 Atina-

2243 2120 2316 2174 pt.
2356 2103 2518 2159 ’Δσάν
2550 2103 2596 2157 δ’
2623 2095 2779 2166 οὗτος
2808 2098 2876 2172 ἦν
2920 2101 2978 2156 δν
3022 2101 3174 2171 λόγος
3205 2099 3301 2154 καὶ
3363 2096 3591 2171 Ἰωάννῃ
3648 2098 3800 2152 συνελ-

2239 2194 2353 2249 θεῖν
2375 2194 2454 2267 τῷ
2476 2193 2656 2268 Δούκᾳ
2709 2196 2805 2249 καὶ⁸
2836 2193 3067 2266 βασιλεῖ,
3120 2196 3215 2247 καί
3239 2208 3303 2263 γε
3365 2193 3468 2246 σὺν
3521 2190 3702 2260 ἐκείνῳ
3744 2192 3799 2244 τὰ

2241 2286 2382 2338 κατά
2425 2283 2576 2339 δύσιν
2629 2285 2974 2357 ἐπιδραμεῖν,
3028 2282 3350 2353 φιλοκαλίας
3404 2281 3587 2354 πάσης
3633 2279 3797 2351 ἔχοντα

2239 2376 2528 2447 δείγματα.
2574 2376 2665 2441 Ὠς
2692 2375 2823 2444 γοῦν
2845 2359 3052 2440 ἐκεῖνος
3090 2368 3351 2429 ἐτελεύτα
3382 2374 3483 2427 καὶ
3539 2364 3684 2435 οὗτος
3718 2371 3797 2441 τὴν

2241 2467 2417 2538 ἀρχὴν
2442 2466 2657 2538 ἐδέχετο
2687 2465 2798 2520 τῶν
2826 2466 3152 2539 Βουλγάρων
3179 2465 3496 2536 Βούλγαρος
3516 2461 3610 2528 ὢν,
3668 2464 3793 2516 συνέ-

2244 2558 2505 2614 6αινέν-οί
2533 2557 2635 2630 μὲν
2663 2557 3030 2630 προσκρούειν
3055 2558 3149 2612 καὶ
3189 2557 3425 2629 βασιλεῖ,
3459 2556 3535 2621 ὡς
3574 2556 3660 2609 καὶ
3692 2556 3795 2608 πολ-

2241 2649 2399 2715 λάκις
2444 2651 2513 2706 δι’
2569 2649 2769 2722 ἔχθρας
2814 2651 2920 2711 καὶ
2952 2649 3208 2722 πολέμων
3237 2651 3356 2715 τοῖς
3390 2648 3504 2703 τῶν
3541 2646 3791 2719 Ῥωμαίων

559 2836 775 2908 c0piam
807 2837 1029 2908 vinique
1058 2836 1269 2892 odorati
1310 2845 1424 2893 tota
1453 2836 1623 2903 dolia,
1656 2836 1744 2892 his
1775 2836 2001 2908 quidem
2030 2852 2142 2893 non
2246 2831 2409 2887 modo
2444 2831 2789 2890 infestandas
2834 2832 3087 2905 regiones
3120 2831 3357 2902 imperio
3390 2829 3676 2901 subiectas,
3706 2841 3791 2882 non

562 2929 837 2984 illibenter
893 2940 980 2986 est
1037 2945 1193 2989 usus.
1249 2929 1461 2989 Aurum
1511 2930 1641 2986 item
1673 2941 1730 2986 et
1759 2939 2043 3002 argentum
2088 2930 2145 2986 in
2247 2923 2641 2980 Mesembream
2674 2924 2848 2979 solum
2906 2933 2958 2980 et
2994 2921 3320 2979 Anchialum
3361 2936 3591 2978 securus
3634 2930 3790 2995 pacm-

557 3020 711 3076 vasis
737 3021 1055 3094 poculisque
1097 3023 1243 3078 dono
1275 3024 1417 3080 datis
1468 3024 1710 3099 probans
1780 3023 2027 3080 admisit.
2081 3024 2149 3078 At
2248 3032 2371 3072 rum
2402 3017 2681 3073 mordicus
2746 3017 2984 3084 tenebat,
3027 3016 3121 3072 sed
3159 3026 3429 3087 praeterea
3481 3011 3788 3084 Sozopolim,

509 3131 513 3135 ·
560 3113 913 3169 vcrsicoloria
961 3115 1103 3169 varii
1135 3115 1349 3187 generis
1378 3123 1492 3171 tum
1523 3116 1717 3187 capitis
1743 3116 1980 3187 tegmina
2030 3123 2145 3171 tum
2245 3108 2674 3181 Agalhiopolim.
2706 3108 3056 3167 Canslritzim
3088 3120 3143 3165 et
3174 3109 3308 3166 alias
3337 3108 3605 3180 quasdam
3651 3121 3788 3166 arces,

560 3204 930 3261 membrorum
959 3205 1280 3262 indumenta
1329 3214 1676 3275 cancrorum,
1741 3224 1972 3280 quarum
2016 3208 2147 3263 item
2248 3217 2281 3257 a
2312 3202 2545 3260 ducibus
2575 3204 2696 3275 ejus
2750 3204 2929 3263 oblata
2966 3204 3080 3259 usis
3122 3204 3423 3259 occasione
3456 3210 3790 3274 captasiil"ai

562 3309 749 3351 rerum
809 3297 921 3352 vim
1014 3313 1269 3368 magnam
1330 3300 1477 3369 regia
1534 3299 1710 3355 eidem
1770 3299 2146 3356 muniﬁcentia
2173 3317 2217 3387 ς,
2249 3296 2341 3352 ille
2367 3296 2551 3352 omnia
2582 3297 2664 3353 sic
2724 3297 3054 3368 arripuerat,
3090 3304 3151 3354 ut
3192 3306 3386 3353 certus
3417 3296 3681 3352 videretur
3703 3308 3787 3349 non

562 3387 861 3458 imperator
894 3387 1136 3453 miserat,
1190 3388 1325 3456 haec,
1392 3389 1638 3461 inquam,
1692 3392 2143 3463 aspernabuudus

561 3477 729 3552 348
789 3480 845 3534 in
884 3495 1083 3536 manus
1142 3497 1369 3537 sumens
1424 3485 1854 3553 percontabatur
1886 3484 1957 3540 ab
2012 3483 2145 3540 οπο-

562 3578 719 3627 rente
741 3586 809 3626 an
841 3571 894 3626 id
934 3582 1085 3628 certo
1113 3582 1401 3644 praestaret
1454 3574 1629 3633 bellus
1667 3576 1770 3632 iste
1828 3577 2005 3649 pileus
2043 3593 2138 3633 ca-

562 3663 665 3734 piti
695 3664 841 3733 quod
879 3674 1105 3736 tegeret,
1139 3676 1199 3721 ut
1252 3666 1404 3721 nullo
1458 3666 1721 3739 deinceps
1753 3669 1882 3724 mali
1915 3671 2145 3740 appulsu

448 3796 453 3799 -
562 3757 871 3824 laederetur,
936 3757 1147 3813 nullum
1209 3760 1452 3817 dolorem
1506 3763 1877 3830 sentiret;an
1910 3764 2145 3834 inspersi

530 3843 694 3906 'huic
735 3851 969 3906 uniones
1004 3859 1324 3923 exterasque
1370 3853 1593 3909 insertae
1625 3869 1853 3924 gemmae
1882 3853 1993 3910 vim
2047 3856 2144 3911 ha-

562 3940 758 3996 berent
830 3956 1086 3996 arcanam
1154 3944 1465 4013 quampiam
1528 3943 1740 4016 fulgura
1804 3945 2144 4018 fulminaque

564 4032 841 4087 avertendi
870 4016 907 4085 a'
942 4041 1239 4105 gestante;
1272 4041 1458 4088 vestes
1489 4032 1620 4087 item
1659 4032 1766 4088 illa:
1789 4016 2147 4104 speciosae—ac

564 4127 760 4181 molles
789 4142 917 4181 num
977 4128 1222 4183 membra
1251 4145 1373 4199 qua:
1428 4129 1704 4183 ambirent
1733 4128 2056 4185 lassitudine
2089 4128 2144 4184 in

565 4218 753 4273 labore
808 4219 1187 4288 prohiberent.
1253 4220 1390 4275 Tum
1460 4221 1556 4276 illo
1618 4220 1832 4276 scilicet
1893 4228 2143 4292 negante,

566 4310 746 4382 Negas
783 4311 1046 4383 quidquid
1079 4313 1275 4367 horum
1324 4312 1669 4384 interrogans
1694 4313 1953 4384 attigerat
1989 4311 2146 4368 fasti-

569 4403 722 4458 diose
759 4404 1078 4472 rejectabat.
1134 4406 1210 4461 Ac
1268 4421 1578 4477 quanquam
1634 4404 1896 4467 amicitias
1942 4414 2146 4460 mutuae.

567 4494 936 4549 contestandae
975 4511 1135 4550 causa
1170 4511 1332 4550 unam
1366 4513 1398 4553 e
1424 4496 1608 4551 missis
1643 4497 1712 4550 ab
1748 4495 1998 4568 Augusto
2050 4510 2145 4551 ve-

567 4585 744 4640 stibus
784 4586 889 4640 sibi
923 4586 1267 4642 circumdare
1321 4588 1604 4653 sustinuit,
1656 4587 1982 4644 brevissimo
2022 4604 2142 4644 eam

2248 3389 2501 3444 amittere
2526 3389 2595 3445 de
2629 3388 2903 3453 manibus,
2933 3405 2997 3445 ac
3030 3403 3101 3444 ne
3134 3388 3392 3445 umbram
3417 3387 3632 3460 quidem
3657 3384 3789 3440 ullius

2247 3497 2314 3537 ex
2344 3481 2431 3538 bis
2472 3496 2645 3551 nuper
2680 3482 2967 3552 acquisitis
3016 3481 3103 3540 vel
3158 3482 3391 3538 minutae
3417 3478 3786 3538 munitiunculzc

2246 3587 2485 3642 unquam
2548 3571 2714 3645 3&9
2742 3572 2994 3629 reddere.
3055 3572 3194 3628 Nam
3250 3571 3639 3631 Mesembream
3683 3567 3785 3623 olim

2245 3680 2555 3736 possessam
2610 3666 2735 3738 jure
2794 3665 2908 3736 jam
2981 3681 3083 3722 suo
3143 3681 3204 3723 se
3262 3666 3496 3738 putabat
3554 3663 3782 3723 obtinere,

2247 3760 2450 3832 quippe
2504 3759 2609 3816 sibi
2648 3761 2903 3816 donatam
2952 3775 2982 3816 a
3022 3759 3266 3833 legitimo
3305 3766 3443 3817 tunc
3466 3758 3581 3829 ejus
3606 3754 3785 3813 domino

2246 3850 2444 3923 Mytze.

2248 4014 2304 4071 5.
2349 4012 2426 4069 De
2482 4010 2697 4083 Μυῖα,
2738 4019 2788 4066 et
2844 4013 3025 4137 ιιιόἰὲ
3075 4013 3393 4098 imperatori
3457 4009 3780 4068 Merembream

2962 4100 2990 4137 ε
3028 4094 3152 4137 om.
3622 4114 3625 4123 -

2962 4094 3152 4138 ederit.
3622 4114 3625 4123 -

2318 4224 2421 4281 Hic
2451 4240 2616 4296 porro
2641 4224 2862 4295 Mytzes,
2896 4231 2957 4278 ut
3003 4221 3167 4277 altius
3213 4228 3472 4291 repetens
3511 4214 3775 4276 distinctius

2248 4333 2365 4372 rem
2399 4332 2703 4387 exponant,
2761 4331 2931 4387 gener
2964 4324 3084 4369 erat
3117 4313 3314 4369 Asanis
3342 4312 3502 4369 ducta
3530 4311 3640 4380 ejus
3668 4307 3776 4366 ﬁlia,

2246 4408 2406 4480 cujus
2457 4424 2702 4464 sororem
2751 4406 2807 4460 in
2860 4405 3210 4460 matrimonio
3264 4403 3458 4459 habuit
3509 4398 3774 4459 Theodorus

2246 4500 2522 4563 Lascaris,
2552 4499 2668 4570 pari
2688 4499 2856 4553 Asani
2887 4496 3166 4553 alliuitatis
3187 4495 3360 4567 gradu
3386 4494 3647 4550 admotus.
3662 4490 3773 4542 Asan

2247 4603 2429 4648 autem
2460 4593 2550 4650 hic
2581 4601 2685 4656 est,
2730 4607 2892 4661 quem
2942 4588 3173 4645 historia
3216 4588 3380 4643 docet
3427 4582 3609 4641 Joanui
3647 4581 3773 4634 Duce

566 4676 693 4731 tulit
751 4680 953 4748 Spatio,
1002 4678 1270 4734 familiare
1309 4680 1490 4735 statim
1531 4695 1563 4735 e
1621 4679 1817 4735 canina
1846 4680 1932 4735 vel
1981 4680 2143 4736 ovina
2175 4664 2218 4721 θ
2249 4685 2560 4757 imperatori
2599 4684 2809 4741 socium
2841 4682 3038 4747 fuisse,
3069 4681 3392 4753 junctisque
3411 4693 3530 4735 cum
3557 4691 3615 4731 eo
3636 4668 3773 4741 copiis

565 4768 709 4838 pelle
740 4770 1130 4826 vestimentum
1167 4787 1470 4836 resumens,
1507 4786 1574 4827 eo
1615 4785 1676 4826 se
1736 4771 2024 4843 magniﬁce
2050 4789 2142 4828 os-

566 4869 805 4927 tentans,
846 4878 950 4918 nec
1013 4863 1215 4930 minus,
1270 4874 1328 4918 ut
1383 4864 1701 4934 apparebat,
1770 4864 1827 4917 in
1892 4864 1985 4919 illo
2039 4864 2143 4920 sibi

564 4959 728 5022 quam
760 4955 953 5024 quovis
987 4955 1138 5025 regio
1167 4956 1559 5026 paludamento
1610 4954 1847 5025 placens.
1880 4955 1972 5011 Sic
2005 4964 2057 5011 et
2087 4956 2140 5011 in

566 5047 920 5118 operimentis
945 5049 1138 5118 capitis
1194 5047 1342 5113 fecit,
1377 5057 1685 5119 opportuna
1711 5056 1765 5102 et
1802 5048 1904 5103 sibi
1926 5057 2144 5105 assueta

567 5156 683 5211 prae
719 5139 985 5211 speciosis
1039 5139 1406 5209 pretiosisque
1450 5139 1680 5207 eligens.
1746 5137 1904 5206 Quod
1944 5140 1991 5195 si
2048 5139 2142 5210 qui

567 5237 684 5291 haec
712 5235 816 5306 ipsi
843 5234 1097 5289 attulerat
1130 5232 1266 5287 forte
1299 5231 1509 5301 ﬁngens
1543 5232 1920 5301 respondisset
1964 5233 2145 5288 inesse

566 5327 637 5381 iis
700 5341 862 5397 quam
905 5324 1226 5393 requirebat
1281 5323 1390 5378 vim
1449 5321 1653 5378 doloris
1690 5337 1755 5378 ac
1806 5321 2145 5394 fatigationis

567 5420 768 5478 malive
792 5419 970 5474 omnis
1015 5417 1258 5485 arcendi,
1317 5426 1450 5472 tunc
1508 5433 1643 5472 sane
1683 5418 1774 5471 ille
1809 5418 1991 5473 statim
2021 5434 2144 5476 cre-

567 5513 701 5568 dens
732 5522 929 5568 cuncta
986 5511 1255 5567 induisset
1305 5518 1825 5581 perseverantcrque
1855 5519 2141 5581 gestasset,

568 5621 681 5661 non
714 5621 958 5677 gemmas
991 5615 1086 5658 aut
1114 5605 1441 5674 margaritas
1473 5603 1751 5668 videlicet,
1792 5618 1985 5659 verum
2013 5619 2145 5674 pro-

571 5699 801 5755 missam
837 5698 1129 5753 utilitatem
1160 5711 1381 5755 curans.
1418 5695 1589 5750 Istum
1622 5694 1785 5766 igitur
1814 5704 1922 5751 tam
1947 5703 2146 5766 poten-

567 5796 680 5844 tem
736 5789 1041 5860 principem
1072 5788 1280 5843 habens
1332 5795 1582 5858 paratum
1641 5787 1934 5858 imperator
1975 5786 2043 5842 ad
2072 5785 2147 5841 ir-

572 5884 937 5954 rumpendum
976 5884 1029 5937 iu
1064 5882 1393 5954 Bulgariam,
1425 5881 1637 5952 quoties
1661 5882 1789 5936 inde
1821 5873 1879 5937 se
1907 5897 2148 5937 commo-

572 5975 745 6033 vissct
776 5976 1168 6033 Constantinus
1215 5974 1280 6030 ad
1336 5973 1726 6045 dcprzedandas
1759 5982 1851 6031 aut
1894 5990 2142 6045 quoquo-

2244 4779 2553 4841 incursasse
2574 4776 2848 4832 communi
2879 4774 3232 4847 expeditione
3250 4772 3519 4829 Occiduas
3543 4767 3768 4840 regiones;

2244 4887 2437 4943 magna
2465 4871 2642 4925 omnis
2673 4871 2958 4941 elegantiae
3004 4869 3205 4925 indicia
3236 4868 3579 4939 praebentem.
3611 4858 3670 4917 Ut
3692 4872 3770 4911 au-

2247 4973 2353 5020 tem
2391 4964 2601 5020 Joanne
2626 4966 2740 5034 jam
2774 4970 2990 5017 mortuo
3026 4960 3171 5016 Asan
3201 4975 3432 5031 regnum
3466 4956 3766 5026 Bulgarorum

2247 5057 2512 5129 Bulgarus
2541 5065 2663 5112 ortu
2695 5053 2940 5125 accepit,
2979 5052 3209 5124 contigit
3239 5066 3363 5106 eum
3411 5047 3545 5120 apud
3574 5046 3768 5113 impera-

2247 5160 2420 5206 torem
2462 5147 2763 5212 oﬂ'endere,
2822 5144 3189 5201 simultatibus
3244 5143 3299 5198 in
3349 5142 3545 5198 bellum
3593 5142 3766 5206 quoque

2244 5251 2492 5312 apertum
2542 5237 3050 5311 prorumpentibus,
3098 5236 3284 5291 Asane
3329 5250 3436 5289 non
3478 5226 3766 5319 semel.stlas

2246 5311 2433 5405 copias
2481 5330 2741 5387 Romanis
2789 5337 3124 5402 opponente.
3171 5324 3279 5383 Sed
3325 5335 3383 5381 et
3432 5325 3550 5383 item
3582 5311 3764 5411 contigit

2247 5403 2439 5497 parum
2475 5432 2687 5496 gratum
2716 5420 2830 5477 suis
2861 5420 3041 5490 ipsum
3072 5419 3308 5474 evadere
3340 5411 3594 5487 Bnlgaris,
3614 5403 3763 5497 multis

2245 5494 2302 5573 et
2329 5494 2616 5588 praecipuis
2648 5514 2890 5583 ipsorum
2922 5511 2973 5567 ei
3020 5510 3258 5582 graviter
3288 5506 3506 5565 oil'ensis
3550 5494 3762 5588 iniends‘

2244 5583 2374 5679 que.
2393 5583 2553 5664 Unde
2584 5605 2630 5662 is
2658 5605 2713 5661 in
2741 5604 3182 5681 perturbationes
3214 5601 3359 5658 haud
3386 5611 3565 5673 parvas
3585 5583 3756 5684 incidii.

2247 5674 2589 5771 proceribus,
2625 5674 2763 5767 quos
2800 5694 2869 5749 ab
2915 5708 2984 5748 eo
3028 5675 3364 5748 alienaverat
3402 5685 3606 5749 invidia,
3636 5674 3757 5734 incli-

2247 5789 2509 5845 nantibus
2538 5787 2605 5843 ad
2636 5784 3053 5842 Constantinum
3075 5825 3091 5850 ,
3124 5782 3406 5838 dimidium
3451 5772 3638 5854 generis
3666 5774 3753 5820 tra-

2248 5881 2469 5936 hentem
2503 5894 2570 5935 ex
2599 5876 2805 5942 Serbis;
2838 5874 2926 5930 cui
2963 5874 3106 5928 nulla
3137 5889 3262 5927 cum
3290 5874 3465 5928 Asaue
3485 5858 3753 5937 cognatione

2244 5973 2440 6044 juncto
2472 5980 2735 6041 quantum
2785 5968 2851 6026 ad
2904 5966 3219 6039 suﬂragium
3258 5967 3573 6039 principatus
3602 5952 3749 6011 dcorat
