3964 6516
154 268 235 332 801
1063 267 1161 326 DE
1202 264 1601 327 MICHAELE
1640 262 2107 327 PALEOLOGO
2148 268 2291 330 LIB.
2339 269 2402 329 V.

3256 263 3360 325 802

155 384 269 435 ἰέναι
301 378 685 451 στρατεύμασι,
746 379 1025 434 συνέ6αινε
1072 380 1127 434 δὲ
1188 379 1551 450 προσκρούειν
1603 378 1699 431 καὶ
1729 377 1775 436 Δ
1804 384 2084 450 περιποιεῖ
2110 386 2220 445 τοῖς
2266 385 2576 454 Ῥωμαίοις,
2601 384 2691 438 τὸν
2718 382 2774 436 δέ
2824 400 2886 450 γε
2917 378 3139 452 Μυτζῆν
3167 380 3253 434 διὰ
3288 382 3382 435 τοῦ

153 475 337 534 πολλοῖς
392 475 504 543 ἅμα
566 474 659 528 καὶ
717 477 1001 544 μεγιστᾶσι
1056 474 1163 527 τῶν
1216 474 1542 544 Βουλγάρων
1598 474 1693 525 καὶ
1787 473 1967 542 Αἵμου
2002 475 2140 543 πεζῇ
2173 475 2294 542 ἄγει
2332 476 2465 541 πρὸς
2506 475 2750 545 βασιλέα.
2807 475 2911 527 Τὴν
2940 474 2995 526 δὲ
3049 475 3141 526 καὶ
3170 473 3383 541 δέχεται

150 568 386 635 ταραχαῖς
412 567 469 618 ού
508 567 909 635 προσηκούσαις
939 567 1252 637 ἐμπίπτειν.
1278 565 1443 619 Ταῦτ’
1470 565 1578 636 ἄρα
1602 562 1697 616 καὶ

149 660 296 727 τούτῳ
348 658 788 726 διαφθονούμενοι
860 660 992 729 πρὸς
1052 659 1142 711 τὸν
1193 660 1606 712 Κωνσταντῖνον
1633 658 1697 709 ὲκ

150 750 335 817 Σέρσων
366 749 421 811 ἐξ
450 749 711 817 ἡμισείας
735 752 794 802 τδ
828 750 984 817 γένος
1042 750 1233 819 ἔχοντα
1288 748 1694 802 ἀποκλίνουσιν.

142 844 287 895 ,Ὅσον
314 836 399 893 οὖν
426 840 674 893 ὲνέλιπέν
703 842 752 893 οί
781 841 913 911 πρὸς
949 841 1046 908 τὴν
1091 840 1269 909 ἀρχὴν
1315 841 1375 891 ὲκ
1432 838 1693 908 σφετέρου

150 935 327 1001 γένους,
362 932 530 1001 μηδὲν
564 934 641 1005 τῷ
684 935 849 986 Ἀσάν
882 934 1196 1003 προσήκων,
1227 934 1324 1001 τὴν
1363 933 1571 984 ἐκείνου
1607 934 1730 984 ἔκη’

149 1026 283 1093 γὸνην
312 1023 488 1074 λαὸὼν
520 1028 598 1086 εἰς
623 1028 854 1092 γυναῖκα.
896 1024 989 1076 τοῦ
1061 1024 1306 1077 Ἰωάννου
1357 1023 1697 1092 πέμψαντος,

150 1117 346 1171 ἐπ’ίσων
367 1110 479 1184 εἶχε
512 1116 573 1167 τὸ
600 1118 731 1185 πρὸς
751 1117 847 1185 τὴν
872 1116 965 1169 τοῦ
994 1117 1161 1169 Ἀσὰν
1184 1114 1465 1186 βασιλείαν
1487 1114 1693 1167 δίκαιον

147 1208 332 1277 Μυτζῇο
365 1210 619 1269 κάκεῖνος
656 1210 753 1277 μὲν
776 1210 875 1277 τὴν
900 1210 1167 1280 Τέρνογον
1191 1202 1326 1277 εἶχε,
1363 1208 1454 1260 καὶ
1504 1207 1569 1259 τά
1601 1208 1696 1272 τῆς

149 1298 387 1370 βασιλείας
412 1300 544 1367 κλὲη
582 1301 879 1369 ἔπειρέρετο
903 1301 1336 1370 μεγαλοπρεπῶς
1360 1317 1372 1329 ·
1405 1301 1431 1351 ὁ
1460 1298 1514 1351 δὲ
1546 1299 1697 1351 Μυτ-

148 1397 225 1461 gi;
252 1393 311 1445 τὰ
343 1394 526 1461 κύκλῳ
557 1394 903 1462 περικρατῶν
935 1394 1061 1446 ποτὲ
1102 1396 1198 1463 μὲν
1230 1394 1449 1462 ἠρκεῖτο
1477 1392 1707 1454 τούτοιςΔ

145 1492 218 1539 καὶ
272 1484 639 1554 καθησύχαζε,
681 1486 809 1538 ποτὲ
858 1486 901 1538 δ’
959 1482 1112 1547 αὖθις
1144 1487 1236 1539 καὶ
1277 1485 1698 1553 ἀντεφιλονείκει

146 1576 258 1644 πρὸς
284 1576 713 1640 Κωνσταντίνον,
743 1575 798 1627 ὃν
820 1576 913 1628 καί
944 1593 1072 1627 ποτε
1123 1575 1330 1628 διώκων
1377 1577 1699 1628 ἀπέκλεισεν

145 1671 207 1729 εἰς
254 1665 580 1736 Σθενίμαχον
641 1669 905 1738 ἡμέτερον
958 1667 1036 1720 δν.
1103 1669 1210 1720 Καὶ
1242 1672 1288 1720 εἰ
1338 1668 1411 1737 μὴ
1445 1669 1562 1729 ταῖς
1590 1668 1696 1719 τῶν

1800 564 2060 635 πρόφρων
2089 567 2181 618 καὶ
2215 569 2519 635 παρηγορεῖ
2551 566 2814 636 εὐμενῶς,
2850 567 2940 617 καὶ
2972 565 3107 633 πρὸς
3130 558 3207 632 τῷ
3241 563 3380 616 Σκα-

1803 655 2020 725 μάνδρῳ
2049 656 2419 725 ἀποχρώντως
2458 657 2976 726 προμηθευσάμενος
3029 654 3206 708 ὲκεῖσέ
3274 673 3378 707 που

1801 747 1898 799 σὺν
1930 751 2041 809 τοῖς
2066 750 2272 807 τέκνοις
2296 753 2650 814 κατασκηνοί,
2711 751 2983 815 συνθήκας
3037 747 3169 817 πρὸς
3219 745 3381 799 αὐτὸν

1800 841 2165 908 ποιησάμενος
2207 838 2345 893 ὥστε
2371 840 2585 893 καὶτὸν
2630 839 2933 911 πρώτιστον
2974 839 3086 892 υἱὸν
3130 838 3382 908 Ἰωάννην

1800 935 2143 1001 συναρμόσαι
2184 930 2247 1006 τῇ
2287 932 2541 1003 Θυγατρί.

1799 1044 1866 1110 ζ’.
1925 1046 1999 1099 Τὰ
2033 1047 2164 1114 περὶ
2202 1047 2270 1099 τὸ
2322 1046 2670 1114 Δυρράχιον,
2704 1047 2801 1101 καὶ
2854 1047 2958 1102 τοῦ
2988 1045 3246 1116 σεισμοῦ
3278 1043 3381 1099 τοῦ

2292 1117 2419 1169 ἐκεῖ
2440 1117 2887 1186 ἐνσκήψαντος.

1882 1206 2043 1279 Ἀλλὰ
2070 1208 2131 1277 τῇ
2168 1208 2265 1278 μὲν
2319 1211 2599 1279 πρωτίστη
2658 1209 2765 1261 τῶν
2812 1209 3127 1279 Θυγατέρων
3177 1206 3382 1278 Εἰρήνῃ

1799 1297 1943 1350 οὕτω
1980 1300 2231 1368 προῦνόει
2257 1300 2363 1352 τῶν
2396 1302 2608 1369 γάμων,
2630 1300 2728 1369 τὴν
2778 1302 2831 1352 δέ
2862 1318 2922 1369 γε
2955 1302 3214 1368 δευτέραν
3261 1299 3385 1349 ’Λν-

1801 1408 1897 1445 ναν
1924 1393 2109 1462 ᾑρεῖτο
2139 1393 2380 1458 πέμπειν
2409 1392 2484 1459 τῷ
2520 1392 2619 1461 υἱῷ
2643 1393 2944 1463 Μηλωτίνῳ
2984 1395 3032 1463 (ὁ
3086 1393 3193 1462 γὰρ
3232 1394 3385 1466 ὁμω-

1803 1484 1988 1552 νυμῶν
2018 1483 2094 1553 τῷ
2130 1486 2294 1554 πατρὶ
2327 1492 2418 1536 καὶ
2454 1486 2664 1552 πρῶτος
2699 1485 2775 1554 τῷ
2826 1487 2954 1556 mi
2998 1487 3251 1550 Παιονίας
3302 1490 3381 1549 εἰς

1802 1573 2074 1644 Θυγατὲρα
2100 1576 2501 1645 γεγάμϐρευτο)
2530 1580 2605 1637 εἰς
2628 1578 2802 1647 γάμον
2828 1579 3143 1633 συνάπτειν.
3176 1580 3281 1632 Καὶ
3313 1581 3377 1651 δὴ

1800 1666 1911 1717 τῶν
1949 1666 2081 1736 πρὸς
2105 1667 2366 1738 ἀλλήλους
2395 1669 2689 1721 συνθεσιῶν
2718 1670 2923 1723 στέλλει
2963 1670 3059 1739 μὲν
3098 1673 3174 1734 είς
3212 1690 3383 1743 πρεσ-

154 1759 408 1828 Ῥωμαίων
434 1759 733 1829 δυνάμεσιν
766 1764 1036 1832 ἐχρήσατο
1062 1762 1194 1831 πρὸς
1247 1760 1521 1832 βοήθειαν,
1574 1760 1694 1830 τάχ’
1729 1742 1765 1796 Π
1801 1758 1950 1812 6είαν
1982 1761 2072 1811 τὸν
2098 1760 2378 1830 ίεράρχην,
2414 1764 2788 1831 συνεκπέμπει
2838 1763 2894 1816 δὲ
2924 1765 3015 1816 καὶ
3059 1762 3157 1833 τὴν
3213 1742 3381 1836 κέερην

144 1852 304 1905 ἄνκαὶ
349 1852 510 1914 ἁλοὺς
570 1852 835 1906 ἀπώλετο.
914 1852 1055 1904 Ἀλλ’
1101 1857 1134 1925 ή
1193 1853 1327 1923 τύχη
1391 1853 1543 1921 ῥέπει
1596 1852 1695 1915 τὰς

147 1945 474 2013 πλάστιγγας,
517 1946 615 1997 καὶ
646 1944 987 2012 δυναμωθεὶς
1011 1944 1164 2009 αὖθις
1213 1947 1239 1997 ὁ
1287 1946 1694 2009 Κωνσταντῖνος

144 2042 218 2088 τὸν
248 2036 461 2103 Μυτζῆν
517 2037 708 2089 διώκει
734 2037 1200 2108 θαρραλεώτερον.
1272 2038 1330 2089 Ὀ
1364 2036 1419 2090 δὲ
1458 2039 1572 2106 ἅμα
1604 2038 1696 2090 τέ-

145 2145 268 2190 κνοις
290 2126 611 2181 καταλαϐὼν
648 2128 747 2198 τὴν
778 2127 1183 2198 Μεσέμόρειαν,
1230 2128 1439 2180 ἐκεῖθεν
1466 2126 1697 2180 ἱκετεύει

146 2218 198 2289 [Ρ
226 2217 341 2289 239]
370 2218 460 2270 τὸν
487 2219 717 2288 βασιλέα
742 2218 992 2289 δέχεσθαι
1026 2221 1215 2272 τοῦτον
1234 2219 1327 2273 καὶ
1358 2218 1532 2289 λύτρα
1554 2218 1697 2289 λαμ-

146 2314 299 2364 εάνειν
326 2311 417 2381 τὴν
445 2311 626 2365 πόλιν.
670 2310 881 2363 Στέλλει
906 2309 1035 2378 γοῦν
1062 2313 1089 2363 ὁ
1121 2310 1375 2380 βασιλεὺς
1421 2310 1480 2376 ἐξ
1525 2308 1698 2377 αὐτῆς

143 2404 216 2455 τὸν
235 2404 433 2455 Γλαὸᾶν
459 2403 881 2474 κουροπαλάτην
901 2402 995 2454 καλ⁵
1029 2402 1201 2473 μέγαν
1226 2402 1437 2454 παπίαν
1469 2399 1695 2453 ἐσύστε-

148 2512 239 2565 ρον,
292 2495 380 2548 καὶ
427 2493 485 2557 ὂς
547 2494 731 2556 ἄλλοις
778 2493 994 2562 σύναμα
1061 2494 1199 2562 μετὰ
1243 2494 1335 2547 καὶ
1393 2493 1699 2563 αὐτάρκους

148 2585 370 2654 στρατοῦ,
401 2583 730 2639 καταλαϐὼν
757 2584 857 2656 τὴν
885 2584 1294 2655 Μεσέμδρεισν,
1349 2584 1565 2654 ἐκείνην
1599 2584 1698 2653 μὲν

146 2776 198 2813 ex
234 2774 442 2828 genere,
484 2756 770 2828 supplevit
813 2756 1067 2821 aﬁinitas,
1102 2770 1223 2825 quae
1266 2755 1416 2809 illum
1450 2754 1613 2810 ducta
1643 2753 1699 2807 in

148 2867 341 2905 uxorem
376 2852 532 2906 lrene
554 2852 664 2904 ﬁlia
689 2850 964 2905 Theodori
990 2859 1044 2903 et
1072 2849 1269 2903 Asanis
1289 2858 1471 2920 nepte,
1493 2864 1522 2903 a
1545 2857 1699 2919 patre

148 2946 389 3001 Theodori
419 2946 638 3000 Joanne
666 2948 910 3016 Augusto
940 2945 992 2997 in
1030 2942 1336 3015 Bulgariam
1363 2943 1427 2997 ad
1468 2944 1565 2996 has
1594 2958 1698 2995 nu-

148 3039 263 3109 ptias
294 3041 473 3105 missa,
504 3040 560 3093 in
595 3038 712 3108 pari
743 3039 853 3107 jam
884 3038 1021 3107 juris
1052 3035 1118 3089 ad
1150 3036 1347 3089 Asanis
1389 3035 1698 3090 successio—

147 3149 250 3187 nem
284 3133 441 3203 gradu
478 3147 607 3188 cum
654 3128 830 3201 Mytze
864 3129 1176 3185 constituit.
1217 3130 1281 3182 Et
1308 3128 1700 3193 Constantinus

147 3226 335 3294 quidem
371 3224 567 3279 urbem
602 3222 867 3294 Bulgaria
896 3222 1100 3293 regiam
1132 3219 1445 3276 Ternobum
1478 3229 1695 3285 tenens,

147 3317 326 3371 caeteris
357 3317 519 3371 etiam
564 3317 780 3371 cunctis
806 3315 926 3384 eius
972 3314 1313 3385 principatus
1342 3320 1567 3368 ornatus
1612 3312 1700 3367 in-

147 3409 379 3480 signibus,
410 3426 510 3481 pro
538 3409 689 3465 haud
715 3408 881 3463 dubio
912 3406 1265 3478 Bulgarorum
1296 3421 1421 3477 rege
1448 3420 1571 3460 sese
1605 3422 1701 3475 pa-

148 3502 233 3555 lam
261 3504 536 3574 magniﬁce
569 3501 800 3556 ferebat.
830 3502 897 3553 At
924 3499 1126 3570 Mytzes
1158 3497 1493 3553 circumsitis
1521 3497 1701 3567 regio-

148 3596 288 3649 nibus
318 3598 643 3666 imperitans
693 3594 968 3650 interdum
1013 3592 1233 3663 quidem
1282 3591 1367 3645 his
1407 3601 1701 3647 contentus

146 3689 524 3756 acquiescebat,
549 3687 827 3743 interdum
849 3684 1013 3757 350
1026 3683 1394 3739 contendebat
1413 3698 1535 3737 cum
1560 3681 1703 3738 Con-

146 3784 379 3845 stantino,
410 3798 474 3837 ac
503 3782 613 3836 fuit
653 3796 777 3836 cum
822 3794 946 3839 eum
977 3778 1117 3833 bello
1165 3791 1502 3847 persequens
1530 3776 1706 3829 inclu“

145 3870 256 3925 dere
287 3887 401 3926 sese
431 3880 658 3944 cogeret
690 3872 743 3924 in
777 3884 957 3924 arcem
990 3868 1285 3939 quamdam
1318 3875 1578 3920 nostram.
1610 3862 1700 3917 cui

146 3964 574 4019 Stheuimachum
606 3978 803 4017 nomen
841 3971 945 4028 est,
968 3962 1059 4015 ubi
1088 3963 1383 4031 quominus
1416 3968 1703 4026 caperetur

144 4067 190 4111 et
222 4059 432 4127 periret,
486 4068 801 4128 opportune
845 4056 1068 4111 allatum
1123 4070 1152 4110 a
1214 4054 1478 4109 Romanis
1530 4053 1701 4123 copiis

144 4152 380 4207 auxilium
413 4152 719 4223 prohibuit.
749 4151 854 4205 Sed
887 4150 1103 4205 fortuna
1136 4150 1335 4204 deinde
1362 4147 1509 4201 vices
1540 4146 1703 4201 alter-

144 4252 289 4297 nante
317 4259 693 4309 successuum,
736 4252 931 4299 auctus
958 4257 1148 4297 rursus
1173 4242 1371 4296 animis
1399 4250 1454 4295 et
1486 4241 1702 4294 viribus

144 4336 517 4393 Coristantinus
549 4347 705 4393 tanto
742 4349 960 4407 tamque
990 4337 1170 4391 valido
1206 4335 1414 4404 impetu
1456 4333 1703 4388 incubuit

1799 1848 1905 1900 ὑπὸ
1936 1847 2203 1920 θεραπεία
2269 1851 2500 1920 μεγίστῃ
2556 1851 2827 1923 βασιλικῇ.
2859 1853 2965 1905 Καί
3026 1870 3089 1920 γε
3146 1856 3383 1907 καταλαιυ

1800 1939 1955 1993 ϐοῦσι
1977 1941 2073 2007 τὴν
2101 1941 2363 2012 Βέῥροιαν
2397 1943 2547 2011 σφίσι
2578 1943 2645 1995 τὰ
2681 1945 2778 2013 τῆς
2811 1942 3004 2013 βουλῆς
3044 1944 3174 2015 ἔστη
3238 1963 3383 2013 πεμι

1800 2035 1999 2103 φθῆναι
2028 2036 2164 2106 πρὸς
2186 2035 2275 2088 τὸν
2302 2036 2534 2106 Οὒρεσιν
2572 2038 2841 2107 Στέφανον
2874 2039 2962 2089 τον
2993 2038 3382 2108 χαρτοφύλακα

1801 2126 2028 2191 Βέκκον,
2064 2126 2180 2194 ἅμα
2216 2127 2271 2179 δὲ
2309 2130 2404 2181 σὺν
2432 2129 2624 2198 ἐκείνῳ
2669 2131 2759 2181 καὶ
2788 2130 2876 2181 τὶν
2901 2130 3381 2199 Τραϊανουπὸλεως

1802 2216 2209 2288 Κουδουμηνήν.
2241 2215 2349 2272 Ἠν
2383 2219 2438 2272 δὲ
2467 2220 2715 2291 καὶπρὸς
2741 2222 2836 2291 τῆς
2885 2222 3171 2291 δεσποίνης
3218 2223 3380 2273 ὲντε-

1800 2307 2071 2376 ταγμένον
2092 2307 2169 2376 τῷ
2215 2307 2589 2378 χαρτοφύλακι
2646 2309 2807 2363 αὐτὸν
2856 2309 3221 2379 προαπελθεῖν
3285 2312 3378 2362 καὶ

1799 2399 2061 2471 γνωρίσαι
2106 2402 2174 2454 τά
2224 2403 2363 2469 κατᾲ
2407 2404 2531 2466 τοὺς
2582 2401 2813 2473 Σέρ6ους
2834 2405 3177 2473 τρανότερον,
3230 2402 3378 2466 ὅπως

1803 2493 1900 2562 μὲν
1938 2494 2116 2563 σφίσιν
2158 2494 2305 2546 ἐστὶν
2341 2495 2371 2562 ή
2403 2494 2604 2556 δίαιτα,
2623 2496 2769 2557 ὅπως
2796 2495 2851 2548 δὲ
2878 2495 3079 2567 quiﬁt;
3104 2495 3202 2562 τῆς
3236 2495 3382 2547 ὲκεί-

1802 2602 1906 2637 νων
1938 2584 2111 2655 ἀρχῆς
2132 2586 2425 2640 διιθύνεται
2449 2602 2463 2617 ⁸
2505 2588 2689 2658 ἐκείνη
2719 2589 2828 2659 γὰρ
2861 2590 2954 2641 καὶ
2986 2588 3247 2659 μεγίστην
3280 2589 3382 2659 τὴν

1802 2778 1927 2818 cum
1958 2764 2287 2834 imperatore
2320 2763 2477 2827 inito,
2520 2780 2628 2834 quo
2658 2764 2801 2819 inter
2835 2764 2983 2834 Ipsos
3012 2776 3203 2820 mutuo
3246 2780 3381 2820 con-

1804 2858 1956 2911 venit
2004 2868 2061 2912 ut
2114 2857 2305 2928 Mytzze
2353 2858 2716 2930 primogenito
2759 2859 2954 2913 Joanni
3014 2861 3380 2930 primogenita

1803 2950 1935 3004 item
1967 2950 2315 3020 imperatoris
2348 2950 2457 3004 ﬁlia
2490 2951 2949 3021 desponderetur.

1726 3110 1770 3168 (ζ
1804 3102 1857 3157 6.
1903 3101 1979 3155 De
2028 3103 2222 3172 [aedere
2261 3105 2601 3174 imperatoris
2647 3120 2765 3157 cum
2818 3103 3017 3167 Ser-bra,
3054 3107 3217 3175 deque
3256 3123 3379 3172 pro-

1910 3175 2135 3244 fectione
2170 3177 2492 3243 patriarcha:
2520 3193 2571 3228 tn
2607 3176 2847 3230 Serbiam
2886 3194 2947 3229 ea
2979 3176 3043 3230 de
3087 3192 3272 3230 causa.

1873 3309 1963 3364 Sic
2007 3308 2474 3364 lrenae‘maximre
2524 3320 2773 3365 natarum
2825 3309 3048 3381 Augusti
3096 3309 3376 3380 provisum

1804 3404 2114 3474 coniugium
2162 3411 2266 3459 est.
2301 3403 2381 3457 Ab
2414 3404 2516 3457 hac
2544 3420 2672 3459 vero
2708 3408 3002 3459 secundam
3035 3406 3247 3461 Annam
3284 3406 3380 3459 de-

1805 3498 1976 3552 crevit
2006 3507 2159 3567 pater
2186 3497 2402 3551 mittere
2431 3496 2499 3550 ad
2534 3498 2734 3551 eralem
2787 3496 2993 3551 Serbi:e
3035 3498 3375 3568 Stephanum

1807 3587 2042 3653 Uresim,
2081 3589 2321 3644 secundo
2350 3592 2467 3659 ejus
2498 3589 2607 3643 ﬁlio
2630 3589 2885 3643 Melotino
2909 3600 3375 3658 nupturamznam

1802 3684 2196 3755 primogenitus
2223 3686 2357 3755 patri
2386 3686 2725 3755 cognominis
2743 3685 2851 3752 jam
2888 3702 3107 3741 uxorem
3145 3687 3381 3741 habebat

1804 3775 1946 3848 regis
1982 3772 2275 3831 Pannoniae
2307 3774 2490 3828 ﬁliam.
2712 3776 2846 3830 Cum
2877 3775 3042 3847 igitur
3088 3775 3156 3829 de
3193 3779 3374 3830 omni-

1805 3869 1907 3923 bus
1934 3878 2061 3923 ante
2088 3877 2420 3922 conventum
2448 3876 2613 3934 esset,
2650 3868 2717 3922 ad
2750 3871 3155 3924 exsecutionem
3195 3882 3381 3941 pacto-

1805 3953 2121 4013 rum'mittit
2156 3960 2456 4030 imperator
2491 3960 2726 4028 legatum
2757 3961 3145 4029 patriarcliam,
3170 3972 3377 4017 etcum

1804 4069 1870 4108 co
1898 4067 2156 4123 sponsam
2185 4053 2454 4124 virginem
2490 4054 2640 4124 regio
2674 4054 2957 4124 magniﬁce
2984 4056 3239 4124 stipatam
3282 4072 3377 4111 co-

1803 4149 2019 4203 mitatu.
2050 4146 2144 4202 llis
2180 4149 2341 4202 simul
2371 4149 2584 4203 cunctis
2650 4148 2737 4203 ubi
2770 4148 3082 4203 Berrlimam
3119 4165 3384 4218 pervene-

1805 4251 1952 4302 runt.
1981 4241 2238 4309 expedire.
2267 4241 2633 4295 communiter
2660 4242 2829 4294 visum
2862 4252 2945 4296 est
2968 4244 3382 4313 pra'mittendos

1805 4332 1871 4386 ad
1908 4331 2247 4401 Stephanum
2280 4329 2498 4387 Uresim
2542 4332 3019 4404 cliartOpbyIaccm
3059 4332 3294 4387 Vcccum
3328 4344 3385 4389 ιι

145 4428 192 4482 in
230 4430 453 4503 Mytzen,
507 4442 566 4487 ut
620 4433 664 4486 is
717 4431 893 4500 impar
949 4420 1253 4484 resistendo
1304 4429 1695 4483 Mesembream
1730 4440 1932 4506 Deum
1995 4440 2061 4480 eo
2131 4423 2562 4495 Traianapoleos
2614 4428 2931 4497 episcopum
2999 4427 3380 4483 Cudnmenen.

144 4533 250 4574 cum
287 4522 472 4577 liberis
506 4523 852 4593 confugiens,
890 4521 1015 4576 inde
1060 4520 1252 4591 legatis
1293 4523 1358 4574 ad
1405 4521 1699 4591 imperato-

145 4626 243 4665 rem
275 4616 614 4684 supplicibus
650 4614 832 4669 missis
875 4623 1066 4683 pactus
1109 4629 1234 4667 cum
1272 4627 1338 4667 eo
1368 4614 1701 4667 deditionem

146 4705 208 4758 sit
239 4723 356 4761 cum
386 4710 471 4763 sui
506 4718 621 4762 tum
660 4709 780 4778 ejus
815 4707 1073 4771 civitatis,
1107 4721 1269 4775 quam
1307 4706 1359 4759 in
1390 4706 1471 4759 sui
1503 4707 1702 4760 servati

144 4798 363 4864 pretium
404 4800 650 4854 oiIerret.
678 4799 788 4855 Nec
819 4798 1093 4853 recusavit
1120 4798 1440 4866 imperator,
1470 4797 1564 4851 sed
1590 4806 1704 4852 sta-

146 4890 229 4943 tim
266 4891 486 4947 Glabam
522 4893 911 4963 curopalatam,
932 4891 1024 4962 qui
1054 4899 1241 4960 postea
1263 4904 1492 4957 magnus
1516 4888 1706 4959 papias

146 4980 258 5046 fuit,
286 5000 405 5037 eum
441 4986 567 5039 aliis
598 4994 655 5039 et
695 4984 889 5039 idonea
939 4998 1102 5038 manu
1147 4983 1381 5036 militum
1439 4982 1603 5034 misit.
1656 4982 1703 5036 ls

145 5070 411 5142 ingressus
447 5077 841 5132 Mesembream
873 5076 992 5146 ejus
1025 5075 1126 5127 rite
1154 5073 1551 5144 possessionem
1585 5073 1706 5127 iniit

147 5163 346 5233 imperii
385 5169 617 5224 Romani
649 5169 899 5233 nomine;
933 5176 1047 5221 tum
1075 5166 1308 5238 Mytzem
1338 5182 1432 5235 per
1462 5164 1701 5218 llzemum

149 5260 326 5316 itinere
379 5261 625 5316 terrestri
672 5260 921 5329 perduxit
969 5261 1034 5313 ad
1076 5259 1459 5330 imperatorem
1485 5299 1500 5324 ,
1529 5260 1621 5327 qui
1654 5259 1702 5312 ei

151 5352 544 5422 perhumaniter
590 5361 813 5422 excepto
866 5351 1127 5421 omnique
1177 5351 1384 5405 amoris
1428 5350 1702 5421 signiﬁca-

153 5445 285 5500 tione
338 5455 583 5501 recreato
622 5445 817 5499 uberes
875 5443 1074 5499 fundos
1128 5443 1271 5513 apud
1311 5432 1704 5499 Scamandrum

155 5538 451 5609 assignavit,
495 5554 727 5609 quorum
777 5537 944 5592 annui
979 5546 1278 5606 proventus
1318 5535 1384 5589 ad
1421 5538 1621 5591 victum
1656 5538 1703 5592 ei

156 5630 453 5702 cultumque
500 5633 841 5703 splendidum
888 5630 1102 5686 abunde
1147 5629 1478 5685 suiliCerent.
1521 5628 1620 5684 Ubi
1652 5640 1707 5684 et

159 5717 263 5787 ipse
286 5725 535 5796 deinceps
564 5741 685 5782 cum
718 5724 839 5781 ﬁliis
871 5726 1179 5782 divers-atus
1208 5732 1287 5779 est
1314 5763 1328 5787 ,
1363 5735 1522 5792 pacto
1554 5724 1705 5794 prius

1809 4521 2006 4577 Fuerat
2026 4534 2207 4575 autem
2231 4520 2299 4575 ab
2315 4523 2554 4589 Augusta
2577 4522 2921 4590 peculiariter
2940 4522 3382 4576 commendatum

1806 4614 2207 4683 chartopbylaci
2243 4624 2300 4668 ut
2354 4614 2683 4684 prtecederct
2715 4630 2969 4683 Sponsam
2997 4655 3012 4679 ,
3043 4617 3299 4685 priorque
3327 4618 3382 4671 in

1808 4708 2053 4763 Serbiam
2099 4708 2399 4762 adveniens
2450 4708 2757 4777 exploraret
2796 4710 2862 4763 ad
2898 4710 3160 4780 liquidum
3207 4710 3384 4779 quod-

1808 4816 1932 4854 nam
1966 4801 2017 4855 id
2060 4810 2205 4855 chet
2248 4801 2531 4854 hominum
2567 4818 2757 4872 genus,
2794 4820 2915 4872 quae
2945 4806 3017 4859 ibi
3049 4806 3221 4861 forma
3253 4811 3380 4865 vitae

1807 4896 2132 4964 cultusque,
2178 4911 2296 4963 qua:
2342 4895 2478 4948 ratio
2532 4898 2947 4952 consuetudinis
3002 4900 3202 4963 civilis,
3254 4905 3380 4971 quis

1807 4988 1941 5043 ordo
1990 4988 2220 5057 publica:
2249 4987 2361 5051 rei,
2390 5005 2451 5041 ac
2478 4990 2568 5057 jus
2598 5006 2834 5059 ususque
2856 4991 3215 5062 principatus.
3242 4996 3376 5050 Nam

1809 5095 1930 5133 cum
1968 5078 2056 5131 illa
2092 5079 2456 5149 proﬁciscenti
2490 5080 2614 5134 ﬁliae
2664 5092 2983 5150 apparatum
3027 5092 3082 5137 et
3126 5100 3379 5154 pompam

1808 5189 1970 5243 quam
2008 5183 2259 5242 potuerat
2302 5175 2537 5228 maxime
2571 5176 2811 5245 regiam,
2845 5186 2899 5229 ct
2931 5192 3056 5231 cum
3100 5158 3281 5246 specie
3315 5195 3380 5233 ac

1811 5269 1984 5333 pretio
2014 5267 2079 5321 ad
2120 5266 2612 5337 magniﬁcentiam.
2665 5280 2776 5322 tum
2816 5285 2951 5336 usu,
3002 5280 3057 5324 et
3109 5272 3267 5341 copia
3311 5273 3380 5327 ad

1809 5360 2091 5415 mollitiem
2118 5361 2450 5429 deliciasque
2486 5370 2879 5431 comparatam,
2910 5364 3195 5420 ambitiose
3222 5367 3382 5419 altri.

1807 5454 2049 5516 buisset,
2092 5453 2343 5507 muliebri
2384 5453 2597 5509 scilicet
2632 5455 2949 5509 curiositate
2986 5472 3147 5511 nosse
3184 5459 3382 5514 avebat

1809 5543 2008 5612 ecquid
2043 5545 2190 5614 paria
2226 5544 2351 5608 illis,
2378 5554 2471 5597 aut
2496 5560 2597 5613 qua
2631 5546 2752 5600 istis
2782 5549 3135 5616 proportione
3161 5566 3383 5620 respon-

1810 5637 2013 5699 dentia,
2052 5649 2335 5705 repertura
2371 5647 2516 5693 eSSet
2545 5654 2640 5691 sua
2667 5638 2791 5693 ﬁlia.
2854 5639 2929 5696 Ea
2975 5642 3043 5697 de
3078 5646 3380 5713 causajus-

1814 5736 1959 5785 serat
2006 5728 2243 5797 priorem
2293 5744 2359 5785 eo
2407 5730 2675 5802 proﬁcisci
2713 5730 2987 5802 Yeccum,
3034 5745 3090 5789 et
3134 5736 3236 5791 sibi
3285 5754 3381 5807 per
