3964 6596
537 277 648 342 803

1726 263 2052 329 GEORGII
2096 257 2581 326 PACHYMERrE

3691 238 3792 304 804

535 387 837 465 θεραπείαν
869 358 935 460 τῇ
969 384 1202 457 θυγατρὶ
1221 377 1620 456 προητοίμαζεν
1645 376 1738 431 ἐπὶ
1788 374 1941 447 χλιδῇ
1968 389 2108 427 παν·
2137 380 2184 436 Α
2214 371 2290 465 μη
2329 372 2421 427 καὶ
2451 370 2517 425 ἐκ
2541 366 2637 465 τοῦ
2672 366 3013 465 παραχρῆμα
3037 364 3276 465 ἐνέδραις
3295 360 3592 465 ’χαλεπαῖς
3629 376 3801 465 ’περι-

536 486 656 556 τοίᾳ
684 481 959 555 βασιλικῇ.
1003 478 1225 549 Ἐκείνῳ
1251 475 1431 530 τοίνυν
1471 468 1872 545 προαπελθόντι
1914 465 2109 536 γνωρί-

541 593 655 632 σειν
717 575 811 627 καὶ
867 570 1132 641 σημανεῖν
1188 566 1612 639 προσετάσσετο,
1669 560 1799 633 πρὶν
1829 558 1895 613 ἂν
1945 557 2108 628 ἐπιϐῇ

542 666 768 739 Σερϐίας
799 665 829 719 ὀ
876 664 1246 735 πατριάρχης.
1290 661 1353 714 Oi
1393 659 1438 713 δ’
1473 654 1791 717 ἐπιστάντες
1834 652 1895 705 οὒ
1951 651 2112 739 μόνον

541 738 690 814 οἰδὲν
720 758 827 812 τῶν
852 758 930 820 είς
961 754 1255 826 θεραπείαν
1291 747 1427 805 εἶδον
1464 749 1641 805 ἐκεῖσε
1673 746 1766 799 καὶ⁵
1813 742 1986 814 ἀρχῆς
2014 738 2114 809 τῆς

541 847 807 919 τυχούσης
864 847 1032 912 ἀξιον,
1086 842 1223 897 ἀλλὰ
1265 840 1436 896 καίτδ
1497 833 1888 908 θεραπευτικὸν
1930 831 1990 885 τὸ
2058 829 2115 881 ὲν

545 938 628 1012 [Ρ.
659 937 787 1011 940]
812 938 1038 1000 ἐκείνοις
1061 935 1271 1006 βλέπων
1294 936 1321 988 ὁ
1350 929 1580 1002 Οΰρεσις
1616 928 1710 982 καὶ
1745 920 2117 1012 cumtum-xci.

547 1005 837 1100 μᾶλλονῖιὸ
859 1027 965 1080 τῶν
987 1005 1341 1096 ἡμιανδρίων,
1372 1020 1425 1074 τί
1469 1019 1535 1073 ἂν
1586 1017 1679 1071 καὶ⁸
1735 1014 1926 1085 εἴησαν
1972 1005 2118 1065 οὗτοι

544 1120 949 1174 διεπυνθάνετο.
992 1116 1079 1180 Ὦς
1111 1116 1154 1168 δ’
1184 1116 1347 1185 ἤκουε
1384 1110 1516 1182 παρ’
1561 1106 1785 1162 ἐκείνων
1834 1106 1916 1158 ὅτι
1970 1100 2143 1166 τάξις⁴

546 1213 697 1265 ἐστὶν
749 1210 886 1280 αὕτη
937 1207 1228 1279 βασίλειος,
1282 1205 1373 1258 καὶ
1397 1204 1471 1267 ὡς
1495 1202 1560 1272 τῇ
1594 1197 1825 1270 βασιλίδι
1846 1198 1924 1259 είς
1956 1194 2120 1266 θεραο

546 1301 707 1355 πείαν
749 1300 1204 1368 ἀκολουθήσαιεν,
1253 1295 1456 1354 ἐκεῖνος
1516 1289 1896 1360 ἁταλαστήσας
1933 1285 2129 1356 φησὶνῖ

555 1410 575 1444 ι
611 1392 679 1447 Αἵ
731 1391 811 1455 αἳ,
861 1392 912 1442 τί
964 1390 1173 1456 ταύτας
1221 1386 1314 1442 καὶ
1373 1386 1503 1456 ἡμῖν
1552 1384 1612 1436 ού
1643 1379 1878 1452 συνήθης
1925 1376 2122 1447 αὖτηὴ

546 1485 746 1539 δίαιτα.
787 1501 806 1535 t
865 1482 972 1536 Kal.
1025 1482 1115 1534 τὸν
1165 1482 1333 1549 φάναι
1396 1494 1454 1532 τε
1501 1479 1597 1531 καὶ
1635 1475 1752 1542 ἅμα
1779 1473 1877 1543 τὴν
1905 1473 2124 1541 νύμφην

548 1570 815 1627 δεικνύειν
842 1571 1070 1637 πενιχρὰ
1102 1570 1371 1638 φοροῦσαν
1405 1566 1499 1619 καὶ
1540 1562 1775 1632 ταλασίᾳ
1831 1557 2127 1631 προσέχου-

553 1681 674 1729 σαν,
734 1663 848 1725 καὶ,
876 1679 895 1712 r
925 1661 1099 1723 Οὕτω,
1132 1679 1151 1712 ι
1207 1659 1388 1728 λέγειν
1430 1657 1575 1729 χειρὶ
1614 1653 1918 1717 δεικνύντα,
1952 1670 1969 1700 ι
2009 1652 2128 1717 ταῖς

2213 464 2428 517 πέσοιεν
2461 476 2475 491 ·
2526 459 2587 513 ού
2642 457 2753 529 γὰρ
2780 452 2926 529 εἶχον
2979 455 3258 510 πιστεύειν
3284 453 3525 525 ἀνδράσι
3583 450 3661 521 μὴ
3690 451 3802 502 ἑπι-

2212 552 2601 627 στρεφομένοις
2637 549 2909 621 αἰσχύνης
2950 548 3045 604 καὶ
3101 547 3377 619 μέμψεως.
3434 543 3599 607 Τέως
3645 543 3805 615 ᾔεσαν

2212 646 2292 710 είς
2323 642 2385 697 τδ
2413 642 2599 713 πρόσω
2623 641 2811 704 νωθεῖς
2834 656 2979 701 τινες
3012 639 3108 709 τὴν
3140 637 3364 709 πορείαν
3393 636 3500 690 καί
3534 636 3650 696 τοῖς
3671 632 3805 697 ὅλοις

2215 732 2472 795 ὑπόπτως
2495 730 2729 801 ἔχοντες.
2790 729 2878 794 Ὦς
2914 728 2973 783 δὲ
3026 728 3324 783 κατέλαϐον
3377 727 3487 798 τὴν
3560 725 3804 796 ’Δχρίᾰῃ

2214 822 2313 895 τὴν
2344 826 2444 894 μὲν
2478 822 2723 893 βασιλίδα
2754 821 2849 875 καὶ
2898 820 2961 875 τὸ
3003 822 3129 885 περὶ
3170 820 3336 894 αὐτὴν
3387 810 3680 875 οἰκετικὸν
3719 818 3808 869 καὶ

2215 915 2338 968 ὅσον
2401 915 2480 977 είς
2547 913 2845 986 θεραπείαν
2920 914 3086 968 αὐτοῦ
3143 930 3248 967 που
3321 908 3808 974 διαναπαύουσιν,

2218 1009 2415 1061 ἐκεῖνοι
2486 1005 2542 1060 δὲ
2613 1006 2980 1078 προαγγέλους
3053 1007 3191 1077 πρὸς
3268 1003 3511 1075 Οὕρεσιν
3562 1001 3808 1071 πέμπον-

2218 1117 2307 1163 τες
2359 1099 2453 1153 καὶ
2531 1099 2686 1153 αὐτοὶ⁸
2752 1098 3015 1169 σχολαίως
3068 1099 3180 1162 τοῖς
3252 1099 3442 1168 πρόσω
3517 1090 3813 1166 προσέϐαι-

2219 1207 2328 1268 νον.
2385 1189 2462 1258 Τῇ
2506 1188 2725 1259 Πολὸγῳ
2777 1187 2833 1242 δὲ
2885 1185 3396 1258 παραγγειλάντων,
3439 1186 3515 1256 ἢν
3551 1183 3623 1255 δὴ
3653 1181 3812 1245 ἄλσος

2220 1280 2355 1334 Θεοῦ
2378 1282 2577 1333 ἐκεῖνοι
2602 1280 2741 1333 κατὰ
2766 1278 3018 1347 γλῶσσαν
3045 1278 3273 1345 εἴποιεν,
3296 1279 3393 1333 καὶ⁵
3419 1278 3529 1350 ἤδη
3563 1276 3664 1330 καὶ
3686 1277 3816 1344 arpi;

2222 1371 2503 1426 Λιπαίνιον
2538 1372 2745 1439 ίόντων,
2782 1371 3061 1442 πέμπεται
3111 1370 3208 1440 μὲν
3240 1370 3486 1441 πρέσϐυς
3538 1369 3753 1423 ἐκεῖθεν
3788 1370 3815 1419 ό

2226 1464 2320 1520 καὶ
2376 1464 2627 1535 μεσάζων
2676 1446 2925 1529 ἓκείνων,
2956 1464 3227 1534 Γεώργιος
3262 1463 3533 1534 τοῦνομα,
3562 1457 3697 1534 ᾧδὴ
3727 1467 3815 1516 καὶ

2225 1555 2378 1626 λόχος
2407 1556 2614 1628 ἀνδρῶν
2633 1556 2952 1628 ἐνεδρεύσας
2975 1556 3369 1629 προσεξημίου.
3392 1558 3506 1621 Τὰς
3523 1557 3573 1611 δ’
3593 1556 3813 1626 ἐνέδρας

2228 1648 2324 1703 καὶ
2355 1647 2546 1719 πρώην
2579 1650 2628 1701 οἱ
2663 1651 2791 1718 περὶ
2812 1649 2903 1702 τὸν
2932 1649 3274 1720 πατριάρχην
3311 1649 3622 1712 ἀκούοντες
3679 1648 3815 1701 ἔδει.

551 1759 789 1829 νύμφαις
847 1757 1003 1826 ἡμεῖς
1049 1752 1483 1825 προσφερόμεθα.
1524 1769 1543 1803 i
1600 1744 1781 1833 ῘΗσαν
1827 1746 1891 1816 δὴ
1934 1744 2028 1798 καὶ
2057 1742 2124 1796 τὰ
2156 1734 2198 1790 Β
2224 1742 2374 1796 λεων.
2405 1742 2537 1795 Τότε
2571 1741 2628 1795 δὲ
2653 1742 2748 1794 καὶ⁸
2768 1742 3009 1812 ἀκριϐῶς
3041 1746 3098 1807 ἐς
3127 1744 3288 1812 φόϐον
3308 1743 3484 1813 μέγαν
3521 1741 3817 1795 καθίσταν-

551 1848 671 1902 κατ’
707 1847 900 1910 αὐτοὺς
931 1846 992 1900 τὸ
1036 1845 1296 1917 παράπαν
1333 1843 1455 1898 λιτά
1514 1859 1574 1896 τε
1635 1843 1727 1895 καὶ
1778 1836 1995 1907 εὐτελῆ,
2042 1834 2119 1899 ὡς
2164 1854 2169 1860 ·

2220 1848 2301 1897 το,
2356 1834 2431 1902 μὴ
2489 1831 2585 1885 καὶ
2634 1833 2960 1905 νεωτερισθῇ
3003 1851 3054 1887 τι
3104 1834 3253 1902 σφίσι
3296 1832 3406 1888 τῶν
3454 1831 3815 1900 ἀνηκέστων

555 1941 765 2010 ἀποζῇν
795 1937 984 2009 θήραις
1015 1937 1110 1991 καὶ
1136 1937 1484 1997 κλέπτοντας.
1519 1932 1606 1996 Ὠς
1630 1931 1760 2000 γοῦν
1786 1930 2122 1998 ὑπέστρεφον
2223 1923 2349 1989 τοὺς
2376 1924 2485 1996 γάρ
2512 1923 2655 1979 οὕτω
2683 1925 2778 1978 καὶ⁵
2802 1927 2914 1989 τοῖς
2948 1926 3102 1990 ίδίοις
3138 1928 3229 1981 καὶ
3281 1924 3486 1995 μᾶλλον
3520 1924 3647 1986 τοῖς
3674 1922 3814 1976 ἐνδό-

555 2030 605 2084 οί
631 2027 967 2099 πεμφθέντες
991 2028 1085 2079 καὶ
1113 2023 1358 2096 ἀκριϐῶς
1396 2021 1618 2093 ἐδήλουν
1672 2018 1750 2091 τῷ
1807 2016 2124 2088 πατριάρχῃ

556 2127 590 2179 ἆ
617 2141 677 2178 τε
728 2120 868 2177 εἶδον
931 2122 1024 2175 καὶ
1067 2119 1104 2176 ἃ
1152 2122 1411 2190 ἥκουσαν,
1441 2115 1746 2171 ἐπέκλασάν
1773 2130 1831 2167 τε
1857 2115 1967 2175 τοῖς
1997 2112 2126 2180 περὶ⁵

555 2216 761 2269 ἐκεῖνον
785 2213 880 2284 τὴν
909 2210 1235 2283 προθυμίαν,
1269 2208 1507 2279 καὶπερὶ
1549 2207 1761 2269 ἑαυτοῖς
1813 2202 2125 2275 ὠρρώδουν,

558 2391 783 2446 nuntios
839 2387 1149 2459 significare
1208 2402 1330 2458 quae
1373 2382 1754 2455 comperisset,
1814 2381 2128 2454 priusquam

562 2483 874 2555 patriarcha
904 2498 1027 2537 cum
1064 2495 1199 2535 nova
1230 2493 1427 2550 sponsa
1456 2477 1703 2533 Serbiam
1733 2475 2127 2546 ingrederetur.

561 2580 631 2629 At
664 2574 875 2630 Veccus
900 2583 955 2628 et
982 2572 1331 2628 Cudumencs
1360 2569 1448 2625 ubi
1482 2581 1798 2640 pervenere,
1832 2564 1968 2620 adeo
1999 2563 2132 2618 nihil

563 2666 639 2721 ibi
670 2666 737 2720 ad
768 2663 1131 2720 ministerium
1165 2660 1535 2723 commodum,
1571 2659 1637 2713 ad
1662 2672 1916 2729 pompam
1944 2653 2136 2726 exqui-

566 2760 668 2814 site
700 2769 975 2823 ornatum,
1006 2766 1100 2812 aut
1129 2756 1357 2811 omnino
1379 2755 1461 2810 vel
1487 2753 1746 2809 mediocri
1774 2752 1996 2823 dignum
2022 2764 2138 2804 ma-

567 2855 795 2923 gistratu
820 2857 1164 2920 repererunt,
1188 2857 1247 2902 ut
1270 2849 1446 2918 ipsum
1474 2846 1686 2901 illorum
1711 2845 2137 2899 instrumentum

565 2960 632 3000 ac
682 2944 1003 3000 comitatum
1051 2940 1364 3012 Stephanus
1418 2936 1605 2993 Uresis
1650 2937 2034 2997 admiraretur,
2083 2938 2140 2987 et

567 3031 688 3086 \‘iSO
736 3029 1112 3095 tabernaculo,
1160 3027 1459 3101 prasertim
1495 3036 1675 3081 autem
1726 3025 1932 3080 familia
1977 3024 2141 3078 obse-

569 3122 812 3192 quioque
839 3122 1242 3183 cunuchorum,
1272 3120 1429 3190 quasi
1458 3119 1861 3189 obstupescens
1892 3116 2145 3186 inopina-

572 3211 784 3267 tissima
831 3226 911 3277 re,
956 3221 1228 3280 quaereret
1275 3208 1409 3280 quid
1453 3211 1569 3265 hac
1613 3210 1833 3265 tandem
1874 3216 2059 3263 essent
2090 3214 2147 3261 et

570 3314 735 3370 quem
770 3314 927 3353 usum
963 3299 1230 3352 baberent
1255 3336 1270 3364 ,
1305 3312 1430 3352 cum
1480 3312 1609 3353 vero
1643 3297 1887 3353 audisset
1932 3305 2145 3367 partem

573 3405 695 3445 esse
731 3391 881 3445 illam
914 3389 1251 3460 praemissam
1283 3389 1524 3444 satellitii
1563 3404 1629 3444 ac
1672 3388 2027 3460 supellectilis
2060 3403 2147 3442 re-

576 3484 719 3554 gina:
754 3480 1121 3545 adventantis,
1157 3480 1512 3537 indolescenti
1545 3481 1739 3536 similis
1768 3481 2097 3537 exclamaret
2132 3502 2145 3538 :

583 3596 602 3630 ι
642 3575 800 3643 lleu,
852 3575 993 3641 heu,
1050 3589 1173 3647 quae
1216 3582 1272 3629 et
1319 3590 1578 3644 quorsum
1629 3573 1765 3631 ista?
1800 3575 1907 3631 Nos
1954 3576 2149 3631 harum

577 3670 898 3725 deliciarum
928 3681 1084 3721 nsunt
1120 3681 1229 3719 non
1260 3666 1589 3733 habcmnsp
1631 3676 1685 3722 et
1714 3665 1876 3738 352
1912 3667 2028 3722 haec
2073 3666 2155 3724 lo-

577 3778 752 3834 quens
780 3761 941 3818 simul
965 3777 1163 3816 nurum
1193 3761 1509 3818 ostenderet
1535 3760 1859 3833 paupertino
1880 3759 2154 3816 sordidan.

578 3855 782 3911 vestitu
825 3869 890 3909 ac
932 3852 1174 3909 laniﬁcio
1216 3852 1519 3921 intentam,
1566 3867 1778 3923 unaque
1821 3867 1985 3907 manu
2032 3867 2155 3907 eam

579 3947 828 4002 indicans
855 3943 1151 4014 subjiceret
1181 3962 1195 3998 :
1228 3962 1246 3996 ι
1292 3942 1377 3999 En
1402 3942 1493 3997 tali
1519 3958 1620 3998 nos
1646 3942 1794 3997 cultu
1828 3957 2000 3997 nurus
2023 3956 2160 3997 con-

580 4039 859 4097 suevimus
891 4040 1119 4094 habere.
1150 4054 1171 4089 ι
1212 4035 1384 4092 Porro
1432 4037 1487 4090 in
1534 4045 1731 4090 caatero
1775 4038 1920 4091 circa
1955 4034 2154 4089 cralem

581 4141 849 4204 apparatu
876 4132 1012 4186 nihil
1042 4130 1146 4185 nisi
1173 4129 1417 4200 vulgare,
1449 4127 1758 4183 obsoletum
1771 4141 1834 4182 ac
1855 4126 2015 4197 plane
2042 4128 2161 4199 ple-

582 4227 766 4282 beium
798 4223 1116 4294 apparebat.
1138 4219 1299 4275 Nulla
1332 4223 1509 4276 victus
1539 4219 1869 4275 mundities:
1895 4235 1926 4275 e
1964 4227 2157 4275 venatu

585 4318 798 4383 illauto,
831 4330 893 4372 ac
929 4317 1165 4370 tumultu
1195 4329 1330 4369 sane
1360 4313 1666 4379 venatorio,
1688 4313 1835 4367 nulla
1861 4316 2044 4384 specie
2063 4321 2159 4367 aut

2227 2015 2336 2081 ξοις
2365 2018 2460 2070 καὶ
2485 2018 2745 2088 ἄρχουσιν
2773 2017 3151 2088 ἱνεδρεύοντας
3186 2018 3347 2089 σχολῇ
3400 2017 3540 2087 γοῦν
3580 2017 3815 2086 ἀποσχέ-

2228 2108 2349 2162 σθαι
2379 2110 2487 2162 τῶν
2517 2109 2835 2181 ἀλλοτρίων.
2870 2112 3103 2164 Ἤκουον
3132 2110 3188 2164 δὲ
3231 2113 3325 2164 καὶ
3357 2111 3508 2182 παρὰ
3537 2109 3810 2180 Γιωργίου

2229 2199 2297 2255 τὰ
2328 2199 2428 2270 μὲν
2461 2199 2541 2264 είς
2575 2199 2870 2271 πρεσϐείαν
2901 2202 3076 2271 πάντη
3109 2198 3185 2271 τῷ
3214 2201 3400 2271 σκοπῴ
3417 2201 3528 2254 τῶν
3547 2199 3810 2271 βασιλέων

2232 2375 2484 2431 familiari
2522 2375 2831 2433 ministerio
2860 2394 2874 2432 :
2902 2378 3008 2448 ipsi
3043 2386 3220 2448 empto
3260 2382 3461 2434 ttinere
3492 2379 3645 2434 lente
3694 2394 3811 2449 per.

2233 2476 2444 2540 gentes,
2472 2469 2809 2538 praemittunt
2832 2472 3054 2526 nuntios
3079 2472 3145 2527 ad
3175 2472 3409 2541 Uresim,
3432 2475 3525 2545 qui
3554 2474 3810 2530 docerent

2234 2561 2642 2632 praestolaturos
2681 2577 2739 2617 se
2793 2565 3047 2619 mandata
3080 2566 3200 2633 ejus
3238 2576 3295 2620 et
3339 2583 3608 2623 occursus
3638 2568 3709 2622 ab
3740 2583 3802 2622 eo

2236 2655 2530 2709 missorum
2562 2654 2704 2724 apud
2736 2653 3018 2727 Pologum.
3047 2657 3143 2712 Est
3174 2658 3224 2713 id
3258 2658 3361 2713 loci
3403 2674 3602 2714 nomen
3636 2662 3801 2730 patria

2240 2747 2537 2803 Serborum
2571 2748 2752 2820 lingua
2796 2765 3023 2816 sonans,
3057 2759 3117 2805 ut
3147 2751 3324 2818 aiunt,
3370 2768 3567 2809 nemus
3591 2754 3710 2808 Dei.
3739 2755 3803 2806 l-Ia

2241 2854 2335 2910 spe
2366 2837 2666 2911 Lips-nium
2702 2842 3176 2911 progredientibus
3215 2844 3458 2898 occurrit
3486 2858 3516 2899 a
3540 2843 3691 2899 crale
3729 2842 3801 2896 le-

2244 2932 2411 3004 gatio,
2431 2933 2590 2999 cujus
2608 2943 2727 2989 erat
2755 2944 2919 3004 caput
2943 2933 3208 3006 Georgius
3229 2934 3475 3005 quidam,
3498 2937 3801 3007 magistratu

2247 3023 2359 3079 illic
2407 3023 2573 3079 simili
2624 3025 2886 3096 przeditus
2921 3026 3042 3095 ejus
3088 3027 3179 3097 qui
3226 3042 3480 3082 mesazon
3525 3027 3666 3097 apud
3712 3040 3801 3079 nos

2244 3117 2470 3174 dicitur.
2499 3116 2638 3173 Huic
2664 3135 2730 3173 ex
2753 3118 2966 3174 insidiis
2994 3119 3279 3175 latrocinio
3309 3119 3520 3175 illatum
3552 3119 3799 3174 damnum

2244 3224 2301 3269 et
2333 3221 2459 3265 ante
2480 3212 2655 3267 nostri
2681 3212 2973 3267 audierant
2994 3221 3049 3267 et
3075 3211 3193 3283 ipso
3218 3211 3492 3267 referente
3511 3217 3801 3282 cognorunt

2245 3307 2474 3361 certius.
2509 3305 2683 3376 Atque
2727 3314 2789 3359 ut
2827 3303 3002 3375 primo
3029 3305 3106 3360 rei
3149 3305 3341 3360 auditu
3383 3305 3798 3361 cohorruerant.

2246 3397 2409 3469 353
2450 3398 2522 3450 ita
2577 3396 2705 3450 farti
2750 3403 2975 3466 accepta
3021 3396 3438 3451 conﬁrmatione
3488 3393 3796 3449 mmstissimi

2248 3497 2543 3545 senserunt
2580 3504 2691 3559 quo
2723 3490 2964 3545 locorum
3008 3489 3382 3559 malorumque
3425 3488 3793 3545 devenisseut:

2249 3583 2382 3653 quid
2414 3582 2561 3638 enim
2591 3598 2700 3636 non
2726 3584 2849 3652 jure
2892 3591 3209 3639 metuerent
3254 3584 3309 3637 in
3359 3591 3509 3638 tanta
3553 3578 3797 3636 barbaria:

2251 3673 2508 3728 licentia?
2539 3684 2633 3727 aut
2667 3676 2941 3744 quomodo
2973 3683 3259 3745 sperarent
3286 3675 3588 3746 parcitnros
3614 3671 3798 3727 exteris

2253 3780 2318 3841 ac
2339 3774 2742 3836 temperaturos
2763 3767 2952 3821 avidas
2987 3782 3183 3822 manus
3203 3782 3235 3822 a
3257 3782 3390 3838 gaza
3416 3765 3692 3838 peregrina
3715 3777 3799 3818 eos

2253 3855 2345 3928 qui
2362 3871 2432 3912 ne
2452 3873 2482 3912 a
2512 3858 2867 3929 popularibus
2887 3859 3106 3930 quidem
3133 3861 3268 3923 suis,
3298 3859 3595 3929 iisdemque
3617 3854 3796 3915 illustri

2256 3951 2579 4020 magistratu
2628 3952 2965 4021 conspicuis.
2993 3952 3335 4007 abstinerent
3376 3952 3598 4021 injurias
3636 3960 3797 4006 extre-

2260 4044 2414 4100 mas?
2434 4044 2704 4100 Caeterum
2728 4044 2797 4099 de
2821 4046 3039 4117 negotio
3063 4045 3182 4115 ipso
3203 4060 3267 4100 ac
3292 4044 3497 4101 findere
3518 4045 3796 4115 principum

2257 4134 2493 4189 duorum
2534 4143 2643 4189 tam
2679 4135 3141 4206 inconsequenter
3171 4146 3331 4206 atque
3365 4136 3612 4206 ambigue
3648 4136 3799 4191 Geor-

2259 4228 2379 4300 gius
2418 4228 2525 4282 iste
2568 4228 2781 4283 locutus
2825 4237 2930 4292 est,
2964 4239 3022 4284 ut
3066 4244 3217 4299 spem
3269 4244 3561 4284 successus
3606 4244 3797 4284 omnem

2262 4321 2624 4390 prudentibus
2652 4331 2954 4377 excuteret.
2979 4321 3223 4377 Primum
3253 4323 3498 4378 omnium
3523 4322 3796 4393 deprehen~

588 4412 782 4468 ordine
805 4407 1111 4471 ministerii,
1136 4405 1285 4460 nulla
1310 4419 1623 4461 mensarum
1644 4404 1935 4476 elegantia,
1963 4405 2144 4474 raptin‘

2264 4428 2385 4467 sum
2423 4424 2510 4470 est
2551 4429 2794 4470 errorem
2827 4415 3141 4485 imperatori
3176 4416 3421 4471 oblatum
3452 4417 3507 4471 in
3540 4431 3596 4470 re
3624 4417 3727 4486 ipsa
3749 4429 3801 4466 ac

590 4503 701 4557 cibi
753 4501 1109 4556 vorabantur.
1160 4498 1235 4553 Ut
1261 4512 1391 4569 ergo
1446 4495 1563 4553 haec
1605 4498 1706 4553 sibi
1750 4499 2029 4567 explorata
2067 4496 2161 4566 qtti

592 4593 744 4650 missi
789 4593 1001 4646 fuerant
1048 4590 1253 4645 reversi
1299 4590 1366 4643 ad
1409 4588 1776 4660 patriarcliam
1819 4588 2161 4652 retulerunt,

594 4697 763 4757 utque
791 4685 1104 4740 distinctius
1128 4690 1422 4737 narrarunt
1445 4697 1566 4752 qua:
1595 4682 1904 4743 audierant,
1938 4691 2165 4735 contur-

594 4780 795 4834 batunt
831 4793 893 4832 ea
928 4792 1034 4832 non
1060 4790 1254 4846 parum
1280 4775 1598 4831 comitatum
1628 4774 1967 4840 universum,
2001 4774 2169 4828 inire-

596 4880 905 4943 geruntque
938 4869 1151 4926 cunctis
1181 4869 1419 4935 animos,
1451 4867 1819 4923 sollicitudine
1864 4867 2062 4935 injecta
2099 4879 2168 4920 nc

595 4964 813 5021 insidiis
841 4965 1060 5035 excepti
1094 4963 1467 5033 spoliarentur
1494 4978 1511 5018 :
1542 4960 1675 5032 quid
1708 4960 1854 5015 enim
1889 4968 2172 5028 exspecta-

596 5067 722 5113 rent
752 5058 940 5113 mitius
980 5074 1012 5112 a
1062 5056 1316 5111 Barbaris
1357 5056 1498 5111 adeo
1530 5052 1770 5116 incultis,
1817 5067 1956 5121 quos
1989 5050 2172 5106 nullus

597 5167 720 5207 mos
761 5161 858 5206 aut
900 5151 1093 5221 pudor,
1136 5150 1319 5204 nullus
1364 5157 1652 5219 respectus
1696 5144 2050 5200 humanitatis
2079 5153 2175 5198 aut

486 5286 491 5291 ς
598 5245 761 5301 oliicii
786 5243 1116 5300 verecundia
1146 5252 1464 5296 revocatura
1484 5239 1801 5294 viderentur
1826 5237 1895 5292 ab
1925 5236 2175 5291 audendo

601 5337 745 5409 quod
794 5337 987 5391 liberet
1038 5332 1295 5405 cunque?
1340 5332 1549 5387 Tristes
1606 5331 1773 5401 igitur
1822 5330 1972 5384 hisce
2027 5330 2175 5383 curis

601 5445 907 5502 segnesque
937 5427 1333 5500 procedebant,
1364 5424 1523 5479 anxia
1555 5423 1837 5479 constricti
1883 5421 2178 5475 formidine

607 5523 979 5596 periculorum
1005 5524 1060 5579 in
1091 5528 1391 5585 momenta,
1433 5530 1490 5573 ut
1523 5517 1807 5589 putabant,
1837 5517 2048 5586 singula
2072 5517 2176 5571 im-

608 5617 988 5690 pendentium.
1040 5616 1097 5671 ln
1143 5616 1230 5672 his
1273 5612 1677 5685 suspicionibus
1721 5627 1845 5666 cum
1889 5611 2178 5665 Achridam

610 5710 981 5775 devcnissenl,
1012 5709 1214 5781 regiam
1260 5709 1332 5763 ibi
1383 5707 1719 5776 reliquerunt
1753 5706 2016 5775 virginem
2056 5720 2177 5761 cum

2264 4504 2568 4563 substantia
2631 4506 2874 4578 negotii,
2909 4508 3040 4562 dum
3087 4507 3133 4561 is
3177 4506 3343 4561 tiliam
3390 4507 3718 4576 despondere
3750 4518 3800 4557 se

2264 4612 2418 4653 suam
2464 4597 2691 4653 credidit
2737 4598 2934 4654 minori
2985 4598 3208 4668 quidem
3257 4599 3367 4654 lilio
3413 4599 3596 4658 cralis,
3640 4610 3799 4650 verum

2271 4700 2493 4762 pr0pter
2521 4692 2769 4747 morbum
2807 4692 3166 4747 incurabilem
3198 4692 3423 4762 majoris
3457 4689 3655 4747 hatredi
3681 4686 3801 4742 haud

2269 4782 2436 4837 dubio
2462 4790 2517 4837 et
2549 4781 2853 4838 successori
2896 4782 3178 4850 designato
3216 4782 3373 4853 regni
3417 4781 3636 4836 Serbiaz.
3674 4777 3803 4831 Nunc

2268 4886 2449 4929 autem
2495 4874 2897 4944 intelligebatur
2935 4891 3000 4929 ex
3045 4874 3259 4945 Georgii
3305 4872 3650 4928 sermonibus
3691 4883 3803 4923 vana

2270 4967 2360 5023 illa
2391 4966 2558 5021 fuisse
2582 5004 2597 5026 .
2629 4982 2748 5036 quae
2779 4967 2976 5036 iactata
3029 4966 3250 5023 fuerant
3281 4966 3350 5019 de
3385 4964 3559 5019 fracto
3585 4976 3729 5018 crure
3756 4975 3804 5012 ac

2272 5058 2555 5128 desperata
2599 5058 2913 5113 valetudine
2950 5057 3335 5129 primogeniti,
3369 5056 3465 5126 qui
3497 5056 3656 5110 ﬁliam
3689 5052 3804 5119 regis

2273 5151 2568 5207 Pannonia
2616 5151 2672 5205 in
2718 5151 3068 5206 matrimonio
3108 5151 3361 5205 habebat.
3408 5150 3488 5204 De
3529 5145 3729 5203 caeteris
3752 5142 3802 5194 ad

2277 5261 2388 5300 rem
2413 5260 2533 5315 quae
2559 5246 2820 5315 agebatur
2849 5243 3259 5314 spectantibus,
3296 5241 3439 5297 idem
3488 5243 3685 5311 legatus
3721 5249 3804 5287 nun

2279 5340 2462 5389 minus
2495 5334 2771 5404 inopinata
2801 5343 2857 5389 et
2883 5334 3133 5404 ambigua
3167 5332 3397 5396 ferebat,
3424 5332 3529 5386 alia
3560 5327 3805 5401 quazdam.

2279 5443 2512 5498 quormn
2558 5428 2706 5481 nulla
2750 5436 2870 5481 erat
2919 5442 3159 5497 unquam
3204 5427 3387 5481 audita
3427 5428 3580 5496 prius
3620 5419 3805 5479 mentio.

2279 5534 2592 5591 proponens
2618 5558 2635 5584 ,
2678 5518 3053 5589 circuitusque
3091 5517 3244 5574 vafre
3276 5527 3526 5588 captans,
3571 5528 3727 5584 eaque
3754 5511 3807 5564 de

2281 5615 2481 5682 quibus
2506 5622 2656 5667 certo
2687 5628 3018 5669 convenerat
3046 5621 3225 5667 astuto
3279 5611 3561 5667 involvens
3607 5608 3804 5663 silentio.

2283 5705 2413 5773 Qun:
2448 5707 2629 5760 omnia
2660 5705 2990 5763 mirantibus
3038 5707 3243 5762 nostris
3275 5705 3439 5760 simul
3486 5699 3807 5760 occurrebant
