3964 6588
250 314 374 377 805
1217 317 1313 378 DE
1355 316 1751 378 MICHAELE
1786 316 2251 379 PAL/EOLOGO
2282 318 2430 379 LIB.
2471 320 2518 381 V
3410 316 3515 378 806

250 422 456 492 ἀπῳδά
474 439 531 475 τε
585 423 675 475 καὶ
729 423 905 488 ἄλλως
945 426 1117 496 σαθρά
1153 444 1165 456 ⁸
1207 432 1402 483 ἐκεῖνοι
1461 433 1570 502 γὰρ
1614 432 1709 484 καὶ
1759 430 1834 493 ὡς
1870 442 1913 496 Α
1942 430 2043 499 τὰς
2079 430 2403 501 γνωρίζουσι
2434 431 2531 496 μὲν
2564 429 2622 482 τὸ
2654 429 2912 500 πραχθὲν,
2945 428 3167 501 ζητοῦσι
3193 429 3247 484 δὲ
3267 433 3393 494 τοὺς
3426 432 3512 484 δε-

247 511 491 582 ἄρξοντα
522 513 660 583 μετὰ
688 514 779 568 τὸν
817 516 1029 588 πατέρα
1072 520 1149 582 είς
1195 520 1356 587 κῆδος
1412 522 1698 591 προσίεντο
1744 526 1836 575 τὸν
1941 524 2227 593 δρακότας.
2290 522 2449 575 Ἀλλὰ
2498 521 2719 591 ζητοῦσι
2778 523 3004 591 μάταιος
3060 519 3128 594 ἦν
3180 524 3213 593 ἡ
3263 523 3463 593 σπουδή
3491 540 3509 559 ο

247 604 396 668 υίὺν,
425 603 517 656 τοῦ
543 605 809 675 προτέρου
843 607 950 659 τῶν
982 610 1186 663 παίδων
1231 612 1503 681 Στεφάνου
1532 614 1589 665 τὸ
1648 614 1837 675 σκέλος
1939 616 2061 669 οὔτε
2094 619 2204 687 γὰρ.
2230 612 2375 686 εἶχον
2410 614 2757 686 μαθεῖν’παρ“
2787 616 3009 669 ἐκείνων
3035 617 3161 679 τοὺς
3213 616 3507 686 σφετέρους

245 698 586 763 κατεαῖότος
614 699 705 750 καἱ
732 698 845 773 βίον
873 700 1072 765 ζῶντος
1102 703 1433 774 ἀπράγμονα
1469 723 1480 736 ·
1538 707 1565 757 ό
1618 706 1671 759 δὲ
1720 704 1836 761 ἄλλ’
1938 708 2315 769 ἐπειλυόντων,
2338 709 2429 760 καὶ
2469 707 2526 759 τὸ
2550 707 2850 775 δραστικῶς
2882 706 3155 773 ἐξετάζειν
3206 708 3298 761 καὶ
3346 707 3512 760 ἀπαι-

244 789 394 842 ἆττα
417 788 601 858 κύκλῳ
638 792 1094 861 περιόαλλόμενος
1112 794 1181 847 τὰ
1205 793 1599 866 ὡμολογημένα
1631 798 1834 867 ἐπηλυο
1936 798 2047 850 τεϊν
2077 797 2134 849 οὐ
2171 798 2491 868 συνήνεγκε,
2528 797 2601 865 μὴ
2653 798 2745 848 καὶ
2795 796 2954 849 πλέον
3007 798 3363 868 ἐπισυμόαίη,
3418 799 3511 851 ἀν-

244 877 470 942 γάζετο.
502 879 582 932 Τὰ
605 878 649 931 δ’
681 881 758 942 είς
791 880 889 949 τὴν
924 881 1042 933 ὁδὸν
1089 881 1328 953 δυσχερῆ
1403 901 1461 936 τε
1485 884 1681 948 ἄλλως,
1742 888 1835 938 καὶ
1938 881 2174 952 θρώποις
2203 884 2300 952 μὲν
2323 885 2419 953 τὴν
2453 884 2619 947 ίδέαν,
2639 883 2841 953 θηρίοις
2874 885 2928 937 δὲ
2953 885 3042 938 τὸν
3066 887 3264 953 τρόπον
3296 904 3513 957 παρεμ-

244 967 325 1031 ὡς
377 970 536 1031 αὐτὸς
600 970 807 1022 ἐδείκνυ
861 969 1184 1040 ζημιωθείς.
1236 968 1417 1026 Ἶῐσαν
1466 975 1510 1027 δ’
1542 974 1643 1027 ἀνὰ
1672 976 1835 1046 μέρος
1938 971 2232 1026 πεσόντων.
2267 973 2456 1041 Ὅμως
2485 974 2596 1035 τοῖς
2625 972 2848 1025 ἐκείνων
2897 973 3122 1043 ἄρχουσι
3170 977 3509 1045 χρησάμενοι

245 1062 345 1113 καὶ
375 1063 421 1113 oi
456 1063 585 1132 περὶ
607 1064 698 1115 τὸν
739 1064 1128 1135 χαρτοφύλακα
1162 1066 1237 1136 (αἱ
1264 1068 1373 1139 γὰρ
1420 1069 1518 1136 τῆς
1552 1068 1837 1136 δεσποίνης
1937 1064 2015 1124 εἷς
2040 1062 2293 1133 βοήθειαν
2318 1063 2479 1132 (μηδὲ
2512 1066 2615 1135 γὰρ
2664 1064 2808 1134 ἔχειν
2850 1066 2996 1127 ὅπως
3047 1067 3140 1118 καὶ
3191 1066 3509 1137 κινηθεῖεν),

244 1154 623 1224 παραγγελίαι
652 1158 743 1208 καὶ
775 1156 1025 1222 ἀξιώσεις
1051 1157 1221 1212 δειναὶ
1244 1161 1321 1221 εἰς
1355 1159 1414 1211 τὸ
1467 1162 1641 1212 ποιεῖν
1698 1160 1837 1213 ἐκεί·
1936 1155 2043 1207 τῶν
2078 1156 2398 1223 κρειττόνων
2439 1156 2620 1209 ἵππων
2648 1157 3001 1210 ἀπολωλότων
3060 1162 3509 1229 ἀντισηκούμενοι

242 1260 360 1295 νων
394 1243 721 1313 φροντίζειν,
747 1245 917 1310 οὕτως
948 1246 1140 1317 ἰδόντα)
1174 1248 1501 1311 ἐπικλῶντες
1551 1249 1647 1311 τὰς
1703 1266 1833 1317 προ·
1934 1247 2044 1307 τοῖς
2088 1249 2183 1313 τῆς
2213 1244 2390 1315 χώρας
2409 1247 2508 1298 οὐκ
2538 1246 2622 1298 ἔρξ’
2650 1247 2798 1309 ἴσων,
2842 1232 2955 1299 ἀλλ’
2990 1248 3100 1300 οὐδ’
3157 1250 3341 1316 ἐγγὺς.
3407 1267 3507 1319 μετ-

244 1333 457 1405 θυμῖας
487 1335 563 1405 τῷ
592 1338 903 1410 πατριάρχῃ
924 1340 1151 1402 καὶτοῖς
1178 1341 1455 1410 ἄρχουσιν,
1485 1339 1569 1412 [Ρ.
1598 1339 1724 1413 241]
1748 1341 1834 1409 ἐφ’
1934 1338 2282 1391 ταναστεύειν
2328 1340 2405 1400 είς
2438 1336 2728 1390 τοῦπισθεν
2757 1338 3121 1391 ἐϐουλεύοντο.
3153 1340 3261 1392 Καὶ
3313 1337 3376 1408 δὴ
3422 1340 3509 1391 δο-

241 1420 288 1493 ᾧ
319 1431 397 1496 μὴ
432 1428 591 1480 πλέον
626 1429 895 1500 προϐῆναι
937 1445 950 1459 ’
987 1430 1119 1500 μηδὲ
1152 1432 1259 1501 γὰρ
1300 1434 1506 1484 ἀνυστὰ
1561 1434 1653 1485 καὶ
1712 1435 1832 1484 ὲπι-
1935 1426 2101 1495 ξάσης
2130 1429 2224 1497 τῆς
2267 1429 2461 1497 βουλῆς
2494 1428 2701 1497 ἀγαθῆς
2732 1430 2823 1481 καὶ
2856 1430 3210 1499 συνοισούσης
3252 1428 3412 1482 πλέον
3471 1430 3506 1500 ἢ

241 1519 494 1572 κίνδυνα.
530 1519 711 1581 Οὕτως
738 1522 969 1591 ἐχόντων
996 1522 1205 1587 γίνεταί
1241 1538 1294 1573 τι
1340 1523 1432 1575 καὶ
1461 1523 1589 1576 ἄλλο
1641 1523 1831 1589 δεινὸν,
1936 1518 2043 1587 μὴν
2076 1517 2407 1586 βλαψούσηςς
2442 1518 2695 1589 πρύμναν
2726 1536 2783 1570 τε
2814 1520 3119 1589 κρούονται,
3155 1521 3214 1571 τὸ
3271 1520 3364 1571 τοῦ
3418 1519 3510 1571 λό-

240 1608 272 1661 δ
301 1610 371 1679 δὴ
403 1612 499 1662 καὶ
533 1613 610 1673 εἰς
644 1612 879 1681 ὑποψίαν
909 1612 1167 1682 ἐμϐάλλει
1198 1615 1336 1681 σφᾶς
1376 1612 1468 1666 τοῦ
1509 1616 1600 1666 καὶ
1660 1614 1824 1684 πρόσ-
1932 1624 2051 1676 γον,
2087 1609 2180 1661 καὶ
2230 1610 2340 1669 τοῖς
2380 1608 2599 1661 δπισθεν
2628 1610 3064 1679 ἐπεκτεινόμενοι
3094 1610 3197 1672 ἓως
3259 1609 3510 1679 Ἀχρίδας

241 1701 339 1754 θεν
388 1704 567 1766 ίόντας
626 1702 815 1756 παθεῖν
852 1702 917 1758 τὰ
959 1704 1228 1774 χείριστα.
1266 1705 1329 1757 Ol
1379 1705 1486 1774 γὰρ
1515 1706 1617 1773 τὴν
1647 1703 1831 1773 χώραν
1934 1700 2120 1771 ᾔεσαν.
2168 1700 2408 1753 Ἐκεῖθεν
2439 1701 2493 1753 δέ
2523 1701 2737 1769 σύναιμα
2766 1704 2831 1770 τῇ
2888 1700 3117 1770 βασιλίδι
3186 1702 3509 1765 Θεσσαλονί-

241 1794 597 1863 ὲπῳκημένοι
627 1796 763 1847 κατὰ
786 1795 971 1863 στίχας
1019 1796 1188 1858 ἰόντες
1243 1796 1530 1866 ἐφίσταντο
1579 1796 1825 1865 καθημέ-
1859 1782 1898 1839 Β
1930 1807 2034 1859 κης
2058 1790 2369 1854 ἐπιὸάντες,
2408 1790 2570 1858 κῆδος
2598 1792 2774 1843 ἐκεῖνο
2806 1792 2900 1842 καὶ
2928 1791 3200 1858 συνθήκας
3234 1792 3327 1844 καὶ
3383 1806 3507 1842 συν-

240 1903 360 1949 νοις
389 1887 670 1950 πολλάκις,
706 1891 797 1941 καὶ
833 1889 1015 1959 ἐώρων
1048 1889 1121 1951 ὡς
1152 1888 1373 1943 ἄλλοθέν
1404 1907 1503 1942 που
1556 1890 1787 1959 ἥκοντας
1810 1904 1824 1918 ο
1930 1884 2250 1952 αλλάγματα
2280 1884 2410 1952 παρ’
2463 1882 2612 1935 οὐδὲν
2675 1881 2913 1952 θέμενοι,
2961 1881 3094 1952 πρὸς
3136 1882 3360 1952 βασιλέα
3405 1882 3510 1935 ὐπ-

243 1980 401 2048 σφίσι
435 1981 479 2033 δ’
515 1977 580 2052 ἦν
611 1982 811 2043 σκοπδς
840 1985 1176 2052 παρατηρεῖν
1202 1982 1267 2035 τὰ
1290 1981 1533 2035 ἐκείνωνι
1556 1983 1639 2051 ἐφ’
1676 1975 1828 2050 ᾧπερ
1931 1973 2213 2042 ἐστρεφονο

240 2075 340 2123 καὶ
387 2074 579 2133 νυκτὸς
628 2072 944 2136 ἐπελθόντες
998 2074 1307 2144 συλήσειαν.
1367 2075 1431 2126 "0
1453 2074 1514 2142 δὴ
1570 2072 1662 2126 καὶ
1712 2073 1829 2142 μετ’
1928 2086 1999 2158 η’,
2038 2086 2112 2141 Τὰ
2156 2088 2304 2143 κατὰ
2334 2087 2441 2142 τὸν
2469 2086 2629 2156 ρἦα
2661 2088 2993 2156 Κάρουλονν
3021 2090 3120 2143 καὶ
3163 2090 3323 2157 ὅπως
3370 2092 3511 2145 ard.

239 2162 429 2230 ὀλίγον
449 2163 712 2230 λαμϐάνει
735 2165 886 2229 τέλος
925 2180 940 2195 ο
970 2165 1158 2226 νυκτὸς
1185 2166 1293 2236 γὰρ
1346 2166 1588 2228 ἐπιόντες
1637 2164 1828 2235 ἀψόφῳ
2484 2162 2600 2212 λον
2631 2159 2969 2226 ἐξηρτύετο.

240 2256 370 2308 ποδι
408 2259 535 2317 τοὺς
567 2256 785 2309 ἐκείνων
810 2256 1007 2320 ἵππους
1043 2256 1269 2320 συλῶσι,
1304 2257 1398 2309 καὶ
1495 2242 1693 2307 ’ποδῶν
1748 2252 1825 2307 εἶ·
2004 2248 2088 2319 [Ρ.
2129 2247 2260 2320 Ήῖ]
2289 2249 2423 2302 Τότε
2451 2252 2633 2303 τοίνυν
2670 2250 2809 2321 μετὰ
2848 2252 3036 2322 καιρὸν
3067 2253 3161 2306 καὶ
3199 2253 3265 2305 τὰ
3298 2252 3419 2323 περὶ
3450 2254 3509 2305 τὸ

240 2365 360 2418 χον,
392 2348 744 2415 ἀφανίζουσιν
766 2347 1009 2412 ἑαυτούς.
1044 2349 1106 2401 Ol
1139 2348 1180 2400 δ’
1212 2348 1308 2416 ἅμ’
1339 2346 1413 2420 ἕῳ
1442 2348 1537 2401 καὶ
1600 2348 1693 2400 ὑπ’
1728 2349 1823 2401 αὑ.
1931 2343 2236 2414 Δυρράχιον
2263 2340 2458 2413 ξυνέϐη
2490 2342 2698 2397 ἐλεεινὰ
2727 2344 2822 2396 καὶ
2860 2344 3040 2415 πλήρη
3066 2344 3337 2414 δακρίων.
3367 2346 3509 2416 Κρο-

244 2524 496 2593 pericula
538 2522 748 2577 infestze
799 2523 1102 2578 latrociniis
1156 2522 1273 2586 vim,
1308 2538 1427 2591 quae
1479 2537 1639 2591 quam
1716 2536 1823 2574 non
1932 2532 2078 2581 runt,
2121 2533 2241 2588 qua:
2289 2518 2400 2574 cito
2450 2518 2504 2573 in
2550 2516 2790 2575 dolorem
2839 2520 3072 2575 transiit.
3109 2520 3239 2574 Nam
3276 2537 3383 2574 non
3432 2532 3501 2576 ita

243 2617 367 2670 sine
394 2632 558 2670 causa
589 2618 936 2679 timerentur,
963 2620 1075 2684 ipse
1110 2616 1316 2687 legatus
1345 2630 1439 2669 sua
1464 2614 1583 2683 ejus
1611 2613 1826 2684 generis
1929 2612 2103 2665 multo
2137 2620 2257 2680 post
2284 2612 2534 2667 nocturni
2568 2623 2905 2683 grassatores
2931 2615 3068 2668 clam
3095 2614 3330 2685 appulsi,
3365 2615 3501 2684 pede

242 2722 447 2761 recens
484 2717 706 2777 accepta
732 2708 926 2761 damna
957 2723 1396 2763 commemorans
1422 2707 1632 2776 plenam
1663 2706 1827 2760 facie-
1930 2720 2197 2774 suspenso
2232 2721 2441 2759 summa
2469 2720 2597 2759 cura
2629 2710 2889 2776 srrcpitus
2926 2709 3163 2773 vitandi,
3201 2723 3369 2777 equos
3409 2724 3505 2761 no-

242 2799 337 2853 bat
367 2800 551 2853 fidem.
592 2800 802 2852 Partem
839 2801 999 2853 etiam
1039 2800 1319 2864 momenti,
1348 2814 1447 2852 nec
1489 2813 1605 2851 eam
1632 2798 1824 2860 levem,
1931 2806 2166 2851 strorum
2198 2797 2547 2852 abluxerunt
2593 2807 2647 2851 et
2695 2814 2817 2852 cum
2869 2799 2935 2853 iis
2982 2815 3141 2868 quam
3190 2800 3502 2870 longissime

244 2892 312 2946 ad
352 2909 557 2946 novum
594 2893 983 2947 inclinantibus
1015 2893 1304 2946 consilium
1351 2892 1661 2955 addebant,
1706 2906 1826 2960 qum.
1929 2891 2203 2959 fugerunt.
2243 2890 2467 2943 Romani
2517 2890 2620 2945 sub
2651 2906 2902 2945 auroram
2953 2892 3096 2946 furto
3138 2896 3320 2962 agnito
3351 2908 3503 2962 quai-

245 2984 648 3055 chartopbylax
686 2999 869 3039 coram
918 2993 1206 3053 perspecta
1253 2983 1510 3037 retulerat
1548 2982 1613 3037 de
1649 2982 1827 3035 sordi-
1929 2991 2057 3036 runt
2092 2992 2344 3037 auctores
2375 2980 2541 3046 facti,
2574 2981 2640 3035 de
2671 2982 2848 3035 obviis
2884 2990 3272 3051 percontantes
3304 2983 3500 3050 ecquid

244 3075 353 3129 bus
405 3084 460 3129 et
508 3075 725 3129 miseria
780 3076 1071 3129 domestica
1114 3075 1256 3145 regis
1308 3074 1540 3138 Serhize,
1599 3089 1893 3176 qumque‘,
1931 3077 2126 3131 horum
2182 3083 2426 3129 nossent.
2483 3072 2589 3127 Sed
2623 3088 2820 3127 vanum
2856 3072 3063 3127 scilicet
3107 3072 3345 3127 studium
3384 3084 3501 3128 erat

244 3168 393 3223 idem
427 3168 528 3222 sibi
562 3172 719 3223 enixe
753 3166 1132 3222 commendata
1166 3167 1379 3221 dicebat
1395 3167 1463 3220 ab
1496 3169 1734 3237 Augusta
1754 3165 1822 3219 de
1848 3159 1893 3182 ’⁸
1928 3167 2113 3222 indicii
2162 3166 2567 3235 testimoniique
2603 3165 2924 3236 corrogandi
2957 3180 2985 3218 a
3031 3165 3266 3220 consciis
3316 3165 3498 3219 furum

242 3261 642 3331 prospiciendo
689 3259 937 3330 dignitati
974 3274 1038 3314 ac
1078 3261 1381 3314 commodis
1418 3259 1542 3314 ﬁliae
1568 3300 1583 3326 ,
1619 3274 1782 3329 quam
1805 3300 1821 3326 ,
1925 3261 1981 3316 in
2017 3277 2146 3317 suos
2176 3261 2419 3332 ipsorum
2458 3261 2747 3331 pOpulares
2777 3260 3065 3325 sociosque
3096 3301 3111 3324 ,
3141 3274 3370 3328 quorum
3414 3275 3501 3313 ra-

244 3356 321 3407 uti
358 3369 420 3407 se
471 3369 556 3408 res
595 3354 884 3418 habebant,
919 3352 1265 3408 manifestum
1302 3363 1440 3419 erat,
1476 3356 1521 3409 si
1558 3355 1826 3425 perduce-
1925 3352 2219 3422 pacitatem
2253 3351 2395 3405 haud
2428 3352 2588 3422 paulo
2619 3350 2885 3404 imitaturi
2919 3352 3178 3405 libentius
3211 3366 3371 3420 quam
3403 3366 3500 3405 ac-

246 3454 402 3499 retur
431 3461 541 3514 quo
590 3445 955 3509 intenderant,
1007 3462 1110 3500 non
1164 3447 1217 3498 in
1266 3460 1490 3515 regnum
1532 3454 1625 3500 aut
1672 3444 1823 3514 regni
1924 3447 2170 3499 cusaturi
2206 3448 2538 3501 viderentur.
2583 3447 2768 3516 Itaque
2801 3446 3040 3515 prudens
3067 3446 3355 3501 consilium
3398 3444 3504 3499 fuit

245 3551 430 3606 Spem,
473 3536 566 3590 sed
626 3538 677 3590 in
730 3537 1045 3591 servitutem
1089 3537 1378 3591 transcribi
1434 3536 1820 3591 tristissimam.
1925 3555 2039 3593 rem
2066 3539 2224 3593 istam
2257 3554 2366 3592 non
2400 3539 2629 3591 nimium
2665 3552 2885 3608 urgere,
2920 3554 2987 3593 ne
3012 3539 3112 3593 ista
3144 3540 3257 3609 ipsa
3291 3542 3499 3594 instam-

245 3627 375 3682 lliec
406 3628 724 3699 patriarcha:
750 3643 814 3683 ac
852 3628 1072 3697 reliquis
1097 3627 1151 3682 in
1174 3642 1238 3681 eo
1261 3628 1522 3682 comitatu
1552 3629 1821 3698 praecipua
1927 3629 1999 3682 tia
2031 3630 2237 3683 irritata
2272 3644 2403 3700 gens
2446 3629 2703 3695 barbara,
2741 3628 3035 3683 belluinam
3081 3630 3355 3687 feritatem
3397 3632 3499 3686 hu-

244 3721 517 3790 dignitate
548 3720 860 3789 conspicuis
900 3734 1118 3773 omnem
1151 3717 1519 3788 infringebant
1560 3721 1821 3789 impetum
1924 3720 2085 3776 mana
2112 3723 2294 3777 celans
2324 3724 2527 3792 specie,
2562 3723 2719 3791 pejus
2747 3722 2951 3789 aliquid
2980 3722 3364 3793 funestiusque
3397 3725 3496 3779 de-

244 3809 486 3863 ulterius
520 3808 799 3880 pergendi,
837 3809 1025 3877 utique
1054 3807 1435 3877 reputantibus
1474 3807 1679 3861 nullum
1708 3822 1821 3862 cm-
1924 3815 2185 3885 signaret.
2218 3812 2426 3868 Tamen
2459 3828 2529 3868 ne
2563 3814 2693 3884 quid
2726 3814 3055 3868 intentatum
3090 3815 3496 3885 relinquerent,

244 3907 469 3968 ptoruin
500 3896 846 3951 commodum
879 3904 974 3949 aut
1005 3896 1195 3950 saltem
1226 3894 1562 3949 tolerabilem
1590 3896 1818 3960 exitum,
1924 3906 2271 3977 magistratus
2310 3907 2551 3960 locorum
2598 3906 2875 3970 adierunt,
2926 3917 3178 3978 rogantes
3222 3918 3278 3962 ut
3318 3923 3494 3977 equos

241 3990 458 4043 nullum
484 3988 658 4059 longa!
701 4002 763 4042 ac
800 3988 1081 4043 laboriosa!
1104 3987 1201 4041 Via!
1230 3986 1465 4042 ῖτυοιυηι
1490 3991 1820 4057 sperandum
1923 3998 2027 4052 sibi
2066 3997 2281 4052 restitui
2326 4006 2623 4064 curarent,
2656 3999 2774 4053 sine
2817 3997 3015 4068 quibus
3063 3998 3375 4053 institutum
3426 4000 3494 4053 ad

241 4098 533 4153 apparere.
567 4079 645 4135 Ne
685 4082 858 4150 pactis
902 4080 1120 4151 quidem
1162 4080 1333 4135 videri
1367 4081 1724 4135 constituram
1760 4082 1823 4134 li-
1924 4106 2104 4161 regem
2137 4092 2379 4162 ipsorum
2412 4091 2517 4146 iter
2549 4090 2815 4161 perﬁcere
2851 4094 3161 4162 nequirem.
3197 4092 3399 4146 Verum
3425 4093 3493 4146 ab

243 4178 398 4239 dem,
445 4176 491 4229 si
527 4173 708 4228 futura
739 4188 769 4227 e
804 4172 1168 4243 praesentibus
1220 4172 1640 4227 mstimarentur.
1678 4173 1808 4241 Quid

1929 4184 2009 4238 his
2040 4184 2171 4237 nihil
2208 4184 2352 4238 aliud
2393 4184 2674 4254 impetrari
2704 4185 2877 4254 potuit
2914 4186 3018 4239 nisi
3053 4195 3112 4239 ut
3158 4200 3327 4256 equos
3364 4186 3494 4255 ipsis

244 4269 419 4338 igitur
449 4267 707 4321 attineret
733 4265 788 4318 in
818 4264 1201 4336 ambiguum'et
1220 4264 1455 4334 obliquis
1482 4265 1819 4322 anfractibus
1923 4276 2159 4348 regionis
2186 4277 2325 4345 ejus,
2368 4276 2516 4331 nulla
2555 4288 2704 4348 parte
2729 4294 2852 4332 cum
2894 4278 3111 4333 amissis
3148 4279 3495 4347 CUlllpal‘abi-

242 4358 534 4414 confusum
567 4358 842 4426 negotium
876 4356 1022 4409 velut
1059 4356 1113 4408 in
1149 4370 1352 4410 caecum
1387 4357 1807 4427 perplexumque

1924 4369 2023 4436 les,
2056 4368 2339 4427 offerrent.
2386 4370 2517 4435 Quae
2561 4370 2809 4425 videntes
2856 4370 3027 4425 nostri
3080 4371 3145 4424 ad
3203 4372 3489 4426 consilium

240 4449 616 4521 labyrinthum
652 4463 774 4502 sese
824 4446 985 4503 altius
1029 4457 1086 4501 et
1130 4447 1541 4503 irrevocabilius
1594 4447 1805 4503 immer-

1924 4464 2130 4517 Landem
2164 4462 2216 4517 in
2253 4478 2494 4531 proram.
2534 4462 2694 4533 355
2726 4464 2871 4533 quod
2907 4465 3060 4518 aiunt
3084 4505 3097 4525 ,
3139 4464 3489 4518 incumbendi

241 4559 394 4616 gere,
414 4552 471 4596 et
501 4556 608 4595 non
631 4541 809 4610 potius
827 4540 1173 4611 deprehensa
1201 4542 1283 4595 vel
1307 4556 1429 4596 sero
1443 4541 1605 4613 35h.
1627 4541 1806 4598 lraude

1925 4554 2343 4625 reﬂectendique
2378 4564 2524 4609 retro
2561 4555 2773 4610 itineris
2824 4556 3096 4625 compulsi
3145 4566 3294 4612 sunt.
3325 4556 3490 4610 Refe—

239 4637 440 4709 pedem
472 4635 653 4689 statim
686 4633 928 4697 referre,
968 4635 1295 4704 tandemque
1339 4635 1547 4705 imperii
1584 4636 1804 4700 honori,

1927 4658 2100 4702 rentes
2135 4664 2261 4717 ergo
2293 4648 2483 4718 pedem
2511 4663 2672 4718 quam
2701 4649 2933 4701 maxima
2969 4649 3259 4703 velocitate
3287 4653 3337 4702 in
3373 4660 3492 4703 tan-

240 4724 610 4795 imperatorize
638 4726 861 4792 virginis
887 4725 1137 4795 dignitati
1186 4726 1456 4796 salutique
1496 4728 1805 4782 consulere?

1922 4746 1986 4799 tis
2011 4744 2416 4799 difﬁcultatibus
2442 4745 2635 4809 licuit,
2680 4744 2974 4799 Achridam
3022 4761 3079 4799 se
3123 4756 3487 4815 receperunt,

240 4818 397 4872 Talia
420 4817 525 4871 illis
542 4817 972 4873 deliberantibus
997 4827 1056 4872 et
1082 4818 1261 4872 adhuc
1286 4820 1569 4875 sententia:
1602 4821 1805 4875 incerti:

1921 4837 2099 4906 ibique
2134 4846 2467 4905 rcsumptam
2499 4837 2701 4906 regiam
2749 4837 3011 4907 virginem
3043 4838 3486 4892 Thessalonicam

239 4913 563 4981 supervenit
592 4911 865 4980 quidpiam
888 4952 902 4975 ,
942 4926 1050 4979 quo
1081 4910 1419 4979 suspiciones
1451 4912 1503 4965 in
1534 4923 1735 4967 metum
1762 4924 1804 4967 ei

1921 4928 2269 4992 dcducentes,
2304 4929 2427 4982 inde
2470 4931 2672 4983 omissa
2699 4930 2808 4998 jam
2839 4929 2987 4983 omni
3037 4929 3368 4999 cogitatione
3402 4930 3486 4981 in-

240 5006 706 5075 οιεβεοιθίίοηθηλ
738 5013 1084 5059 Veneremur
1114 5015 1316 5058 cenam
1345 5020 1510 5075 8'3“?
1549 5007 1808 5076 QUiddam
1914 5018 2088 5087 dignm
2116 5036 2177 5073 ac
2212 5021 2530 5090 perniciosae
2563 5021 2839 5077 aflinizatis
2870 5021 2935 5073 ad
2983 5023 3360 5089 imperatorem
3396 5036 3485 5073 re-

239 5106 296 5151 ct
325 5096 541 5150 exitiale
567 5096 831 5166 patiendi,
887 5096 930 5148 si
985 5110 1147 5165 porro
1186 5106 1495 5167 pergerent,
1545 5099 1811 5168 siquidem
1915 5107 2154 5165 dierum,
2391 5103 2397 5109 '

240 5186 436 5239 incolae
465 5185 699 5255 regionis
731 5200 827 5255 per
872 5193 1077 5240 turmas
1111 5187 1435 5242 accedentes
1473 5191 1814 5245 recedentes-

238 5293 368 5348 que,
391 5278 485 5331 ubi
509 5278 756 5331 cominus
778 5287 1104 5346 aspexerant
1124 5279 1345 5333 minime
1369 5280 1619 5335 familiari
1635 5286 1803 5349 vultu,

2016 5270 2088 5319 De
2139 5267 2528 5350 Dyrrhachio,’
2558 5280 2605 5350 et
2660 5270 2724 5323 de
2784 5281 3083 5324 (errremqu
3130 5286 3231 5339 quo
3275 5278 3349 5321 est
3395 5269 3535 5322 il'a'

240 5385 301 5424 ac
350 5371 431 5425 sic
462 5370 699 5439 speciem
737 5370 1042 5440 praebentes
1074 5372 1320 5426 euntium
1358 5387 1803 5445 praeoccupatum
2004 5352 2011 5359 ’
2483 5352 2666 5393 “mas
2712 5358 2910 5394 ⁸⁸³⁸³³⁸·

242 5462 457 5517 insidiis
494 5462 669 5516 locum
694 5504 709 5528 ,
753 5463 897 5517 unde
928 5475 1094 5517 noctu
1146 5476 1493 5533 erumpentes
1547 5468 1810 5538 impetum
1983 5476 2140 5530 Circa
2173 5477 2273 5531 hoc
2308 5486 2522 5548 tempus
2548 5487 2641 5532 aut
2663 5480 2822 5549 paulo
2849 5489 2971 5549 post
2995 5479 3224 5551 contigit
3252 5480 3485 5534 misera-

241 5554 486 5609 faccrent
517 5554 569 5608 in
605 5556 953 5624 peregrinos,
997 5571 1225 5626 quorum
1284 5558 1388 5611 iter
1438 5561 1812 5629 explorassent
1911 5567 2037 5623 bilis
2066 5578 2120 5623 et
2153 5570 2396 5624 omnium
2436 5571 2598 5639 digna
2636 5573 2889 5643 lacrymis
2922 5573 3335 5644 Dyrraehiensis
3377 5572 3487 5625 ειη-

241 5656 297 5700 et
338 5661 504 5716 quam
543 5648 774 5701 multum
823 5647 1018 5717 praeda:
1070 5648 1348 5705 traherent
1384 5653 1636 5720 praesenti
1675 5670 1808 5709 con-
1911 5660 2027 5725 des,
2061 5660 2207 5715 hunc
2229 5660 2397 5716 ferme
2425 5662 2478 5715 in
2514 5664 2755 5718 modum.
2788 5662 2974 5720 Mense
3026 5664 3249 5737 ineunte
3292 5663 3485 5719 Matio

246 5750 438 5810 specta
478 5739 878 5807 observassent,
938 5739 1282 5797 formidinem
1320 5744 1523 5800 nostris
1552 5746 1807 5805 admove-
1911 5756 2094 5810 sonori
2125 5771 2155 5813 e
2190 5766 2328 5812 terra
2358 5757 2599 5829 fragores
2634 5758 2955 5818 increbuere
2980 5760 3033 5816 in
3058 5758 3342 5831 strepitum
3372 5759 3487 5812 fere
