3964 6592
505 275 612 339 807
637 291 640 295 ‘

1689 269 2020 334 GEORGII
2062 270 2543 333 PACHYMERJE

3629 277 3723 339 803

504 391 623 444 νίου
650 387 759 459 γάρ
785 389 1069 453 ἐνστάντος
1098 387 1267 461 μηνὸς
1311 387 1604 460 ἀσυνήθεις
1649 386 1809 457 ψόφοι
1845 385 1943 458 τὴν
1973 385 2075 453 γῆν
2099 386 2151 446 Α
2175 385 2316 438 κατά
2344 402 2461 438 τιινα
2490 383 2661 455 τύχην
2693 382 3063 454 ἐπιπεσούσης
3088 382 3254 454 ἄλλης
3280 385 3725 458 συνελαμϐάνετο.

504 482 807 552 ἐτάρασσον
838 481 1097 553 συνεχῶς,
1119 478 1213 543 οὓς
1245 480 1309 551 δὴ
1340 479 1608 550 βοασμοίις
1647 476 1967 546 κοινολογῶν
1995 476 2070 529 εῖ-

505 588 597 623 ποι
634 588 739 634 τις,
801 573 896 624 καὶ
922 572 1068 641 δῆλοι
1117 567 1258 641 ἦσαν
1294 572 1643 640 σημαίνοντες
1669 569 1819 622 trtth
1843 564 2070 635 ἐγγύθεν

504 662 695 716 κακόν.
731 663 877 725 Μιᾶς
910 662 1038 731 γοῦν
1065 652 1274 733 ἡμέρας
1306 668 1400 715 καὶ
1429 660 1811 732 συνεχέστερον
1837 660 2073 728 ὲπήχουν

504 755 553 807 οἱ
586 734 766 824 κρότοί
795 755 889 807 καὶ
915 756 1101 824 μεῖζον
1132 754 1470 825 ἢπρότερον.
1502 754 1624 816 Τοῖς
1674 752 1773 823 μὲν
1824 746 1917 805 οὖν
1974 751 2073 818 ὲμ-

505 843 745 900 πεσοῦσα
772 844 943 898 δειλία
980 844 1086 909 ἐξω
1112 861 1223 897 που
1252 848 1528 897 κατοικεῖν
1556 843 1649 897 τοῦ
1694 844 1882 906 ἄστεος
1932 840 2074 894 ἐπει-

504 935 615 999 θεν,
648 935 725 995 ὡς
757 936 805 987 εί
833 935 990 987 πλέον
1027 934 1250 1003 γένηται
1277 934 1628 1000 ἀλυξείουσιν.
1677 933 1834 987 Ἀλλὰ
1858 931 1954 996 νὺξ
2002 926 2071 1000 ἦν

502 1030 859 1098 ὲπιγινομένη
907 1030 1018 1090 τοῖς
1074 1029 1354 1098 ἡμερινοῖς
1411 1028 1637 1089 ἐκείνοις
1683 1024 2074 1096 θορύϐοιςοκαὶ

506 1119 726 1188 σεισμὸς
758 1120 1021 1188 ἐμπίπτει
1057 1118 1220 1189 βαρὺς
1276 1119 1370 1172 καὶ
1417 1118 1525 1171 τῶν
1588 1119 2073 1187 μνημονευομένων

502 1211 730 1279 μείζων.
770 1208 879 1264 Ἦν
905 1211 949 1263 δ’
985 1212 1189 1274 ἐκεῖνος
1212 1211 1270 1263 οὺ
1297 1210 1518 1280 τρόμος,
1548 1208 1623 1271 ὼς
1652 1208 1717 1261 ἄν
1772 1226 1853 1272 τις
1907 1208 2071 1275 sinet,

501 1304 603 1371 γῆς
637 1288 857 1387 κατάξτὸ
881 1301 1095 1371 λέχριον
1136 1300 1483 1369 κινουμένης,
1515 1300 1649 1352 ἀλλὰ
1710 1299 1851 1351 κατὰ
1904 1314 2074 1367 σφυγ-

504 1395 638 1465 μοὺς
668 1394 1054 1461 ἀνατιναγμὸς,
1083 1392 1157 1455 ὡς
1183 1396 1239 1446 ὲν
1276 1393 1476 1462 ἀκαρεῖ
1529 1393 1706 1444 πᾶσαν
1762 1390 1859 1459 τὴν
1921 1390 2074 1442 πόλιν

502 1487 717 1553 ἐκείνην
768 1487 832 1538 ὲκ
888 1484 1151 1554 θεμελίων
1198 1484 1576 1553 ἀνατραπῆναι
1628 1486 1721 1535 καί⁵
1769 1484 1955 1535 πεσεῖν
1994 1483 2074 1544 είς

500 1574 781 1644 τοῦδαφος.
813 1571 967 1627 Οἶκοι
997 1574 1042 1628 δ’
1067 1577 1265 1627 ἐκεῖνοι
1297 1578 1390 1626 καὶ
1421 1574 1737 1636 ἀναστάσεις
1764 1574 2075 1641 κτισμάτων

503 1670 637 1739 μηδὲ
666 1669 725 1721 τὸ
753 1667 928 1749 βραχὺ
954 1668 1294 1737 ἀντισχόντες
1344 1666 1647 1720 ἐνεδίδοσαν
1690 1668 1785 1719 καὶ
1840 1665 2077 1719 κατέπι-

2169 478 2279 531 Καὶ
2308 473 2377 548 ἦν
2409 477 2604 547 ἀθρόον
2638 476 2736 547 μὲν
2774 475 2834 529 τὸ
2853 475 3042 541 δεινὸν,
3099 475 3359 548 δυσχερὲς
3407 477 3465 532 δδ
3518 479 3550 548 ἢ
3600 480 3727 539 ὥστε

2170 568 2293 621 τινὰ
2317 568 2556 637 φυγόντα
2581 559 2869 631 σώζεσθαι.
2901 567 3124 630 Πολλοῖς
3151 568 3208 622 δὲ
3242 570 3335 623 καὶ
3357 570 3495 642 ὄναρ
3519 574 3729 648 ἐπέστη,

2169 659 2220 712 οἳ
2254 660 2347 713 καὶ⁵
2373 659 2503 731 πρὶν
2535 659 2731 729 μαθεῖν
2750 658 2811 711 τὸ
2845 658 3059 728 συμϐάν
3098 660 3198 713 οὐκ
3240 661 3477 728 ἔφθανον
3513 664 3731 720 ἀπολλύ-

2174 768 2345 821 μενοι.
2380 752 2650 823 Παιδάρια
2680 750 2736 805 δὲ
2768 750 2861 804 καὶ
2893 750 3071 822 βρέφη
3099 751 3223 822 μηδ’
3263 752 3439 823 ἔχοντ’
3470 754 3658 812 ειδέναι
3680 761 3732 813 τὸ

2173 844 2406 913 χαλεπὸν
2432 846 2544 907 τοῖς
2574 842 2839 911 ἐρειπίοις
2900 842 3431 912 συγκατεπνίγοντο.
3486 845 3732 912 Τοσοῦτος

2171 930 2217 984 δ’
2249 925 2317 1000 ἦν
2344 933 2371 984 ό
2395 930 2651 1001 ἐξαίφνης
2679 929 2881 992 κτύπος
2907 932 3000 983 καὶ
3027 930 3276 999 θόρυὸος.
3331 932 3477 988 ὥστε
3520 936 3617 991 καὶ
3649 939 3731 1008 τῆς

2175 1022 2447 1092 θαλάσσης
2475 1023 2960 1094 ἀναδρασσομένης
2987 1021 3186 1087 ἔξωθεν
3225 1025 3354 1088 τοὺς
3411 1031 3714 1096 περιγεγονό

2172 1129 2270 1176 τας
2294 1114 2558 1180 ὑπονοεῖν,
2592 1116 2691 1183 οὐχ
2717 1114 2864 1177 ὅπως
2897 1114 3073 1184 ἀρχὴν
3102 1115 3309 1171 ὠδίνων
3336 1116 3424 1189 [Ρ.
3459 1117 3583 1191 245]
3610 1120 3736 1174 ἐκεῖ·

2175 1222 2262 1267 να,
2290 1204 2423 1258 ἀλλὰ
2447 1206 2543 1259 καὶ
2564 1206 2734 1278 αὐτὴν
2750 1210 2842 1262 τοῦ
2870 1210 3074 1279 κόσμου
3094 1207 3384 1277 ἐπιστῆναι
3411 1210 3704 1263 συντέλειαν
3721 1229 3733 1243 ο

2173 1295 2251 1365 τῷ
2279 1297 2388 1366 γὰρ
2423 1297 2874 1367 παραθαλασσίαν
2902 1300 3003 1371 μὲν
3038 1300 3137 1369 τὴν
3161 1297 3317 1352 πόλιν
3349 1299 3567 1370 ἐκείνην
3594 1296 3735 1367 εἶναι,

2174 1387 2343 1441 δεινὸν
2368 1387 2425 1440 δὲ
2456 1389 2550 1442 καὶ
2578 1391 2839 1459 τιναγμδν
2862 1392 3120 1460 ἐμπεσεῖν
3149 1390 3434 1459 ἐξαίφνης,
3471 1391 3623 1445 τόσου
3650 1393 3736 1462 μὲν

2178 1479 2406 1550 θορύϐου
2436 1482 2719 1549 γεγονότος
2746 1481 3069 1548 ἀνθρώπων,
3092 1483 3250 1534 τόσου
3290 1484 3349 1535 δὲ
3374 1471 3586 1535 ’κτύπου
3635 1484 3737 1537 ἑπι-

2179 1574 2634 1626 καταπιπτόντων
2668 1574 2920 1644 ἀλλήλοις
2943 1573 3052 1628 τῶν
3078 1574 3201 1644 οίκη
3213 1574 3425 1641 μάτων,
3471 1576 3522 1626 οἱ
3553 1574 3736 1640 ἔξωθεν

2177 1664 2494 1735 εὑρεθέντες
2528 1665 2791 1733 μειζόνως
2815 1664 3265 1728 κατασεισθέντες
3298 1666 3403 1729 τὰς
3451 1665 3618 1728 ἀκοὰς
3663 1666 3739 1718 οὐ-

501 1727 655 1825 σιτ-ον,
678 1727 1435 1829 ἐναπολαμσανομενωνήὲντὸς
1447 1759 1556 1812 τῶν
1576 1757 1896 1830 ἀνθρώπων,
1918 1759 2078 1829 μηδε-
2111 1727 2153 1782 Β
2178 1727 2266 1807 δὲν
2295 1749 2438 1824 εἶχον
2476 1727 2721 1808 ύπονοεῖν
2751 1755 2938 1824 ἕτερον
2964 1753 2996 1823 ἦ
3040 1754 3134 1806 τοῦ
3164 1727 3393 1823 κόσμουή
3427 1727 3623 1818 παντὸς
3667 1753 3739 1818 ἑξ-

501 1849 590 1912 νὸς
614 1848 827 1918 ἔχοντος
859 1849 966 1918 ὅπη
999 1847 1182 1917 φύγοι.
1212 1846 1286 1899 Τὸ
1315 1847 1424 1916 γάρ
1469 1847 1577 1899 τῶν
1631 1846 2078 1916 οἰκοδομημάτων
2179 1844 2457 1912 αφάνισιν.
2502 1842 2619 1896 Ἐπ’
2646 1845 2746 1897 οὐκ
2770 1843 2951 1911 ὀλίγον
3001 1839 3094 1897 οὖν
3119 1844 3213 1897 τοῦ
3268 1844 3500 1912 σεισμοῦ
3550 1846 3736 1915 κρατή-

503 1939 719 2008 συνεχὲς
745 1942 810 2009 τῇ
845 1939 1067 1991 ἐκείνων
1098 1938 1244 2008 φυγῇ
1297 1936 1646 2002 προσίστατο,
1676 1940 1771 1990 καὶ
1802 1935 1978 2006 πολλῷ
2011 1931 2080 2007 ἦν
2180 1952 2394 2000 σαντος,
2423 1935 2497 1998 ὡς
2526 1935 2693 2006 μηδὲν
2724 1937 2897 2001 ἑστὼς
2926 1937 3453 2007 ἐγκαταλειφθῆναι,
3488 1936 3618 1990 ἀλλὰ
3647 1938 3737 1991 πᾶν

2178 2027 2237 2079 τὸ
2262 2027 2413 2089 ὲντὸς
2446 2030 2782 2080 καταπεσεῖν
2820 2031 3064 2095 καὶτοὺς
3104 2030 3434 2103 ἀνθρώπους
3491 2046 3739 2099 συγκατα-

2180 2119 2375 2189 χῶσαι,
2401 2120 2552 2190 παρά
2577 2120 2744 2189 μόνην
2768 2122 2941 2192 αὐτὴν
2963 2123 3062 2195 τὴν
3090 2124 3392 2195 ἀκρόπολιν
3425 2123 3623 2192 (ἐκείνη
3644 2124 3737 2192 γὰρ

2180 2212 2273 2264 καὶ
2301 2211 2526 2280 ἀντέσχε
2567 2212 2663 2264 καὶ
2685 2214 2784 2281 οὐχ
2815 2213 3058 2285 ὑπήκουε
3090 2214 3168 2286 τῷ
3185 2214 3444 2284 σεισμῷ),
3469 2213 3669 2284 ἡμέρας
3690 2215 3737 2268 δὲ

2181 2301 2440 2374 φανείσης
2477 2304 2864 2374 συντρέχουσιν
2893 2306 2944 2359 οἱ
2979 2306 3250 2378 περίοικοι
3299 2306 3422 2376 ἃμα
3461 2305 3735 2376 μακέλλαις

503 2032 633 2102 ρᾷὂν
660 2030 808 2091 ἐντὸς
841 2029 1029 2082 οἰκιῶν
1070 2024 1368 2098 ἤεξὶὀντας
1397 2027 1688 2093 σώζεσθαι,
1722 2028 1860 2098 πλὴν
1891 2028 2084 2081 κάκεί-

501 2139 607 2175 νων
635 2120 910 2175 σωθεισῶν
932 2125 996 2176 ἐκ
1030 2122 1229 2193 μέρους
1249 2137 1263 2151 ·
1287 2121 1406 2174 οὐδὲ
1431 2123 1539 2191 γάρ
1571 2116 1640 2192 ἦν
1670 2121 1788 2191 ἥτις
1818 2121 1911 2173 καὶ
1939 2120 2081 2175 κατὰ

500 2214 563 2266 τὸ
591 2215 851 2283 ἀκέραιον
901 2214 1190 2281 διεγένετο.
1229 2212 1397 2281 "ann
1449 2213 1557 2283 γάρ
1610 2212 1697 2265 ἐπ’
1747 2212 1881 2284 ἄλλῃ
1929 2213 2081 2265 συνέ-

500 2322 695 2372 πιπτε,
720 2306 816 2359 καὶ
846 2307 874 2359 ό
911 2305 1114 2375 ταύτης
1147 2305 1420 2375 πεσούσης
1450 2306 1539 2360 τὸν
1570 2304 1810 2359 κίνδυνον
1838 2304 2078 2377 ἀποδρὰς

2181 2461 2405 2518 dissima
2426 2476 2547 2517 sors
2575 2461 2960 2533 plerorumque
2977 2462 3149 2518 videri
3175 2460 3448 2532 potuerit,
3476 2474 3608 2530 quos
3633 2458 3738 2514 dor-

2181 2556 2435 2621 mientes,
2464 2556 2615 2611 velut
2638 2556 2794 2610 triste
2822 2555 3118 2623 somnium,
3153 2571 3305 2610 mors
3334 2553 3570 2609 invasit:
3594 2552 3736 2606 lucri-

2182 2648 2429 2704 fecerunt
2464 2648 2609 2703 enim
2653 2648 2929 2719 angustias
2975 2647 3320 2718 prmcessuri,
3369 2647 3416 2702 si
3461 2646 3732 2717 vigilarent,

2182 2740 2353 2796 fatum
2391 2750 2692 2796 extremum
2752 2752 2931 2795 metus
2981 2747 3037 2795 et
3074 2739 3478 2810 desperationis
3527 2736 3734 2793 saevissi-

501 2445 819 2525 contitiuutn
845 2485 860 2536 ;
888 2468 1074 2539 quales
1110 2445 1365 2524 boasmos
1413 2468 1528 2523 sive
1545 2471 1739 2523 beatus
1767 2483 1891 2524 cum
1921 2469 2081 2540 vulgo

501 2559 735 2629 loquens
769 2560 889 2629 quis
918 2560 1139 2615 dixerit.
1183 2559 1250 2615 lii
1281 2560 1541 2615 nimirum
1589 2561 1735 2616 clare
1784 2560 2080 2615 denuntia-

504 2652 635 2704 bant
662 2650 956 2704 imminens
1006 2651 1229 2705 malum.
1253 2649 1389 2706 Cum
1420 2651 1501 2707 sic
1526 2651 1840 2722 aliquandiu
1869 2651 2082 2709 inferne

504 2740 793 2808 tonuisset,
836 2749 1064 2808 repente
1093 2742 1180 2796 die
1210 2742 1441 2812 quadam
1474 2743 1687 2797 acutius
1708 2755 1763 2798 et
1788 2743 2083 2799 continen-

504 2830 616 2886 tius
637 2830 933 2886 insonuere
957 2841 1132 2902 empta
1161 2833 1422 2896 tonitrua,
1450 2849 1559 2904 quo
1580 2849 1770 2889 eorum
1791 2843 2084 2905 augmento
2184 2850 2303 2891 mos
2331 2836 2606 2899 horrores,
2634 2834 2725 2904 qni
2767 2834 3074 2888 calamitate
3115 2833 3209 2901 im;
3233 2832 3417 2887 rovisa
3456 2830 3583 2886 citra
3626 2844 3732 2884 sen-

502 2922 637 2977 moti
667 2922 885 2993 quidam
931 2923 985 2978 in
1017 2921 1363 2980 formidinem
1402 2924 1667 2980 acriorem
1692 2926 1864 2990 ,tectis
1887 2942 2081 2985 exces-
2183 2943 2305 2984 sum
2338 2926 2521 2982 hausti
2560 2942 2681 2982 sese
2709 2928 2889 2997 perire
2928 2926 3266 2982 nescierunt.
3316 2925 3450 2992 Quae
3495 2922 3731 2994 praecipua

501 3026 716 3081 serunt,
748 3017 1052 3073 diversorio
1085 3027 1237 3073 extra
1279 3020 1469 3073 urbem
1496 3018 1745 3088 quaasito,
1772 3028 1831 3074 ut
1871 3020 1917 3075 si
1950 3020 2082 3091 quid
2110 3061 2153 3120 ο
2188 3020 2418 3076 felicitas
2449 3020 2765 3075 lactentium
2784 3027 2880 3075 aut
2905 3021 3147 3075 nondum
3173 3034 3266 3088 per
3291 3027 3511 3074 atatem
3535 3012 3733 3070 rationis

504 3106 635 3165 inde
661 3109 932 3167 funestius
960 3109 1261 3182 ingrueret,
1302 3110 1531 3165 salutem
1562 3109 1617 3164 in
1652 3120 1768 3165 tuto
1794 3111 2081 3168 haberent.
2113 3105 2153 3120 “
2191 3125 2503 3185 compotum
2541 3113 2890 3182 puerulorum
2922 3113 3042 3167 fuit.
3077 3111 3235 3166 Tales
3259 3111 3413 3167 enim
3450 3107 3621 3165 obtriti
3639 3105 3732 3161 suf-

504 3199 673 3256 Nocte
721 3217 884 3271 porro
921 3202 1339 3271 superveniente
1383 3201 1595 3257 diurnis
1643 3202 1954 3273 huiusmodi
2001 3214 2085 3258 tu-
2190 3206 2425 3261 focative
2454 3221 2616 3259 unam
2662 3204 3087 3276 experiebantur
3127 3203 3407 3258 miseriam
3452 3213 3730 3271 corporum.

504 3292 769 3350 multihus
799 3302 1137 3348 terrmmotus
1174 3292 1368 3348 incidit
1404 3292 1583 3365 gravis
1616 3304 1671 3349 et
1722 3295 1978 3350 omnibus
2017 3296 2085 3352 de
2190 3299 2340 3354 nullo
2370 3300 2567 3368 praevio
2589 3298 2971 3353 exacerbatam
2997 3312 3200 3369 angere
3235 3297 3566 3352 animorum.
3608 3290 3732 3346 lnter

505 3384 704 3455 quibus
722 3395 806 3439 cst
835 3384 996 3440 fando
1023 3384 1266 3439 auditum
1293 3385 1685 3441 vehementior.
1714 3385 1833 3441 Non
1860 3387 2006 3442 enim
2036 3386 2084 3443 is
2189 3392 2445 3448 hmccum
2483 3390 2551 3446 ad
2590 3389 2830 3445 sonitum
2876 3390 3153 3444 ruentium
3222 3397 3515 3452 tectorum,
3549 3383 3611 3439 ad
3642 3382 3730 3436 clav

505 3484 626 3529 erat
646 3484 847 3528 tremor
865 3472 1020 3543 quasi
1041 3473 1164 3543 quis
1188 3472 1388 3528 dixerit
1410 3479 1567 3530 terra:
1590 3473 1647 3528 in
1670 3472 1949 3544 obliquum
1982 3489 2086 3528 nu-
2189 3497 2372 3537 mores
2406 3491 2462 3537 et
2495 3480 2730 3551 gemitus
2769 3480 3114 3551 pereuntium
3146 3478 3434 3535 hominum
3479 3474 3730 3531 accederet

510 3566 698 3634 tantis,
733 3565 829 3622 sed
863 3566 1179 3637 reciprocus
1207 3566 1574 3622 validissimus
1614 3567 1904 3639 impulsus,
1939 3583 2086 3624 nunc
2190 3572 2472 3629 horribilis
2543 3571 2795 3627 fremitus
2854 3570 3075 3626 insolito
3118 3567 3341 3641 quoque
3413 3566 3568 3623 simul
3617 3571 3727 3619 testu

508 3659 658 3715 velut
688 3657 1059 3727 contrahentis
1096 3676 1240 3728 sese,
1276 3676 1425 3716 nunc
1464 3662 1672 3733 impetu
1712 3662 1989 3717 contrario
2026 3677 2088 3718 se
2187 3662 2598 3719 efl‘erveScentis
2632 3661 2801 3716 maris
2824 3702 2840 3727 ,
2898 3661 2990 3731 qui
3041 3661 3222 3716 adhuc
3276 3665 3596 3731 supererant
3632 3655 3728 3710 haec

508 3744 786 3804 dilatantis
817 3756 872 3802 et
893 3748 1160 3819 ejicientis
1181 3749 1307 3805 soli.
1339 3749 1458 3818 Quo
1485 3767 1552 3808 ex
1579 3753 1791 3808 alterno
1821 3769 2084 3810 succussu
2189 3764 2302 3811 tam
2325 3755 2590 3811 atrocium
2613 3754 2768 3810 initia
2782 3754 3035 3809 dolorum
3064 3768 3174 3808 non
3194 3754 3289 3808 uni
3320 3751 3600 3825 quantovis
3633 3746 3729 3803 usi-

508 3839 736 3909 contigit
770 3840 1079 3898 universam
1139 3842 1284 3897 illam
1324 3853 1599 3900 momento
1634 3860 1665 3900 a
1716 3844 2087 3903 fundamentis
2190 3854 2302 3901 tato
2345 3844 2649 3901 infortunio
2714 3859 2895 3901 rerum
2949 3845 3311 3901 humanarum
3345 3886 3361 3911 ,
3414 3843 3508 3899 sed
3554 3840 3728 3897 ultima

509 3932 685 3987 everti
733 3933 1133 4005 concidereque
1167 3934 1469 3991 civitatem.
1515 3937 1717 3993 Domus
1749 3939 1921 4007 enim,
1963 3955 2086 4012 qua:
2187 3936 2871 3994 consummationinatura:
2890 3952 2955 3993 ac
2982 3936 3171 3993 mundi
3203 3936 3446 3992 universi
3469 3931 3729 4005 praeludere

510 4022 659 4079 illam
685 4024 1017 4094 conflabant,
1057 4036 1113 4082 et
1161 4026 1249 4080 illa
1281 4028 1573 4098 quantavis
1604 4040 1880 4086 exstructa
1915 4031 2083 4087 ﬁrmi-
2186 4033 2474 4103 putabant.
2519 4029 2655 4086 Cum
2704 4029 2851 4085 enim
2914 4030 2982 4084 ad
3023 4045 3174 4085 mare
3212 4026 3592 4084 tumultuosius
3633 4030 3726 4077 tum

511 4118 702 4173 tudine
721 4128 1147 4191 exaggerataque
1167 4118 1415 4184 aedificia,
1440 4120 1585 4176 haud
1607 4121 1760 4192 paria
1781 4123 2085 4182 resistendo
2186 4138 2350 4195 quam
2394 4132 2554 4178 antea
2583 4137 2822 4194 unquam
2859 4122 3232 4179 intumescens
3257 4122 3365 4178 sita
3417 4116 3730 4192 Dyrrachien-

510 4220 784 4281 prostrata
806 4221 954 4274 sunt.
985 4210 1346 4282 deprehensis
1373 4210 1523 4267 intus
1544 4213 1861 4271 hominibus
1884 4215 2083 4273 misere
2186 4216 2265 4273 sis
2311 4216 2446 4274 urbs
2476 4225 2644 4283 esset,
2689 4231 2927 4287 cumque
2978 4230 3047 4271 ex
3094 4213 3246 4270 urbis
3294 4214 3557 4270 universa:
3606 4205 3726 4263 varia

510 4302 809 4372 oppressis,
852 4301 1074 4358 nemine
1102 4318 1211 4374 quo
1246 4312 1342 4359 aut
1370 4319 1475 4375 qua
1519 4304 1782 4377 ell‘ugeret
1826 4308 2085 4366 habente.
2187 4311 2375 4377 ruina,
2420 4327 2488 4367 ex
2532 4311 2816 4367 collisione
2851 4310 3179 4367 caducarum
3211 4310 3458 4373 molium,
3488 4323 3550 4363 ex
3584 4304 3728 4375 ejula-

510 4394 643 4449 Nam
669 4395 1084 4465 erumpentibus
1114 4410 1145 4450 e
1168 4397 1389 4467 proprio
1409 4395 1686 4453 domicilio
1703 4398 1963 4456 domuum
1987 4417 2093 4456 un-
2124 4422 2170 4479 ι)
2196 4405 2345 4461 tibus
2391 4413 2868 4461 consternatorum
2913 4412 3011 4458 aut
3059 4404 3410 4459 morientium
3466 4407 3726 4458 concentus

512 4488 918 4560 diqueaiiarum
934 4488 2095 4569 ruitimoccurrebant,utsperabilior353
2201 4497 2455 4554 horriﬁce
2504 4496 2701 4552 mistus
2746 4495 3070 4551 immanium
3145 4511 3406 4551 sonorum
3463 4494 3728 4561 fragorem-

515 4582 665 4638 salus
695 4582 799 4637 sub
830 4590 976 4637 tecto
1004 4584 1355 4639 manentibus
1385 4596 1546 4655 quam
1587 4584 1984 4657 prodeuntibus
2016 4589 2101 4643 vi-
2198 4605 2305 4661 que
2357 4604 2540 4645 aerem
2583 4590 2905 4660 compleret,
2950 4589 3044 4660 qui
3066 4596 3217 4644 extra
3254 4586 3623 4660 Dyrrhachium
3656 4581 3726 4635 illa

514 4675 762 4730 deretur.
801 4673 907 4729 Sed
936 4684 992 4730 et
1023 4676 1068 4730 si
1108 4692 1213 4747 qua
1244 4693 1371 4747 pars
1397 4676 1657 4732 domuum
1693 4688 1850 4733 terra:
1878 4678 2101 4736 assulti-
2197 4693 2361 4740 nocte
2405 4685 2648 4749 fuerunt,
2681 4684 3012 4755 accipientes
3045 4668 3295 4740 attonitis
3321 4683 3535 4739 auribus
3562 4675 3729 4734 tumul-

512 4767 616 4823 bus
644 4766 933 4822 obsisteret
967 4767 1331 4838 (nullaautem
1370 4767 1684 4823 fuitdomus
1722 4784 1838 4838 quae
1858 4785 1969 4825 non
1990 4773 2098 4827 sal-
2201 4778 2572 4835 tuosissimam
2628 4779 2787 4835 iniam
2818 4780 3198 4835 confusionem
3239 4795 3428 4835 νοοωιι
3475 4785 3525 4832 et
3558 4768 3728 4840 strepio

518 4870 631 4913 tem
676 4872 741 4912 ex
781 4868 933 4930 parte
970 4860 1039 4916 iis
1058 4858 1504 4933 dejiceretur),'si
1524 4861 1703 4928 cujus,
1719 4859 2076 4937 inquamhredi

2203 4880 2354 4927 tuum
2398 4871 2963 4939 horribilissimorum,
3003 4873 3143 4928 nihil
3174 4888 3308 4928 sane
3359 4866 3606 4941 suspicari
3641 4860 3727 4918 nti-

514 4950 625 5006 flcii
695 4952 1000 5007 membrum
1059 4953 1271 5008 firmius
1312 4969 1424 5008 non
1480 4952 1904 5008 labefactaretur
1964 4970 2100 5010 con-
2201 4964 2311 5019 tius
2340 4973 2767 5035 poterantquam
2805 4964 3721 5037 advenisseﬁnem357extremum

513 5060 677 5099 cussu
735 5055 913 5111 terrm,
964 5061 1203 5116 superne
1236 5059 1413 5100 tamen
1449 5044 1801 5101 obterebatur
1844 5046 2101 5102 altiorem
2200 5072 2382 5112 rerum
2407 5057 2767 5113 humanarum
2786 5067 2842 5113 ει
2859 5056 3077 5114 [autem
3120 5059 3244 5116 οωιί
3270 5075 3333 5114 ac
3362 5068 3510 5113 terra;
3544 5052 3723 5107 destru-

516 5136 573 5191 in
610 5137 809 5193 vicinia
848 5154 1130 5193 murorum
1161 5154 1311 5193 casu.
1346 5137 1463 5192 Alia
1493 5137 1696 5208 quippe
1727 5153 1893 5209 super
1936 5139 2104 5219 aliam
2199 5149 2369 5204 ctioni
2396 5149 2561 5205 diem.
2587 5148 2699 5205 Hac
2724 5150 2977 5205 violentia
3003 5168 3100 5222 per
3119 5152 3352 5222 spatium
3379 5144 3615 5221 temporis
3630 5153 3717 5195 non

478 5266 487 5275 .
518 5226 762 5282 cadendo
790 5229 1170 5283 cumulabatur
1207 5228 1424 5291 domus,
1456 5228 1531 5283 ita
1556 5240 1613 5282 ut
1647 5228 1875 5298 siquem
1901 5231 1955 5285 in
1986 5231 2100 5301 pri-
2199 5243 2456 5315 exiguum
2507 5254 2784 5314 grassatus
2836 5244 2890 5299 in
2936 5245 3072 5301 urbe
3127 5255 3459 5302 [el-nemo”:
3500 5238 3620 5297 nihil
3661 5231 3720 5289 ibi

517 5335 608 5375 ma
628 5320 983 5378 succussione
1005 5324 1223 5378 fortuna
1247 5332 1520 5378 servasset
1538 5324 1814 5394 quaadam,
1846 5340 1954 5379 non
1978 5325 2098 5409 lpn-
2143 5395 2151 5403 .
2194 5333 2308 5405 jam
2342 5334 2395 5389 in
2416 5334 2562 5404 quod
2584 5345 2832 5406 pergeret
2853 5337 3043 5392 sawire
3072 5338 3338 5409 reliquum
3359 5337 3546 5392 fecerat
3572 5341 3717 5398 ;pm-

519 5427 647 5481 gum
675 5412 730 5467 id
753 5412 1080 5469 beneficium
1103 5423 1287 5471 esset:
1318 5415 1422 5470 alia
1451 5415 1598 5470 enim
1626 5430 1752 5471 mox
1789 5416 2097 5487 superinci-
2201 5436 2284 5482 ter
2311 5441 2514 5491 arcem,
2557 5443 2678 5497 quae
2723 5444 2830 5483 una
2863 5428 3028 5485 ίιιωεε
3080 5432 3266 5495 stetit,
3310 5428 3483 5485 omnia
3528 5416 3717 5479 aedilicia

518 5507 657 5561 dens
676 5506 871 5561 domus
892 5507 1119 5562 exitium
1151 5509 1351 5564 frustra
1393 5521 1610 5564 servato
1649 5511 2094 5580 reprmsentabat.
2198 5519 2435 5591 collapsa
2466 5535 2660 5577 omnes
2698 5521 2752 5577 in
2808 5522 2875 5578 iis
2913 5505 3160 5594 τέρετιοε
3208 5524 3450 5579 homines
3489 5504 3718 5575 communi

519 5600 694 5667 Quam
721 5616 851 5683 ergo
875 5603 1110 5657 subitum
1145 5618 1210 5657 ac
1238 5603 1555 5669 vehemens,
1588 5612 1697 5658 tam
1744 5604 2093 5663 ineluctabile
2196 5612 2447 5682 sepulcro
2462 5614 2896 5685 vtumulaverant.
2942 5617 3075 5673 Eant
3115 5616 3373 5689 tragicam
3413 5612 3495 5669 ubi
3536 5609 3627 5662 late
3647 5614 3717 5654 οδ·

523 5697 633 5754 ulla
674 5696 750 5767 vi,
787 5699 895 5754 ulla
928 5698 1052 5772 fuga
1084 5699 1305 5755 vitabile
1352 5699 1553 5754 malum
1581 5707 1719 5768 erat,
1760 5709 1819 5757 ut
1859 5716 2093 5758 commo—
2194 5704 2368 5761 tendit
2394 5704 2566 5761 oculis
2591 5706 2829 5775 speciem
2847 5717 3003 5765 ortus
3029 5708 3158 5775 diei,
3186 5726 3308 5774 quae
3334 5719 3435 5765 tam
3458 5704 3606 5761 diram
3622 5690 3716 5749 θιίο
3788 5770 3789 5785 χ
