3964 6538
264 445 370 506 809

1265 442 1362 504 DE
1400 441 1793 504 MICHAELE
1832 436 2298 500 PALxEOLOGO
2337 437 2488 498 LIB.
2529 438 2598 498 V.

3416 430 3523 497 810

260 570 316 608 τε
341 557 433 606 καὶ
454 551 725 614 δικέλλαις
753 551 846 606 καὶ
874 550 1039 606 παντὶ
1084 551 1161 622 τῷ
1204 554 1562 624 προστυχόντι
1615 553 1833 622 ὀργανῳ
1861 553 1912 607 A-
1934 548 2047 612 λος,
2075 548 2310 601 ἔκπαλαι
2331 547 2424 600 τὸν
2453 544 2653 616 Μαφρὲ
2680 540 3199 614 καταγωνισάμενος
3226 582 3238 604 ,
3277 543 3336 596 ἐν
3367 541 3520 615 ἀκμῇ

261 640 392 714 πρὸς
416 641 623 712 όρυγὴν
644 641 936 712 χρώμενοι,
970 643 1062 696 καὶ
1119 638 1542 714 προσπεσόντες
1577 643 1840 714 ὤρυττον,

260 735 340 789 ἵνα
364 733 496 801 γοῦν
533 733 626 786 καί
655 751 764 787 τισι
786 733 1153 805 ταλαιπώροις
1184 733 1265 787 ἔτι
1298 733 1463 800 ζῶσιν
1495 732 1842 804 ἀπαμύναιεν

257 827 346 880 τοῦ
387 826 658 892 κινδύνου,
684 825 745 880 τὸ
785 827 841 879 δὲ
871 827 1033 882 πλέον
1055 827 1131 888 ὡς
1154 827 1222 880 ἂν
1261 828 1360 880 καὶ
1386 825 1614 880 πλοῦτον
1642 842 1842 879 παντο-

257 917 429 972 δαπδν
470 919 878 988 ἐκφορήσαντες
909 921 1020 983 τοῖς
1070 918 1333 991 ἐρειπίοις
1385 919 1841 973 κατασπασθέντα

258 1009 514 1070 λαϐόντες
560 1009 734 1081 ἔχοιεν
765 1027 780 1041 ⁸
813 1012 933 1064 τότε
979 1011 1084 1082 γὰρ
1119 1014 1228 1075 τοῖς
1253 1013 1539 1081 πράγμασι
1590 1011 1698 1063 τῶν
1747 1028 1844 1062 πε-

260 1101 463 1154 σόντων
494 1103 582 1154 καὶ
611 1103 659 1153 οἱ
691 1101 1018 1171 κληρονόμοι
1039 1101 1484 1170 συγκατεδύοντο,
1526 1101 1620 1156 καὶ
1648 1103 1676 1155 ὁ
1709 1101 1842 1169 λαγο

257 1193 445 1263 χάνειν
473 1194 572 1256 τὰς
599 1192 822 1263 ἐξούλης
852 1194 1008 1258 δίκας
1041 1195 1272 1258 ἐκείνοις
1298 1195 1398 1248 οὐκ
1421 1190 1510 1266 ἦν.
1555 1193 1672 1265 Ἐφ’
1702 1195 1842 1266 ἡμέ-

260 1303 381 1355 ραις
409 1285 504 1339 οὖν
529 1285 675 1339 ᾶπαν
700 1287 760 1339 τὸ
781 1286 1007 1354 γεγονὸς
1030 1287 1110 1350 είς
1137 1287 1333 1355 ἔδαφος
1386 1288 1840 1356 κατασκάψαντες

256 1379 351 1429 καὶ
384 1378 616 1447 χρυσοῦν
643 1377 954 1450 ἀμήσαντες
1009 1378 1166 1450 θέρος
1227 1380 1473 1434 ⁹Αλϐανοί
1526 1397 1584 1433 τε
1644 1381 1738 1432 καὶ
1789 1381 1839 1433 οί

259 1465 552 1535 περίοικοι,
583 1466 658 1531 ὥς
688 1469 854 1538 ἄμαις
885 1468 1158 1540 χρώμενοι
1186 1473 1307 1534 ταῖς
1355 1470 1650 1533 δικέλλαις,
1688 1469 1841 1534 τέλος

253 1555 462 1628 ἔρημον
487 1559 680 1626 ἀφιᾶσι
699 1558 798 1628 τήν
829 1575 958 1612 ποτε
985 1559 1140 1612 πόλιν
1169 1560 1406 1629 ἐκείνην,
1434 1560 1840 1632 γνωριζομένην

256 1650 510 1718 σημείοις
545 1649 687 1702 τισὶν
713 1650 999 1722 ἀμυδροῖς,
1035 1655 1092 1704 ἐν
1117 1650 1236 1704 οὖσι
1288 1651 1730 1724 καταλεγομένην
1777 1654 1839 1707 ού

253 1740 332 1808 τῷ
367 1735 532 1803 εἶναι,
567 1739 706 1793 ἀλλὰ
737 1743 884 1813 μόνῳ
922 1743 1000 1809 τῷ
1029 1740 1412 1812 ὀνομάζεσθαι.
1461 1743 1520 1798 Ὀ
1547 1744 1592 1799 δ’
1626 1746 1840 1815 ἐκείνης

251 1831 544 1902 ἀρχιερεὺς
571 1833 815 1903 Νικήτας
850 1834 1096 1907 εὑρεθεὶς
1135 1836 1384 1900 κάκεῖνος
1418 1836 1494 1907 τῷ
1542 1839 1691 1905 τότε,
1748 1839 1839 1891 καὶ¹

250 1913 549 1995 φυλαχθεὶς
582 1927 707 1996 μὲν,
738 1928 859 1981 ἀλλ’
890 1930 947 1981 ἐν
976 1929 1188 1994 πολλοῖς
1231 1931 1340 1983 τῶν
1384 1931 1562 2001 μελῶν
1584 1931 1653 1985 τὰ
1703 1932 1842 2002 σύμ-
1869 1914 1915 1973 Β

249 2017 383 2071 σολα
413 2010 507 2072 τοῦ
547 2019 794 2074 κινδύνου
843 2023 1047 2092 φέρων,
1113 2023 1318 2093 πικρὰν
1372 2023 1496 2077 ίδὼν
1555 2026 1841 2096 συμφορὰν

247 2109 346 2161 καὶ
379 2110 445 2178 ην
473 2108 654 2179 ἥκιστ’
683 2111 750 2165 ἄν
773 2129 854 2175 τις
887 2113 982 2167 καὶ
1003 2113 1376 2183 προσεδόκησε
1397 2114 1636 2180 πώποτε,
1665 2117 1841 2169 κατά-

248 2200 416 2268 φοϐος
445 2201 658 2271 φεύγει,
691 2205 850 2272 ἀφεῖς
885 2203 1091 2275 ἔρημον
1113 2207 1212 2276 οὐχ
1251 2207 1445 2261 ἑαυτοῦ
1473 2209 1655 2276 μόνον,
1705 2210 1842 2264 ἀλλὰ

248 2295 350 2346 καὶ
376 2295 485 2347 τῶν
507 2294 714 2364 ταύτης
744 2296 978 2351 ἐποίκων
1017 2300 1113 2352 καὶ
1138 2298 1367 2363 κάλλους
1403 2303 1716 2373 κτισμάτων
1747 2303 1840 2356 καὶ

198 2403 208 2413 ·
248 2388 604 2456 πραγμάτων
639 2388 822 2444 αὐτῶν
853 2389 951 2461 τὴν
978 2390 1341 2461 μητρόπολιν.

243 2501 324 2572 η’.
365 2503 442 2557 Τὰ
481 2503 632 2559 κατὰ
665 2504 773 2559 τὸν
807 2503 968 2574 ρἦα
997 2505 1329 2574 Κάρουλον,
1369 2507 1466 2562 καὶ
1502 2508 1664 2576 ὅπως
1697 2513 1840 2567 στό-

806 2581 921 2630 λον
956 2576 1298 2644 ἐξηρτύετο.

316 2663 412 2738 [Ρ.
442 2665 571 2739 2M]
598 2666 730 2721 Τότε
757 2667 936 2723 τοίνυν
962 2669 1057 2723 καὶ
1102 2671 1130 2723 ὁ
1176 2670 1276 2740 ρὴξ
1343 2671 1576 2736 Πουλίας
1623 2674 1840 2743 Κάρου·

245 2843 398 2912 cepit
451 2850 689 2908 noctem,
719 2856 1202 2900 concurreruntex
1229 2850 1372 2918 agris
1400 2847 1638 2920 undique
1671 2866 1836 2922 quam

246 2936 492 2992 maxime
533 2952 786 3002 numero,
815 2938 1049 3008 sumptis
1074 2942 1126 2992 in
1177 2941 1433 2995 manibus
1471 2943 1742 3014 ligonibus
1785 2957 1841 3001 et

247 3030 452 3083 marris
482 3030 741 3099 omnique
792 3038 951 3085 terra:
979 3032 1256 3086 movendae
1291 3047 1418 3103 apto
1448 3035 1835 3103 instrumento,

246 3123 399 3192 quod
435 3122 632 3192 cuique
662 3124 714 3177 in
739 3139 961 3178 manum
991 3126 1258 3196 quaerenti
1289 3139 1530 3184 venerat.
1571 3130 1707 3186 Cum
1752 3134 1839 3188 his

249 3229 512 3270 acervum
543 3216 692 3270 illum
733 3216 1024 3272 immanem
1052 3219 1355 3286 ruinarum,
1384 3224 1473 3294 qui
1503 3224 1679 3293 pridie
1707 3227 1838 3282 urbs

248 3307 451 3372 fuerat,
480 3309 718 3379 undique
765 3312 1002 3381 aggressi
1050 3312 1235 3368 fodere
1270 3327 1574 3385 cmperunt,
1602 3319 1717 3374 sive
1755 3338 1846 3375 ur~

251 3411 416 3474 gente
447 3403 740 3468 charitate,
770 3405 814 3460 si
846 3421 1005 3475 quem
1050 3406 1190 3463 forte
1240 3409 1496 3464 miserum
1520 3414 1700 3470 adhuc
1733 3417 1844 3486 spi-

246 3507 462 3558 rantem
489 3500 630 3554 inter
646 3508 764 3552 ruta
785 3508 838 3553 et
861 3515 996 3555 caesa
1010 3501 1310 3559 dirutarum
1357 3506 1552 3560 aedium
1570 3507 1844 3564 vindicare

253 3590 325 3644 ab
349 3590 577 3644 interitu
624 3602 863 3660 possent,
898 3592 1033 3653 sive,
1076 3607 1198 3662 qua:
1252 3597 1484 3650 maxima
1520 3611 1644 3666 pars
1702 3611 1842 3662 erat,

251 3683 520 3737 instinctu
568 3699 742 3739 avarae
771 3684 1105 3753 cupiditatis,
1153 3696 1212 3740 ut
1245 3695 1325 3741 tot
1359 3688 1579 3744 divitias
1613 3691 1690 3744 ibi
1717 3708 1842 3747 cum

250 3776 664 3844 possessoribus
710 3778 949 3846 sepultas
989 3793 1091 3832 nec
1115 3779 1281 3834 alium
1318 3781 1428 3850 jam
1467 3782 1730 3839 habentes
1766 3786 1844 3839 lc-

252 3869 505 3940 gitimum
550 3868 845 3934 ἱκετεύσω,
888 3869 1130 3924 dominis
1159 3886 1281 3925 cum
1332 3873 1514 3927 sobole
1547 3883 1601 3928 et
1641 3890 1842 3941 cogna-

254 3961 404 4013 tione
446 3959 698 4014 universa
743 3961 949 4029 pariter
977 3963 1454 4029 occumbeulihus,
1489 3965 1542 4019 in
1584 3983 1711 4022 suos
1738 3971 1841 4039 ipsi

254 4069 391 4107 usus
415 4053 713 4112 auferrent.
745 4053 922 4107 securi
964 4053 1265 4109 forensium
1299 4056 1559 4111 tricarum
1596 4077 1694 4115 uec
1729 4079 1844 4116 nie-

253 4153 477 4200 tuentes
509 4144 857 4198 interdietum
887 4145 1026 4200 unde
1050 4146 1123 4200 vi.
1166 4145 1266 4202 Hic
1299 4149 1503 4220 aliquot
1529 4151 1738 4206 dierum
1767 4153 1844 4208 la-

253 4239 360 4294 bar
411 4238 532 4304 fuit,
582 4253 691 4306 quo
738 4239 828 4294 illa
872 4240 1140 4295 versando
1185 4245 1584 4314 scrutandoque
1624 4248 1841 4304 evoluta

254 4332 544 4402 e-mgeries
570 4331 697 4385 etin
723 4349 882 4386 unam
902 4343 1178 4403 utcunque
1203 4347 1468 4406 aequatam
1495 4341 1838 4412 complanata

255 4421 605 4492 s'iperficiem
636 4431 740 4476 est.
772 4420 843 4475 Ex
889 4438 955 4476 eo
1000 4423 1156 4476 multi
1207 4439 1398 4495 campo
1438 4442 1714 4483 messuere
1756 4446 1842 4484 se-

257 4525 439 4586 getem
477 4513 1010 4586 auream,ligonibus
1041 4517 1122 4569 usi
1166 4517 1280 4571 vice
1306 4515 1545 4582 falcium,
1574 4521 1841 4577 Albanitze

1945 635 2014 711 ἦν
2046 640 2156 694 τῶν
2189 639 2312 694 καθ’
2345 638 2508 692 αὑτὸν
2563 638 2929 708 πραγμάτων,
2999 637 3095 690 καὶ
3143 635 3278 688 νεῶν
3341 652 3524 706 παρα-

1948 733 2171 794 σκευαῖς
2196 729 2463 783 πλείστων
2496 726 2884 798 ἐμεγαλύνετο,
2917 724 3208 788 ἔκσπονδος
3239 723 3314 776 ὣν
3371 726 3528 793 βασι-

1944 827 2027 879 λεῖ
2083 827 2154 879 τὰ
2201 825 2428 878 πλεῖστα
2482 823 2570 876 ἐπ’
2618 823 2820 883 αἰτίαις
2843 819 2951 873 τῶν
2984 819 3304 872 Βαλδουῒνο.)
3333 817 3528 871 συναλ-

1944 919 2262 989 λαγμάτων,
2295 918 2372 980 ὡς
2403 915 2650 970 ἐντεῦθεν
2681 916 2771 967 ἐπὶ
2796 916 2862 984 τῇ
2885 913 3258 966 πόλειοῐεσθαι
3286 908 3526 964 δικαιοῦ-

1946 1011 2092 1063 σθαι.
2126 1007 2514 1080 Παρεσκεύαξε
2562 1006 2660 1075 μὲν
2708 1006 2803 1059 καὶ
2854 1003 2914 1057 τὸ
2971 1002 3224 1055 ναυτικὸν
3276 1003 3528 1054 πλεῖστον

1943 1104 2088 1168 ὅσον,
2115 1101 2214 1154 καὶ¹
2239 1101 2456 1170 σώμασι
2491 1101 2584 1153 καὶ
2614 1098 2800 1159 ὅπλοις
2831 1097 2922 1150 καὶ
2957 1097 3204 1167 χρήμασι
3273 1095 3532 1163 συνεκρό-

1941 1205 2024 1240 τει
2049 1206 2062 1220 ·
2104 1188 2165 1242 οὐ
2195 1189 2351 1258 μόνον
2375 1187 2454 1253 δὲ,
2483 1187 2724 1240 ἀλλὰκαὶ
2753 1186 2843 1238 τὸν
2867 1187 3100 1239 πάππαν
3135 1184 3530 1254 προσελιπάρει

1943 1283 2041 1336 καὶ
2079 1282 2298 1352 θερμῶς
2324 1282 2504 1335 ἐδέετο
2533 1281 2744 1350 ἐφεῖναί
2779 1281 2831 1333 oi
2855 1279 2954 1350 τὴν
2993 1279 3135 1332 κατὰ
3182 1279 3284 1348 τῆς
3319 1279 3530 1340 πόλεως

1943 1371 2322 1441 ἐκστρατείαν,
2354 1370 2428 1432 ὡς
2460 1372 2554 1423 καὶ
2584 1370 2758 1432 ἄλλως
2786 1369 3000 1422 ¹δίκαιον
3027 1368 3089 1422 δν
3119 1369 3302 1439 ζητεῖν
3326 1367 3393 1421 τὰ
3419 1367 3530 1421 τῶν

1945 1467 2152 1519 παίδων
2180 1465 2366 1530 αὑτοῦ,
2397 1463 2583 1536 ὲφόἷς
2627 1464 2780 1534 σφίσι
2817 1465 3168 1535 συμφωνοῦσι
3213 1464 3307 1518 καὶ
3333 1466 3367 1534 ὴ
3405 1461 3533 1516 Ἐκ-

1945 1557 2147 1630 κλησία
2183 1558 2399 1629 συνῄνει
2431 1559 2525 1613 καὶ
2557 1559 2840 1630 συνεργεῖν
2867 1559 2934 1612 τὰ
2965 1558 3198 1628 μέγιστα
3252 1558 3533 1628 ὑπισχνεῖ-

1944 1669 2024 1706 το.
2065 1651 2173 1708 Καὶ
2206 1653 2236 1704 ὁ
2270 1652 2370 1720 μὲν
2401 1653 2456 1705 ἐν
2486 1653 2700 1715 τούτοις
2727 1647 2819 1722 ἦν,
2847 1652 2910 1704 ἐκ
2943 1649 3141 1704 πολλοῦ
3179 1667 3534 1721 παρασκευα-

1947 1744 2209 1814 ζόμενοςο
2255 1744 2284 1796 ό
2322 1744 2379 1797 δὲ
2419 1743 2679 1815 ’βασιλεὺς
2735 1744 2999 1814 άνέριστα
3048 1745 3116 1798 τὰ
3145 1745 3283 1815 πρὸς
3323 1746 3533 1797 ἐκεῖνον

1945 1835 2318 1904 διαγινώσκων
2382 1837 2478 1890 καὶ
2524 1837 2585 1890 τὸ
2617 1837 2725 1890 πᾶν
2787 1837 3039 1908 ἀδήριτα,
3093 1837 3173 1890 ὅτι
3238 1837 3331 1890 καὶ
3375 1836 3532 1891 πλεῖ·

1947 1944 2099 1991 σταις
2155 1927 2251 1997 μὲν
2307 1929 2429 1992 ταῖς
2487 1928 2677 1982 ναυσὶν
2740 1927 3056 1997 ἐξηρτύετο,
3122 1927 3303 1998 πολλῷ
3351 1927 3408 2006 δὲ
3437 1929 3535 1982 καὶ

1945 2019 2024 2088 τῷ
2087 2020 2230 2073 κατὰ
2307 2019 2410 2091 γῆν
2480 2018 2693 2091 πεζικῷ
2759 2020 2848 2073 διὰ
2900 2020 3233 2092 Βρεντησίου
3290 2039 3534 2092 περαιω-

1945 2109 2247 2179 θησόμενος
2275 2110 2355 2173 είς
2387 2111 2449 2163 τὸ
2484 2109 2578 2164 τοῦ
2639 2112 2946 2182 Δυῤῥαχί-ου
3001 2112 3259 2177 ἐπίνειον,
3322 2113 3532 2184 ἐρήμου

1944 2202 2146 2272 ὄντοςῆ
2179 2204 2274 2256 καὶ
2308 2202 2512 2272 μᾶλλον
2534 2203 2670 2274 παρ’
2704 2204 2914 2256 ἐκείνου
2950 2204 3338 2274 κατεχομένου,
3364 2206 3444 2268 είς
3472 2204 3534 2258 τὸ

1944 2295 2335 2365 ἀνακτισθῆναι
2366 2297 2728 2367 χρησόμενος,
2763 2297 2839 2360 ὡς
2881 2297 3122 2366 ἐλέγετο,
3176 2298 3401 2361 δυνατὸς
3437 2293 3530 2370 ἦν,

1943 2387 2239 2440 κάντεῦθεν
2276 2387 2452 2442 διττὸν
2496 2388 2766 2460 ᾠκονόμει
2817 2388 2879 2442 τὸ
2947 2391 3285 2461 στράτευμα,
3356 2389 3534 2452 ἄλλως

1943 2480 2084 2547 ἔγνω
2108 2480 2206 2553 τὴν
2239 2481 2374 2551 πρὸς
2417 2482 2626 2535 ἐκεῖνον
2665 2481 2847 2553 μάχην
2886 2481 3394 2552 μεταχειρίσασθαι.
3422 2482 3535 2536 Καὶ

1941 2571 2004 2638 δὴ
2046 2571 2307 2633 πολλάκις
2334 2571 2434 2641 μὲν
2469 2571 2569 2625 οὐκ
2603 2571 2764 2635 ἰδίους
2796 2572 3029 2642 πέμπων
3063 2572 3215 2640 παρὰ
3247 2573 3338 2624 τὸν
3378 2573 3535 2626 πάπ-

1943 2678 2049 2716 παν
2077 2663 2163 2733 (οὐ
2190 2662 2301 2733 γὰρ
2335 2663 2797 2726 ἐδύνατο,ἐκείνου
2840 2664 2980 2718 κατὰ
3033 2664 3203 2736 θύρας
3249 2664 3536 2718 ἁπαντῶν-

1942 2847 2058 2900 inec
2078 2846 2145 2900 ad
2173 2858 2476 2901 extremum
2502 2843 2587 2900 sui
2610 2845 2848 2915 pastoris
2869 2846 3112 2901 accessio
3133 2845 3356 2918 reliquit
3373 2845 3534 2916 plane

1939 2940 2258 2995 desolatam.

2045 3078 2100 3132 8.
2145 3076 2222 3130 De
2265 3093 2386 3147 rege
2423 3074 2648 3141 Carolo,
2679 3086 2734 3130 ut
2764 3077 2815 3131 .t't
2840 3075 3066 3131 classem
3111 3079 3421 3132 armaverit.

2016 3213 2131 3268 Hac
2165 3221 2487 3282 tempestate
2527 3212 2746 3266 fortuna
2781 3212 2925 3283 regis
2956 3213 3167 3282 Apuliae
3193 3213 3396 3282 Caroli,
3435 3215 3532 3287 qui

1946 3308 2274 3380 jampridem
2307 3304 2648 3360 Manfredum
2685 3305 3075 3371 debellaverat,
3105 3305 3164 3359 in
3197 3306 3329 3362 ﬂore
3368 3316 3535 3379 atque

1952 3400 2105 3473 apice
2129 3398 2405 3454 felicitatis
2445 3409 2581 3452 erat.
2643 3400 2704 3452 In
2760 3397 2954 3468 primis
3016 3409 3283 3468 apparatu
3322 3401 3534 3473 ingenti

1951 3495 2130 3552 navali
2158 3505 2352 3565 potens
2375 3503 2430 3548 et
2453 3493 2831 3548 formidandus
2859 3493 3182 3548 habebatur.
3224 3495 3407 3550 Palam
3433 3512 3531 3551 au-

1950 3599 2060 3644 tem
2079 3604 2137 3644 se
2153 3587 2359 3642 ferebat
2376 3587 2650 3641 infensum
2671 3587 2989 3656 imperatori
3004 3589 3073 3642 ob
3089 3589 3405 3644 societatem
3423 3590 3480 3644 af
3480 3591 3536 3646 fi-

1948 3681 2118 3736 nitate
2143 3681 2409 3734 firmatam
2441 3695 2561 3747 quae
2586 3680 2686 3749 ipsi
2706 3697 2829 3734 cum
2853 3681 3118 3735 Balduino
3136 3683 3530 3740 intercedebat.

1945 3773 2046 3829 Cui
2072 3772 2222 3826 velut
2248 3771 2334 3840 jus
2363 3770 2738 3826 vindicaturus
2775 3771 3084 3840 pristinum,
3117 3775 3530 3843 expeditionem

1948 3865 2004 3918 in
2037 3863 2224 3918 urbem
2253 3861 2776 3932 Constantinopolim
2808 3864 3125 3930 adornabat,
3155 3881 3433 3936 navesque
3462 3869 3532 3922 ad

1947 3957 2001 4012 id
2030 3966 2085 4012 et
2109 3953 2430 4027 prmvalidas
2457 3963 2512 4010 et
2543 3955 2804 4025 plurimas
2830 3965 2886 4010 et
2914 3967 3028 4011 tum
3060 3959 3388 4029 corporibus
3416 3971 3531 4015 tum

1945 4047 2113 4104 armis
2154 4055 2268 4100 tum
2298 4046 2512 4101 caeteris
2541 4047 2765 4102 utilibus
2789 4048 2856 4102 ad
2874 4063 3099 4119 scopum
3129 4051 3294 4105 rebus
3343 4053 3534 4122 copio-

1946 4138 2160 4194 sissime
2226 4136 2524 4191 instructas
2574 4149 2920 4208 compararat
2979 4149 3034 4194 et.
3079 4154 3529 4214 congregaverat.

1944 4234 2130 4303 Neque
2151 4234 2236 4289 his
2267 4243 2556 4288 contentus
2576 4250 2604 4287 a
2628 4233 2773 4304 Papa
2807 4235 2970 4289 etiam
3001 4237 3221 4305 petebat
3244 4247 3298 4293 et
3333 4241 3531 4293 arden-

1946 4329 2093 4384 tibus
2111 4328 2352 4382 instabat
2386 4327 2663 4396 precibus,
2695 4337 2753 4381 ut
2774 4328 3402 4400 Constantinopolitanae
3424 4335 3529 4388 hu-

1940 4419 2182 4491 jusmodi
2221 4418 2589 4488 expeditionis
2646 4428 2841 4474 auctor
2891 4422 3008 4490 ipse
3048 4421 3204 4477 fieret
3237 4438 3405 4493 seque
3436 4425 3528 4480 isti

1944 4513 2166 4584 negotio
2199 4510 2500 4582 praeﬁceret
2529 4527 2544 4564 :
2577 4511 2802 4582 dignum
2859 4512 3005 4567 enim
3042 4529 3166 4569 esse
3201 4516 3256 4569 id
3300 4517 3529 4584 bellum,

255 4608 552 4677 exterique
573 4608 779 4662 circum
809 4608 1134 4676 habitantes,
1163 4609 1491 4683 demumque
1514 4630 1638 4669 cum
1665 4616 1840 4684 przeda
1873 4624 1921 4683 ι)
1948 4627 2056 4681 quo
2090 4609 2345 4666 videlicet
2377 4610 2671 4678 repetenda
2703 4609 2938 4665 ﬁliorum
2969 4611 3089 4681 ejus
3119 4621 3265 4668 esset
3298 4615 3534 4671 haeredi-

253 4701 580 4756 re-cedentes
631 4701 790 4770 plane
833 4700 1106 4754 desertam
1149 4703 1486 4772 reliquerunt
1521 4706 1665 4760 illam
1712 4708 1842 4762 olim

255 4796 471 4854 urbem.
500 4793 590 4848 ubi
628 4793 790 4848 fuerit
822 4793 996 4863 signis
1022 4809 1167 4850 nunc
1197 4804 1403 4850 tantum
1431 4798 1664 4854 exilibus
1695 4815 1849 4854 mon-

256 4899 547 4953 strantem,
572 4887 626 4941 in
649 4887 876 4941 urbibus
893 4897 1238 4942 numeratam
1267 4888 1406 4942 dicis
1425 4899 1634 4946 tantum
1658 4907 1843 4952 causa.

257 4993 312 5036 et
341 4981 564 5036 nomine
591 4989 771 5042 tenus,
803 4993 925 5034 cum
971 4981 1133 5034 modo
1173 4980 1303 5036 urbs
1348 4996 1456 5036 non
1511 4983 1603 5037 sit.
1630 4984 1698 5038 At
1729 4986 1846 5054 ejus

256 5078 487 5128 antistes
513 5071 735 5127 Nicetas
786 5087 929 5127 unus
952 5084 1298 5142 repertarum
1353 5076 1497 5130 inter
1541 5076 1750 5138 ruinas.
1791 5088 1847 5134 ct

255 5177 505 5221 servatus
547 5175 822 5234 superstes
861 5165 950 5221 ille
978 5166 1221 5236 quidem,
1263 5178 1520 5222 caeterum
1567 5168 1620 5222 in
1663 5171 1850 5226 multis

255 5261 616 5318 cicatricibus
660 5259 885 5330 reliquis
909 5275 974 5314 ex
1007 5260 1179 5330 plagis
1209 5276 1346 5330 quas
1369 5261 1564 5332 illapsu
1593 5277 1847 5317 saxorum

258 5357 646 5426 lignorumque
683 5363 992 5422 acceperat,
1035 5353 1305 5408 luculenta
1333 5354 1558 5425 vestigia
1582 5355 1848 5410 mirabili-

257 5459 340 5502 ter
367 5447 520 5501 vitati
541 5445 766 5517 periculi
787 5445 1194 5513 circumferens,
1228 5447 1486 5501 memoria
1520 5447 1632 5516 ipsa
1655 5447 1847 5513 cladis,

258 5559 420 5613 quam
442 5540 652 5596 viderat
699 5549 755 5595 et
785 5547 1029 5594 senserat
1063 5541 1388 5595 atrociorem
1406 5539 1571 5611 358
1597 5541 1851 5612 opinione

261 5635 432 5700 omni,
464 5634 747 5704 perculsus
776 5634 914 5688 adeo
941 5644 1022 5687 est
1053 5647 1112 5688 ut
1133 5633 1312 5688 locum
1346 5635 1541 5706 fugerit
1567 5635 1850 5690 necsusti-

262 5729 444 5783 nucrit
477 5727 734 5782 insistere
769 5727 1018 5797 sepulcro
1044 5742 1153 5780 suae
1194 5729 1533 5797 metropolis,
1566 5745 1727 5799 quam
1757 5743 1850 5782 or-

262 5823 442 5878 batam
475 5820 708 5880 civibus.
742 5836 944 5875 corona
974 5820 1233 5875 mcenium
1267 5830 1323 5876 ct
1351 5811 1707 5876 aedificiorum
1731 5821 1848 5877 ele-

261 5916 505 5988 gantium
548 5913 698 5971 omni
745 5921 940 5968 ornatu
966 5950 982 5976 ,
1024 5911 1222 5980 opibus
1268 5927 1484 5983 quoque
1532 5913 1846 5983 spoliatam,

630 6013 903 6073 ΡΑτιιοι..
933 6011 1033 6072 Gn
1095 6008 1333 6070 CXLIII

1952 4717 2052 4774 tas,
2114 4708 2258 4777 quod
2304 4708 2480 4762 Patris
2535 4706 2846 4763 communis
2893 4710 3118 4766 nomine
3159 4711 3530 4781 auspiciisque

1950 4807 2249 4869 gereretur.
2283 4798 2339 4852 In
2397 4815 2518 4869 qua:
2572 4799 2681 4853 illis
2730 4800 3232 4867 consentientibus,
3286 4801 3532 4858 Ecclesia

1950 4904 2166 4968 quoque
2201 4888 2490 4942 consilium
2519 4889 2786 4957 probavit,
2830 4899 2884 4942 et
2912 4903 3326 4958 cooperaturam
3372 4909 3431 4947 se
3462 4895 3531 4948 ad

1951 4981 2205 5036 effectum
2233 4989 2478 5035 votorum
2506 4996 2666 5051 quam
2704 4989 2883 5049 posset
2949 4982 3188 5037 maxime
3249 4986 3529 5053 promisit.

1954 5073 2047 5130 His
2075 5084 2206 5129 tunc
2236 5074 2504 5144 agitandis
2533 5075 2999 5144 conficiendisque
3021 5075 3267 5132 intentus
3298 5079 3531 5134 Carolus

1953 5179 2090 5224 erat.
2126 5167 2426 5237 Imperator
2453 5185 2582 5222 vero
2615 5183 2838 5238 prorsus
2872 5169 3138 5239 imparem
3179 5186 3238 5224 se
3281 5173 3529 5227 sentiens

1952 5261 2041 5315 isti
2064 5259 2388 5315 sustinendo
2419 5261 2578 5327 bello,
2627 5276 2731 5314 nec
2781 5261 3077 5330 quidquam
3110 5263 3368 5318 dubitans
3396 5264 3531 5333 quin

1953 5353 2333 5408 succumberet
2382 5353 2624 5407 Romana
2665 5368 2772 5416 res,
2814 5353 2861 5408 si
2891 5364 3081 5408 contra
3123 5370 3242 5410 eam
3303 5358 3532 5413 Carolus

1952 5447 2176 5502 duceret
2209 5456 2324 5501 tum
2381 5447 2545 5507 illam,
2585 5447 2652 5500 de
2709 5462 2813 5516 qua
2849 5445 2981 5512 dixi,
3042 5447 3528 5508 instructissimam

1952 5541 2204 5605 classem,
2243 5549 2359 5593 tum
2389 5539 2552 5594 simul
2584 5539 2969 5603 fortissimum,
3004 5558 3166 5612 quem
3193 5544 3322 5599 item
3370 5563 3532 5616 para-

1953 5646 2127 5701 verat,
2153 5642 2469 5689 terrestrem
2510 5632 2834 5698 exercitum,
2871 5635 3183 5692 Brundusio
3211 5639 3266 5692 in
3297 5639 3532 5711 Dyrrha-

1953 5729 2063 5784 chii
2110 5729 2299 5783 navale
2326 5729 2434 5796 jam
2483 5743 2714 5801 vacuum
2783 5737 2838 5782 et
2878 5731 3170 5800 occupanti
3222 5733 3531 5802 expositum

1953 5838 2098 5882 mox,
2142 5830 2303 5890 prout
2331 5820 2720 5883 destinaverat,
2757 5819 2924 5891 359
2963 5822 3391 5891 deportandum.
3439 5825 3530 5878 Bi-
3581 5839 3593 5851 ·

1954 5913 2144 5972 furiam
2175 5912 2319 5967 enim
2355 5912 2461 5966 isto
2488 5911 2650 5966 modo
2705 5913 2895 5983 partiri
2936 5914 3126 5984 copias
3176 5915 3400 5970 Carolus
3433 5915 3501 5971 de

2208 6058 2236 6103 ,
3065 6011 3142 6072 26
