3964 6536
271 450 366 515 8ιὲ

1201 447 1296 506 DE
1333 441 1728 505 MICIIAELE
1768 415 2234 500 PAL/EOI.OGO
2275 438 2420 500 LIB.
2466 439 2536 499 ν.

3383 430 3488 496 814

271 561 513 627 στάσεσιν,
538 557 591 610 ἐν
631 556 928 628 μεταλήψει
961 555 1053 609 τοῦ
1089 554 1230 609 θείου
1272 554 1462 625 ἄρτου,
1487 553 1546 607 ὃν
1578 551 1804 607 ἀντίδω-
1831 547 1883 608 Δ
1909 549 2075 619 χῆθεν
2121 548 2216 601 καὶ
2264 548 2356 600 ἐπὶ
2415 543 2798 616 μεγαλειότητι
2853 539 3104 610 ἐξουσίας
3151 541 3489 614 τιμώμενον,

270 673 348 724 ρον
373 652 626 719 λέγουσιν,
659 649 724 702 ἐκ
781 648 998 702 πάντων
1043 648 1217 702 ἄλλων
1258 647 1398 719 πλὴν
1454 644 1807 717 μεταλήψεως

269 745 460 816 (οὐγὰρ
494 740 739 814 ἔχρῃζον)
774 741 872 812 τὴν
897 740 976 804 είς
1006 740 1209 808 ἐγγύας
1257 743 1515 808 κειμένην
1545 736 1651 790 τῶν
1689 731 1810 786 Ἔκ-

267 837 476 905 κλησιῶν
505 836 722 906 εἰρήνην
744 832 1101 903 κατεμπεδῶν
1149 849 1205 885 τε
1266 831 1363 884 καὶ
1405 825 1810 901 προασφαλιζό-

271 944 430 997 μενος.

267 1087 323 1142 θ’.
353 1085 536 1150 Ὅπως
561 1080 845 1150 πρέσϐεις
885 1079 1239 1144 ὀβασιλεὺς
1281 1077 1430 1146 πρὸς
1492 1075 1600 1130 τὸν
1646 1072 1809 1143 ῥῆγα

655 1152 951 1222 Φραγγίας
976 1151 1379 1206 ἀπέστελλεν.

324 1295 400 1364 [Ρ.
425 1288 546 1360 246]
582 1288 836 1357 Ἐπεμπε
869 1287 924 1339 δὲ
959 1286 1051 1339 καὶ
1085 1286 1284 1354 ἄνδρας
1317 1280 1809 1352 ἐκκλησιαστικοὺς

265 1387 382 1440 πολὺ
411 1386 464 1437 τὸ
485 1383 811 1451 ἁξιοπρεπέῑς
829 1381 891 1432 ἕκ
916 1397 972 1432 τε
1010 1379 1206 1448 τρόπου
1242 1379 1336 1429 καὶ
1360 1376 1634 1445 ὀφφικίων
1661 1375 1812 1444 ἕχον-ο

264 1498 346 1541 τας
377 1478 503 1546 πρὸς
541 1478 634 1528 τὲιν
667 1476 811 1546 ρἧα
841 1471 1146 1543 Φραγγίας,
1179 1470 1515 1536 αὐτάδελφον
1567 1468 1666 1538 μὲν
1714 1466 1808 1520 τοῦ

265 1568 520 1638 Καρούλου
557 1570 614 1620 τὸ
671 1567 823 1634 γένος
872 1565 1020 1627 ὄντα,
1070 1563 1196 1626 τοὺς
1228 1563 1464 1632 τρόπους
1505 1561 1561 1613 δὲ
1607 1561 1810 1631 ἥκιστα

264 1663 608 1730 samum-.1.
637 1662 698 1713 Οἱ
723 1659 764 1713 δ’
802 1655 942 1729 ἦσαν
971 1660 996 1709 ὃ
1037 1674 1094 1710 τε
1128 1656 1227 1725 τῆς
1268 1647 1596 1722 Ἐκκλησίας
1618 1669 1811 1724 χαρτο-

264 1754 418 1825 φύλαξ
443 1756 470 1803 ὁ
525 1755 730 1816 Βέκκος
786 1754 879 1803 καὶ
908 1753 935 1803 ὁ
987 1749 1081 1801 τοῦ
1121 1745 1402 1817 βασιλικοῦ
1432 1746 1812 1816 ἀρχιδιάκονος

262 1848 441 1917 κλήρου
474 1845 906 1914 Μελιτηνιίέμτης.
942 1837 1035 1904 Οἷς
1067 1842 1130 1908 δὴ
1165 1840 1259 1891 καὶ
1292 1839 1390 1891 οὐκ
1421 1833 1810 1909 ἐκχωροῧ“θέίς

262 1941 560 2010 Βρεντησιον
589 1934 1045 2006 ὃιαπεραιοῦσθαι
1079 1935 1172 1986 καὶ
1208 1935 1276 2002 γῇ
1317 1933 1632 2002 χρωμένους
1665 1930 1812 2001 βαδῖ-

262 2033 379 2097 ζειν,
409 2030 500 2101 τὴν
533 2031 630 2099 μὲν
661 2029 823 2099 μέχρι
879 2031 974 2080 καὶ
1011 2026 1264 2090 Αὐλῶνος
1296 2026 1413 2077 ὁδὸν
1443 2025 1634 2086 ἴπποις
1671 2040 1814 2093 χρω-

264 2127 435 2195 μένους
463 2123 666 2176 ὁδεύειν
702 2125 990 2192 παρεῖχεν,
1027 2119 1239 2172 ἐκεῖθεν
1271 2118 1325 2170 δὲ
1356 2117 1481 2187 νηδς
1517 2115 1814 2177 ἐπιϐάντας

262 2217 340 2269 καὶ
363 2215 627 2268 Θάλασσαν
659 2212 954 2283 τέμνοντας
989 2209 1090 2281 τὴν
1135 2213 1191 2272 ἐς
1216 2209 1310 2261 τὸν
1337 2211 1502 2277 ῥῆγα,
1531 2209 1664 2261 ὅπου
1700 2207 1814 2259 ποτ’

262 2308 316 2360 ἂν
340 2306 576 2377 εὑρεθείη
615 2304 839 2371 διάγων,
875 2301 1150 2356 ποιεῖσθαι
1176 2301 1331 2354 διαπε
1344 2301 1589 2370 ραίωσιν.
1621 2293 1730 2351 ἾΙν
1759 2295 1816 2349 δέ

261 2400 346 2452 οίό
371 2398 463 2468 τῆς
499 2397 796 2468 πρεσεείας
843 2395 1048 2458 σκοπὸς
1078 2395 1330 2447 κάκεῖνον
1376 2393 1572 2464 δώροις
1613 2394 1706 2445 καὶ
1731 2391 1817 2446 λό-

262 2508 362 2551 γοις
387 2489 452 2550 ὡς
482 2489 709 2542 δυνατὶν
739 2485 1205 2556 ἐκμειλίσσεσθαι,
1255 2487 1345 2538 καὶ
1375 2483 1818 2554 παρασκευάζειν

261 2584 509 2652 εἰρηνικδν
534 2584 664 2634 ὄντα
693 2583 810 2642 ταῖς
865 2582 1078 2650 φήμαις
1132 2579 1367 2648 γράφειν
1417 2579 1517 2648 μὲν
1549 2579 1643 2630 καὶ
1681 2577 1817 2647 πρὸς

262 2676 338 2728 τὸν
368 2675 588 2743 ἀδελφὺν
634 2673 702 2726 τὰ
735 2675 922 2726 εἰκότα
980 2675 1076 2726 καὶ
1109 2673 1170 2725 τὸ
1209 2672 1408 2742 θράσος
1454 2672 1818 2740 ἐκμαλάττειν

263 2767 461 2828 καὶτὰς
508 2766 688 2836 ὁρμὰς
715 2763 925 2817 ἐκείνου
975 2765 1212 2834 ἀνέχειν.
1255 2763 1418 2834 Ῥᾷον
1463 2766 1592 2832 γὰρ,
1621 2762 1695 2825 ὼς
1727 2762 1818 2815 καί

261 2876 367 2913 τινα
390 2858 613 2920 οἴεσθαι,
649 2859 863 2929 πρῶτον
893 2857 1020 2912 ὄντα
1046 2859 1140 2912 καὶ
1170 2860 1313 2928 ῥῆγα
1336 2862 1700 2928 τετιμημένον
1724 2860 1820 2929 ἀρ-

265 3036 714 3092 nmnicationibus
754 3035 999 3107 (excepta
1032 3036 1253 3090 interim
1301 3037 1413 3090 sola
1471 3037 1819 3106 perceptione

263 3131 387 3184 sacri
419 3130 603 3184 calicis
640 3147 652 3182 :
686 3146 794 3183 non
832 3130 978 3183 enim
1004 3129 1146 3183 hanc
1173 3130 1248 3183 illi
1269 3130 1624 3198 quaerebam),
1655 3146 1817 3200 quam

1840 1887 1888 1950 Β

1911 644 2049 712 πρὸς
2072 641 2128 694 δέ
2163 641 2256 694 καὶ
2291 641 2416 704 τοὺς
2460 638 2694 709 τρόπους
2739 636 2927 700 εὐθὺν,
2967 636 3058 690 τὸν
3087 634 3340 706 δεύτερον
3393 637 3490 689 καὶ

1910 735 2038 806 χθές
2065 737 2144 797 εἰς
2179 735 2322 804 ρἦα
2351 733 2739 802 τετιμημένον,
2777 733 2913 799 πρὸς
2952 729 3009 783 δὲ
3043 732 3138 783 καὶ
3165 732 3231 799 τῇ
3265 728 3490 800 ἐξουσίᾳ

1911 827 2233 894 λειπόμενον
2266 826 2358 879 καί
2384 842 2446 894 γε
2486 825 2702 877 σκολιὸν
2732 823 2945 876 πείθειν
2974 839 2986 852 ·
3027 823 3162 894 μηδέ
3188 823 3296 893 γὰρ
3316 824 3490 875 ἀπευ-

1912 917 2166 970 θύνεσθαί
2195 934 2324 969 ποτε
2359 918 2420 968 τδ
2471 915 2631 986 ὀρθὸν
2672 916 2809 986 πρὸς
2833 915 2894 970 τὸ
2928 915 3164 979 σκολιὸν,
3210 916 3258 968 εἰ
3296 915 3342 968 δ’
3374 913 3490 976 οὖν,

1915 1011 2036 1080 μηδ’
2069 1006 2548 1072 ἁποσκολιοῦσθαι,
2574 1008 2710 1061 ἀλλὰ
2759 1008 2818 1061 τδ
2847 1006 3061 1060 σκολιὸν
3086 1005 3223 1078 πρὸς
3253 1006 3312 1059 τὸ
3335 1007 3490 1073 εὐθὺ,

1913 1105 2042 1174 παρ’
2074 1101 2102 1152 δ
2138 1108 2230 1156 καὶ
2281 1106 2312 1174 ἡ
2357 1103 2701 1174 προσηγορία
2755 1103 2858 1172 τῆς
2891 1103 3177 1172 ποιότητος
3207 1103 3492 1171 εἴληπται.

1926 1197 1986 1249 Ei
2026 1195 2125 1266 μὲν
2177 1194 2271 1249 οὖν
2302 1196 2498 1259 πείθοι,
2535 1195 2650 1248 ἀλλ’
2683 1190 2774 1250 οὖν
2800 1195 3151 1263 ἐντυγχάνειν
3180 1195 3259 1265 τῷ
3294 1195 3497 1263 πάππα

1914 1290 2054 1358 ὑπὲρ
2092 1289 2362 1360 Γραικῶν,
2417 1287 2662 1356 ἀδελφῶν
2701 1292 2794 1342 καὶ
2835 1289 3016 1341 αὐτῶν
3073 1288 3242 1341 ὅντων
3277 1289 3367 1342 καὶ
3399 1288 3495 1342 τοῦ

1913 1380 2078 1434 αὐτοῦ
2131 1381 2452 1452 ἠξιωμένων
2501 1381 2783 1452 ὀνόματος,
2847 1383 2942 1435 καὶ
2976 1381 3151 1447 οὕτως
3206 1385 3496 1435 ἐκκόπτειν

1915 1474 2212 1544 πειρᾶσθαι
2239 1477 2306 1529 τὰ
2333 1474 2472 1528 κατὰ
2505 1475 2614 1529 τῶν
2662 1475 2952 1542 Ῥωμαίων
3000 1476 3094 1530 τοῦ
3128 1476 3363 1544 ἀδελφοῦ
3401 1493 3500 1545 μησ-

1913 1567 2228 1636 χανήματα.
2266 1567 2455 1622 Ταῦτα
2506 1568 2598 1620 τοῦ
2657 1569 2923 1638 βασιλέως
2982 1570 3325 1640 ἀναθεμένου
3386 1571 3500 1631 τοῖς

1918 1660 2267 1729 πρέσϐευσιν,
2311 1651 2415 1712 ὑπὸ
2472 1659 2686 1732 μεγάλῃ
2717 1659 2985 1732 θεραπείᾳ
3021 1661 3152 1714 λαοῦ
3202 1679 3258 1713 τε
3285 1662 3377 1714 καὶ
3411 1661 3503 1731 βλ-

1917 1752 2140 1806 σιλικὼν
2168 1753 2391 1807 εἰκόνων
2423 1755 2515 1806 καὶ
2545 1753 2890 1823 ἐκπωμάτων
2913 1757 3004 1807 καὶ
3038 1754 3261 1824 βαρείας
3293 1755 3498 1820 Eii-{600.

1915 1847 1991 1910 ὡς
2022 1848 2116 1910 καὶ
2150 1848 2417 1916 φανέντας
2473 1850 2635 1917 μόνον
2669 1848 2959 1917 ἐκπλῆξαι,
3020 1848 3272 1918 ἐξῄεσαν.
3337 1849 3424 1909 Ὠς
3456 1848 3501 1899 δ’

1916 1939 2146 1992 Αὐλῶνα
2183 1938 2490 2008 φθάσαντες
2519 1941 2613 1992 καὶ
2643 1940 2767 2006 νηδς
2791 1940 3080 2000 ἐπ.6ἀντες
3103 1939 3333 2010 Παχύνῳ
3357 1940 3503 2011 ἄκρᾳ

1918 2033 2166 2096 Σικελίας
2199 2034 2521 2103 προσέσχον,
2558 2033 2888 2102 μανθάνουσι
2913 2034 3086 2102 πέραν
3110 2035 3246 2103 πρὸς
3275 2035 3503 2103 Καρχη-

1917 2127 2066 2191 δόνα,
2123 2129 2190 2198 ἢν
2225 2126 2477 2180 Τούνισιν
2510 2127 2798 2195 λέγουσιν,
2836 2127 3140 2180 ἀπελθόντα
3198 2129 3292 2179 τὸν
3355 2128 3502 2197 ρῆγα

1917 2222 2029 2282 τοῖς
2067 2219 2210 2272 κατὰ
2264 2219 2474 2289 Λιϐύην
2525 2218 2742 2289 Αἰθίοψι
2795 2219 3076 2290 πολεμεῖν.
3143 2220 3254 2273 Καὶ
3318 2219 3381 2288 δὴ
3413 2218 3502 2289 ἐφ’

1919 2312 2157 2382 ἡμέραις
2198 2313 2378 2364 ἐκεῖσε
2438 2310 2910 2381 ναυλοχησάμενοι
2968 2311 3280 2364 ἀπαυτόθεν
3337 2311 3502 2374 εὐθὺς

1919 2395 2225 2466 Τούνίσεως
2263 2403 2514 2474 ἤλαυνον,
2549 2405 2609 2456 τὸ
2663 2403 2947 2457 Σικελικὸν
2993 2405 3504 2476 καταμετρούμενοι

1921 2494 2185 2563 πέλαγος,
2225 2494 2313 2556 ῐΡ.
2342 2495 2469 2568 247]
2506 2495 2591 2564 ἐφ’
2625 2488 2686 2549 οὗ
2720 2496 2784 2566 δὴ
2815 2495 2908 2549 καὶ
2939 2497 3183 2580 ναυαγίῳ
3217 2498 3505 2567 χρησάμε-

1921 2603 2002 2639 νοι
2034 2587 2164 2662 παρ’
2197 2588 2387 2656 ὀλίγον
2416 2588 2582 2659 ἦλθον
2607 2587 2703 2642 τοῦ
2757 2587 3099 2659 βυθισθῆναι.
3147 2587 3234 2652 Ὠς
3261 2590 3318 2644 δὲ
3350 2590 3506 2660 μόλις

1921 2679 2094 2734 πολλὰ
2124 2681 2386 2745 παθόντες
2417 2675 2821 2752 ἁπέϐαινον,τῷ
2857 2683 2955 2752 μέν
2979 2683 3108 2753 ρηγὶ
3135 2683 3193 2735 ἐν
3221 2683 3505 2754 ἀρρωστία

1922 2771 2037 2825 όντι
2065 2771 2272 2843 χαλεπῇ
2323 2773 2714 2841 προσελθόντες
2763 2773 2831 2826 τὰ
2865 2773 3118 2843 βασιλικὰ
3168 2772 3507 2843 ἐνεχείριζον

1923 2863 2249 2933 γράμματα.
2309 2864 2368 2917 Ὀ
2389 2864 2447 2918 δὲ
2479 2864 2580 2935 ρὴξ
2613 2865 2690 2935 μὴ
2714 2853 2854 2917 ἔλων
2881 2865 2908 2917 ὅ
2937 2882 2991 2917 τι
3014 2867 3108 2919 καὶ
3133 2865 3307 2936 δρῴη,
3343 2866 3504 2917 τοῦτο

1926 3044 2162 3114 denique
2193 3044 2536 3113 obliquorum
2565 3050 2619 3098 et
2649 3059 2678 3097 a
2726 3052 2879 3098 recto
2926 3040 3252 3096 inflexoru‘m
3285 3057 3500 3096 morum

1930 3137 2116 3196 homo,
2168 3134 2368 3203 quibus
2415 3133 2716 3202 dirigendis
2753 3131 3037 3204 aptissima
3093 3141 3243 3186 esset
3272 3133 3503 3189 amussis

262 3226 386 3280 serio
408 3235 818 3294 procuraturum
843 3240 898 3279 se
921 3227 1285 3294 spoponderat
1311 3234 1363 3278 et
1387 3230 1822 3293 perpetratur‘um
1852 3231 1895 3288 C
1930 3227 2213 3282 domestici
2246 3225 2479 3294 exempli
2511 3235 2565 3279 et
2588 3225 2695 3280 late
2729 3225 2998 3280 celebrata
3023 3224 3294 3279 rectitudo
3328 3225 3502 3280 sancti

263 3329 544 3388 receperat,
583 3318 964 3372 Ecclesiarum
1000 3332 1187 3385 pacem
1220 3318 1329 3386 iam
1363 3332 1506 3370 nunc
1532 3304 1818 3387 auspicans

259 3423 308 3466 et
353 3415 549 3468 sensim
593 3413 913 3482 usurpando
942 3413 1328 3468 obstaculauue
1349 3411 1655 3469 amoliendo
1677 3428 1817 3484 prae-

260 3523 512 3564 muniens.

259 3638 305 3694 9.
341 3639 407 3696 Ut
436 3641 639 3713 legatos
670 3653 959 3714 mrperator
995 3642 1062 3696 ad
1088 3659 1260 3713 regem
1301 3640 1550 3696 Franciw
1591 3643 1811 3698 miserit.

320 3777 456 3832 Misit
483 3791 665 3833 autem
696 3789 751 3832 et
774 3780 919 3833 viros
952 3779 1354 3833 ecclesiasticos
1400 3778 1583 3832 multa:
1631 3777 1812 3848 digni-

259 3873 389 3930 tatis,
428 3884 538 3926 tum
569 3874 768 3926 merito
800 3872 1060 3926 virtutum
1090 3884 1202 3926 tum
1235 3873 1534 3926 ellii-iorum
1576 3872 1816 3925 auctori-

259 3971 357 4014 tate
381 3980 496 4031 qua:
519 3966 805 4034 gerebant,
832 3963 898 4017 ad
925 3980 1107 4032 regem
1128 3965 1388 4027 Francim,
1412 3963 1587 4018 Caroli
1613 3981 1812 4040 genere

256 4050 496 4116 fratren'i,
578 4069 892 4124 quanquam
948 4057 1230 4124 utriusque
1295 4071 1472 4111 mores
1529 4059 1810 4111 utillimum

259 4146 386 4198 inter
415 4164 470 4200 se
499 4150 876 4216 germanitatis
911 4150 1288 4216 praeferebant.
1335 4151 1396 4203 lli
1441 4162 1622 4204 autem
1663 4153 1814 4204 luere

255 4237 632 4307 eliartnphylax
662 4240 904 4295 ecclesia:
933 4239 1136 4294 Veecus
1158 4251 1211 4295 et
1244 4243 1372 4312 regii
1396 4244 1845 4316 archidiaconus‘

173 4403 176 4408 Ι
256 4329 374 4381 cleri
413 4329 792 4386 Meliteniotcs.
831 4329 922 4386 llis
945 4348 1065 4384 cum
1090 4349 1197 4386 non
1236 4335 1425 4387 liceret
1460 4343 1604 4388 recta
1642 4335 1816 4390 Brun-

256 4419 460 4474 dusium
529 4421 783 4492 trajicere
844 4433 1066 4492 propter
1124 4423 1196 4476 ibi
1247 4423 1578 4478 dominantis
1631 4423 1812 4479 Caroli

253 4521 483 4578 metum,
545 4514 922 4582 praseriptum
974 4527 1031 4567 ut
1088 4513 1169 4566 via
1239 4495 1480 4568 terrestri
1541 4507 1808 4570 Aulonem

252 4603 536 4670 equitando
562 4620 622 4659 se
655 4607 1036 4668 transferrent,
1070 4606 1305 4675 indeque
1340 4623 1476 4661 nave
1512 4623 1811 4664 conscensa

253 4709 341 4761 per
365 4698 530 4751 altum
565 4699 619 4751 in
655 4695 939 4751 Franciam
988 4700 1296 4762 tenderent,
1329 4697 1437 4753 illic
1462 4715 1643 4770 regem
1676 4717 1812 4755 eon-

252 4789 452 4842 venturi
483 4790 798 4860 ubicunque
835 4789 1038 4844 versari
1065 4805 1189 4843 eum
1221 4790 1554 4860 contigisset.
1606 4793 1816 4866 Sc0pus

249 4877 529 4948 legationis
566 4891 684 4935 erat
724 4898 903 4950 regem
937 4882 1093 4935 donis
1124 4892 1178 4934 et
1201 4882 1381 4936 verbis
1406 4895 1670 4952 quantum
1696 4885 1812 4940 fieri

250 4983 420 5037 posset
464 4974 717 5036 delinire,
776 4973 1069 5042 conarique
1113 4972 1381 5028 adducere
1423 4975 1621 5044 ipsum,
1653 4993 1812 5046 quem

250 5063 381 5116 fama
413 5064 620 5118 ferebat
653 5066 803 5134 pacis
829 5079 950 5119 esse
994 5065 1320 5128 studiosum,
1367 5066 1434 5120 ad
1473 5068 1811 5122 suadendum

249 5153 394 5207 fratri
426 5157 647 5224 scriptis
671 5157 868 5210 litteris
893 5172 960 5209 ne
993 5157 1134 5210 bello
1158 5157 1489 5225 inquietaret
1511 5156 1810 5218 Orientem.

249 5243 367 5298 Erat
398 5257 577 5300 autem
615 5249 912 5301 verisimile
938 5264 1194 5318 magnum
1239 5251 1456 5318 pondus
1502 5251 1809 5306 habituram

245 5341 617 5393 auctoritatem
680 5341 900 5409 majoris
953 5352 1082 5394 natu
1134 5342 1415 5411 germani,
1472 5343 1564 5412 qui
1625 5359 1721 5398 rex
1781 5361 1811 5399 a

248 5433 508 5501 principio
542 5432 732 5487 fuisset
755 5443 1074 5502 tantumque
1100 5434 1201 5503 ipsi
1235 5435 1474 5503 potentia
1501 5443 1807 5504 priestaret,

247 5521 306 5574 ad
357 5522 469 5576 haec
541 5525 632 5594 qui
686 5525 792 5579 vita
843 5534 1025 5578 rectus
1081 5535 1134 5580 et
1191 5525 1436 5579 moribus
1498 5526 1812 5597 inculpatus

248 5611 552 5681 haberetur,
613 5619 676 5673 ad
734 5617 1122 5672 emolliendum
1176 5622 1420 5673 animum
1483 5629 1538 5674 et
1600 5619 1811 5676 feroces

248 5708 475 5778 impetus
526 5712 828 5767 frenandos
854 5713 1033 5768 Caroli
1066 5714 1296 5766 minoris
1324 5723 1450 5767 natu
1484 5714 1688 5777 fratris,
1716 5715 1810 5786 qui

249 5814 410 5870 nuper
446 5814 655 5858 tantum
705 5805 886 5859 vocari
941 5819 1035 5859 rex
1088 5806 1366 5874 coepisset,
1417 5806 1811 5878 angustiusque

250 5905 308 5945 ac
335 5897 530 5966 opibus
556 5895 718 5970 362‘
759 5895 1000 5953 fraterno
1029 5897 1262 5952 inferius
1293 5912 1524 5969 regnum
1559 5899 1809 5970 haberet,

1926 3320 2045 3387 eius
2076 3320 2219 3383 regis
2241 3329 2347 3370 tam
2371 3317 2583 3372 artoilli
2614 3319 2896 3388 sanguinis
2929 3317 3155 3371 vinculo
3179 3317 3454 3387 conjuncti
3483 3335 3496 3372 :

1929 3427 2034 3465 non
2065 3409 2211 3463 enim
2261 3421 2473 3463 rectum
2517 3410 2584 3461 ad
2629 3407 2837 3477 obliqui
2887 3423 3134 3462 normam
3172 3408 3498 3478 exigendum

1923 3516 1999 3556 es:
2027 3501 2328 3570 (enimvero
2351 3499 2670 3567 depravatio
2695 3499 2808 3553 haec
2831 3498 3072 3568 quidem,
3101 3513 3207 3552 non
3227 3508 3503 3552 correctio

1920 3592 2112 3660 esset),
2141 3607 2330 3645 verum
2361 3591 2656 3659 obliquitas
2685 3591 2887 3644 detorti
2925 3591 3259 3660 exaequanda
3289 3590 3353 3644 ad
3383 3606 3502 3645 rec-

1922 3693 2064 3747 tum,
2099 3693 2156 3737 ut
2188 3684 2264 3739 sic
2299 3700 2394 3738 sua
2426 3693 2643 3737 constet
2677 3683 2876 3753 regula:
2909 3685 3045 3737 ratio
3073 3693 3138 3738 ac
3172 3683 3254 3737 vis
3291 3686 3501 3753 origine

1925 3776 2156 3829 indicata
2193 3775 2341 3828 \'0t‘lS
2379 3791 2408 3827 a
2443 3775 2679 3843 regendo
2711 3785 2764 3827 et
2800 3773 3086 3844 dirigendo
3109 3774 3306 3828 ductae.
3343 3775 3501 3839 Quod

1923 3867 1967 3920 si
2007 3865 2340 3936 persuadere
2370 3865 2524 3918 fratri
2555 3879 2662 3919 non
2713 3875 2926 3934 posset,
2966 3875 3115 3919 certe
3144 3875 3328 3935 ageret
3355 3867 3497 3934 apud

1919 3971 2112 4028 papam
2186 3964 2286 4026 pro
2322 3956 2522 4010 Graecis
2549 3996 2563 4018 ,
2619 3955 2880 4009 fratribus
2926 3963 2979 4008 et
3036 3955 3170 4024 ipsis
3210 3962 3265 4008 et
3307 3957 3500 4010 eodem

1917 4051 2355 4106 Christianorum
2407 4051 2631 4103 nomine
2681 4049 2938 4118 dignatis,
2977 4049 3164 4117 sicque
3205 4055 3497 4104 conaretur

1920 4144 2220 4214 infringere
2265 4142 2452 4197 fratris
2496 4141 2930 4197 machinationes
2969 4142 3022 4196 in
3071 4140 3363 4196 Romanos.
3402 4141 3498 4198 llis

1920 4238 1987 4292 ab
2017 4238 2351 4305 imperatore
2387 4235 2660 4290 mandatis
2691 4236 2946 4303 acceptis.
3005 4237 3134 4289 dant
3175 4251 3233 4289 se
3267 4236 3322 4290 in
3355 4239 3499 4292 viam

1919 4333 2073 4405 legati
2103 4339 2364 4388 comitatu
2397 4345 2460 4387 ac
2487 4335 2745 4388 satellitio
2771 4335 2952 4404 stipati
2980 4347 3275 4388 numeroso
3296 4336 3498 4404 pariter

1917 4438 1972 4483 et
1999 4435 2214 4489 ornato,
2247 4435 2392 4497 regio
2420 4427 2518 4497 ipsi
2545 4426 2694 4482 cultu
2727 4428 3108 4500 instructuque
3132 4408 3493 4498 supellectilis

1920 4521 2242 4590 Splendidzc,
2279 4521 2753 4587 imperium-ierunt
2785 4519 3080 4589 imaginum
3115 4538 3177 4576 ac
3208 4537 3492 4584 vasorum,

1923 4625 1986 4668 ut
2012 4615 2171 4684 longe
2202 4614 2301 4668 ista
2326 4617 2657 4681 portantium
2699 4621 2870 4666 tractu
2907 4623 3213 4684 caeteraque
3245 4617 3496 4685 magnifi-

1919 4706 2098 4760 centia
2139 4705 2364 4760 illustris
2399 4722 2608 4775 pmnp;e
2657 4690 2938 4760 mirificam
2981 4708 3326 4777 egredientes
3361 4708 3494 4762 urbe

1917 4797 2166 4851 attonitis
2217 4800 2338 4850 visu
2388 4799 2601 4868 populis
2638 4798 2875 4868 speciem
2931 4798 3179 4853 fecerint.
3227 4800 3491 4854 Anionem

1917 4893 2182 4961 perveCIi,
2230 4891 2320 4945 ubi
2369 4879 2506 4946 nave
2554 4895 2663 4946 illic
2707 4909 3004 4948 conscensa
3053 4893 3362 4963 Pachynum
3409 4895 3494 4947 Si-

1918 4982 2054 5036 cilia:
2104 4991 2420 5044 tenuerunt,
2471 4984 2702 5037 audiunt
2761 4995 3154 5053 transgressum
3204 5001 3386 5053 regem
3437 4986 3492 5038 in

1917 5074 2206 5128 adversum
2255 5075 2412 5130 littus
2459 5091 2630 5145 prope
2680 5077 3080 5146 Carthaginem,
3133 5093 3293 5146 quam
3348 5093 3494 5133 nunc

1916 5177 2115 5220 vocant
2141 5163 2443 5234 Tunissim,
2479 5184 2602 5222 cum
2633 5167 2987 5237 Ethiopibus
3023 5169 3260 5224 Africam
3297 5181 3492 5225 tenen-

1918 5261 2064 5316 tibus
2091 5248 2496 5332 bellareQErgo
2550 5261 2619 5315 ibi
2663 5263 2856 5314 morati
2897 5263 3085 5332 paucis
3129 5262 3344 5326 diebus,
3377 5265 3491 5318 sol-

1915 5362 2107 5408 ventes
2132 5353 2198 5406 ad
2251 5351 2496 5406 Siculum
2551 5349 2924 5405 emetiendum
2981 5349 3179 5405 fretum
3212 5349 3490 5407 Tunissim

1916 5460 2132 5504 versus.
2158 5459 2352 5498 navem
2376 5443 2466 5496 illo
2489 5458 2652 5496 cursu
2682 5443 2980 5512 fregerunt,
3007 5451 3060 5495 et
3092 5455 3282 5510 parum
3319 5443 3494 5497 abfuit

1915 5535 2046 5607 quin
2105 5545 2500 5606 mergerentur.
2556 5535 2627 5589 Ut
2675 5543 2857 5586 autent
2916 5533 3002 5587 vix
3056 5535 3272 5587 tandem
3323 5535 3492 5588 multa

1914 5627 2161 5697 perpessi
2191 5626 2616 5688 exscendcrunt,
2641 5625 2750 5693 regi
2777 5640 2839 5676 ex
2870 5623 3018 5692 gravi
3051 5623 3243 5677 morbo
3267 5623 3493 5678 decum-

1913 5719 2064 5775 benti
2098 5719 2312 5774 litteras
2343 5719 2691 5788 imperatoris
2723 5717 3096 5772 reddlderunt.
3119 5718 3492 5772 Rexincertus

1915 5814 2047 5884 quid"
2100 5824 2317 5882 ageret,
2374 5812 2502 5865 hinc
2545 5812 2765 5880 quidem
2836 5812 3026 5864 morbo
3075 5821 3321 5882 urgente,
3365 5809 3492 5864 inde

1915 5902 2042 5960 belli
2075 5901 2357 5957 districtus
2397 5901 2563 5970 curis,
2592 5900 2983 5972 supersedebat
3009 5902 3360 5971 expeditione
3390 5916 3490 5954 nec
