  <div class='ocr_page' id='page_1' title='image "/cluster/home/n/w/nwhite01/storage/ocr_20150623/143/hvd.32044019208321/445.png"; bbox 0 0 3964 6576; ppageno 0'>
   <div class='ocr_carea' id='block_1_1' title="bbox 458 384 3671 500">
    <p class='ocr_par' dir='ltr' id='par_1_1' title="bbox 458 384 3671 500">
     <span class='ocr_line' id='line_1_1' title="bbox 458 384 3671 500; baseline 0.003 -47"><span class='ocrx_word' id='word_1_1' title='bbox 458 384 569 453; x_wconf 70' lang='lat'><strong>81.5</strong></span> <span class='ocrx_word' id='word_1_2' title='bbox 1671 398 1997 458; x_wconf 65' lang='lat' dir='ltr'><strong>usuusu</strong></span> <span class='ocrx_word' id='word_1_3' title='bbox 2040 403 2523 465; x_wconf 65' lang='lat' dir='ltr'><strong>racummw</strong></span> <span class='ocrx_word' id='word_1_4' title='bbox 3478 448 3491 463; x_wconf 91' lang='lat'><strong>.</strong></span> <span class='ocrx_word' id='word_1_5' title='bbox 3587 408 3671 500; x_wconf 53' lang='lat' dir='ltr'><strong>&#39;81s</strong></span> 
     </span>
    </p>
   </div>
   <div class='ocr_carea' id='block_1_2' title="bbox 466 500 3674 619">
    <p class='ocr_par' dir='ltr' id='par_1_2' title="bbox 466 500 3674 619">
     <span class='ocr_line' id='line_1_2' title="bbox 466 500 3674 619; baseline 0.013 -66"><span class='ocrx_word' id='word_1_6' title='bbox 466 504 569 570; x_wconf 75' lang='grc' dir='ltr'><strong>μὲν</strong></span> <span class='ocrx_word' id='word_1_7' title='bbox 605 500 935 573; x_wconf 67' lang='grc' dir='ltr'><strong>ἀρρωστῶν,</strong></span> <span class='ocrx_word' id='word_1_8' title='bbox 969 501 1126 556; x_wconf 83' lang='grc' dir='ltr'><strong>τοῦτο</strong></span> <span class='ocrx_word' id='word_1_9' title='bbox 1151 502 1206 558; x_wconf 82' lang='grc' dir='ltr'><strong>δέ</strong></span> <span class='ocrx_word' id='word_1_10' title='bbox 1235 504 1328 559; x_wconf 63' lang='grc' dir='ltr'><strong>καὶ</strong></span> <span class='ocrx_word' id='word_1_11' title='bbox 1356 503 1612 577; x_wconf 75' lang='grc' dir='ltr'><strong>πολέμοις</strong></span> <span class='ocrx_word' id='word_1_12' title='bbox 1645 508 2041 581; x_wconf 81' lang='grc' dir='ltr'><strong>ἐνασχολούμε-</strong></span> <span class='ocrx_word' id='word_1_13' title='bbox 2075 517 2117 575; x_wconf 80' lang='grc' dir='ltr'><strong>Α</strong></span> <span class='ocrx_word' id='word_1_14' title='bbox 2148 512 2307 579; x_wconf 82' lang='grc' dir='ltr'><strong>εύοὺς</strong></span> <span class='ocrx_word' id='word_1_15' title='bbox 2335 519 2796 592; x_wconf 68' lang='grc' dir='ltr'><strong>ἐνσκευασᾶμενοι</strong></span> <span class='ocrx_word' id='word_1_16' title='bbox 2824 525 2913 578; x_wconf 59' lang='grc' dir='ltr'><strong>τὸν</strong></span> <span class='ocrx_word' id='word_1_17' title='bbox 2944 529 3138 600; x_wconf 70' lang='grc' dir='ltr'><strong>νεκρὸν</strong></span> <span class='ocrx_word' id='word_1_18' title='bbox 3168 531 3375 588; x_wconf 85' lang='grc' dir='ltr'><strong>ἐκείνου</strong></span> <span class='ocrx_word' id='word_1_19' title='bbox 3396 533 3465 601; x_wconf 81' lang='grc' dir='ltr'><strong>ὤς</strong></span> <span class='ocrx_word' id='word_1_20' title='bbox 3488 538 3537 593; x_wconf 74' lang='grc' dir='ltr'><strong>ἐν</strong></span> <span class='ocrx_word' id='word_1_21' title='bbox 3564 545 3674 619; x_wconf 79' lang='grc' dir='ltr'><strong>πλη.</strong></span> 
     </span>
     <span class='ocr_line' id='line_1_3' title="bbox 466 594 2954 619; baseline 0 0"><span class='ocrx_word' id='word_1_22' title='bbox 466 610 547 619; x_wconf 64' lang='grc' dir='ltr'><strong>ι.--</strong></span> <span class='ocrx_word' id='word_1_23' title='bbox 595 596 799 619; x_wconf 39' lang='lat' dir='ltr'><strong>ADL---</strong></span> <span class='ocrx_word' id='word_1_24' title='bbox 836 610 893 619; x_wconf 67' lang='lat'><strong>_-</strong></span> <span class='ocrx_word' id='word_1_25' title='bbox 931 594 1140 619; x_wconf 64' lang='lat'><strong>_-.&#39;--._</strong></span> <span class='ocrx_word' id='word_1_26' title='bbox 1198 597 1263 619; x_wconf 61' lang='lat' dir='ltr'><strong>_L</strong></span> <span class='ocrx_word' id='word_1_27' title='bbox 1328 596 1621 619; x_wconf 27' lang='lat' dir='ltr'><strong>_-I._“._¥M</strong></span> <span class='ocrx_word' id='word_1_28' title='bbox 1680 601 1762 619; x_wconf 35' lang='grc' dir='ltr'><strong>ρης</strong></span> <span class='ocrx_word' id='word_1_29' title='bbox 1880 599 1914 619; x_wconf 61' lang='lat'><strong>,\</strong></span> <span class='ocrx_word' id='word_1_30' title='bbox 1994 601 2034 619; x_wconf 61' lang='lat'><strong>,\</strong></span> <span class='ocrx_word' id='word_1_31' title='bbox 2328 604 2342 619; x_wconf 71' lang='grc' dir='ltr'><em>ι</em></span> <span class='ocrx_word' id='word_1_32' title='bbox 2445 606 2459 619; x_wconf 73' lang='grc' dir='ltr'>ι</span> <span class='ocrx_word' id='word_1_33' title='bbox 2670 612 2681 619; x_wconf 85' lang='grc'><strong>.</strong></span> <span class='ocrx_word' id='word_1_34' title='bbox 2852 615 2876 619; x_wconf 88' lang='lat'><strong>_</strong></span> <span class='ocrx_word' id='word_1_35' title='bbox 2930 616 2954 619; x_wconf 81' lang='lat'>_</span> 
     </span>
    </p>
   </div>
   <div class='ocr_carea' id='block_1_3' title="bbox 458 594 3677 696">
    <p class='ocr_par' dir='ltr' id='par_1_3' title="bbox 458 594 3677 696">
     <span class='ocr_line' id='line_1_4' title="bbox 458 594 3677 696; baseline 0.014 -56"><span class='ocrx_word' id='word_1_36' title='bbox 458 610 569 659; x_wconf 81' lang='grc' dir='ltr'><strong>νος,</strong></span> <span class='ocrx_word' id='word_1_37' title='bbox 590 596 803 664; x_wconf 73' lang='grc' dir='ltr'><strong>ἀνήρτα</strong></span> <span class='ocrx_word' id='word_1_38' title='bbox 835 594 1140 696; x_wconf 55' lang='grc' dir='ltr'><strong>τε.τούτοις</strong></span> <span class='ocrx_word' id='word_1_39' title='bbox 1195 597 1265 649; x_wconf 72' lang='grc' dir='ltr'><strong>τὰ</strong></span> <span class='ocrx_word' id='word_1_40' title='bbox 1322 596 1627 669; x_wconf 82' lang='grc' dir='ltr'><strong>πράγματα</strong></span> <span class='ocrx_word' id='word_1_41' title='bbox 1676 601 1772 653; x_wconf 75' lang='grc' dir='ltr'><strong>καὶ</strong></span> <span class='ocrx_word' id='word_1_42' title='bbox 1822 599 1954 672; x_wconf 79' lang='grc' dir='ltr'><strong>πρὸς</strong></span> <span class='ocrx_word' id='word_1_43' title='bbox 1986 601 2045 654; x_wconf 78' lang='grc' dir='ltr'><strong>τὸ</strong></span> <span class='ocrx_word' id='word_1_44' title='bbox 2149 604 2378 677; x_wconf 61' lang='grc' dir='ltr'><strong>ροφορίᾳ</strong></span> <span class='ocrx_word' id='word_1_45' title='bbox 2428 606 2778 682; x_wconf 77' lang='grc' dir='ltr'><strong>ᾠκειωμένου</strong></span> <span class='ocrx_word' id='word_1_46' title='bbox 2843 615 2984 687; x_wconf 82' lang='grc' dir='ltr'><strong>Θεῷ,</strong></span> <span class='ocrx_word' id='word_1_47' title='bbox 3045 594 3244 692; x_wconf 51' lang='grc' dir='ltr'><strong>μύροις</strong></span> <span class='ocrx_word' id='word_1_48' title='bbox 3288 594 3677 696; x_wconf 33' lang='lat' dir='ltr'><strong>etsigna};</strong></span> 
     </span>
    </p>
   </div>
   <div class='ocr_carea' id='block_1_4' title="bbox 456 683 3678 788">
    <p class='ocr_par' dir='ltr' id='par_1_4' title="bbox 456 683 3678 788">
     <span class='ocr_line' id='line_1_5' title="bbox 456 683 3678 788; baseline 0.011 -50"><span class='ocrx_word' id='word_1_49' title='bbox 456 685 875 771; x_wconf 76' lang='grc' dir='ltr'><strong>νοσοκομεῖσθαι</strong></span> <span class='ocrx_word' id='word_1_50' title='bbox 908 683 999 759; x_wconf 79' lang='grc' dir='ltr'><strong>ἦν.</strong></span> <span class='ocrx_word' id='word_1_51' title='bbox 1047 689 1112 741; x_wconf 86' lang='grc' dir='ltr'><strong>Οἱ</strong></span> <span class='ocrx_word' id='word_1_52' title='bbox 1137 689 1193 743; x_wconf 82' lang='grc' dir='ltr'>δὲ</span> <span class='ocrx_word' id='word_1_53' title='bbox 1226 689 1349 744; x_wconf 79' lang='grc' dir='ltr'><strong>καθ’</strong></span> <span class='ocrx_word' id='word_1_54' title='bbox 1384 692 1601 763; x_wconf 77' lang='grc' dir='ltr'><strong>ἡμέραν</strong></span> <span class='ocrx_word' id='word_1_55' title='bbox 1649 692 1829 764; x_wconf 82' lang='grc' dir='ltr'><strong>Οέαμα</strong></span> <span class='ocrx_word' id='word_1_56' title='bbox 1856 694 2043 767; x_wconf 83' lang='grc' dir='ltr'><strong>ἑώρων</strong></span> <span class='ocrx_word' id='word_1_57' title='bbox 2147 693 2424 768; x_wconf 68' lang='grc' dir='ltr'><strong>βράσματι</strong></span> <span class='ocrx_word' id='word_1_58' title='bbox 2456 701 2698 774; x_wconf 79' lang='grc' dir='ltr'><strong>λεϐήτων</strong></span> <span class='ocrx_word' id='word_1_59' title='bbox 2729 683 3281 785; x_wconf 36' lang='grc' dir='ltr'><strong>ἐνέψοντεςίτιμίοις</strong></span> <span class='ocrx_word' id='word_1_60' title='bbox 3313 683 3490 788; x_wconf 74' lang='grc' dir='ltr'><strong>χηλοῖς</strong></span> <span class='ocrx_word' id='word_1_61' title='bbox 3515 683 3678 782; x_wconf 59' lang='grc' dir='ltr'><strong>ινζιτέξξ</strong></span> 
     </span>
    </p>
   </div>
   <div class='ocr_carea' id='block_1_5' title="bbox 454 780 2043 859">
    <p class='ocr_par' dir='ltr' id='par_1_5' title="bbox 454 780 2043 859">
     <span class='ocr_line' id='line_1_6' title="bbox 454 780 2043 859; baseline 0.004 -25"><span class='ocrx_word' id='word_1_62' title='bbox 454 780 689 834; x_wconf 80' lang='grc' dir='ltr'><strong>ἐλεεινὸν</strong></span> <span class='ocrx_word' id='word_1_63' title='bbox 730 781 1068 853; x_wconf 54' lang='grc' dir='ltr'><strong>θἈγαρηνῶν</strong></span> <span class='ocrx_word' id='word_1_64' title='bbox 1103 783 1306 853; x_wconf 72' lang='grc' dir='ltr'><strong>μεταξῦ</strong></span> <span class='ocrx_word' id='word_1_65' title='bbox 1336 785 1433 839; x_wconf 79' lang='grc' dir='ltr'><strong>καὶ</strong></span> <span class='ocrx_word' id='word_1_66' title='bbox 1462 787 1727 843; x_wconf 87' lang='grc' dir='ltr'><strong>Λατίνων.</strong></span> <span class='ocrx_word' id='word_1_67' title='bbox 1763 787 1909 853; x_wconf 77' lang='grc' dir='ltr'><strong>Ἐξω</strong></span> <span class='ocrx_word' id='word_1_68' title='bbox 1933 790 2043 859; x_wconf 78' lang='grc' dir='ltr'><strong>γὰρ</strong></span> 
     </span>
    </p>
   </div>
   <div class='ocr_carea' id='block_1_6' title="bbox 455 871 2040 952">
    <p class='ocr_par' dir='ltr' id='par_1_6' title="bbox 455 871 2040 952">
     <span class='ocr_line' id='line_1_7' title="bbox 455 871 2040 952; baseline 0.008 -28"><span class='ocrx_word' id='word_1_69' title='bbox 455 871 732 943; x_wconf 81' lang='grc' dir='ltr'><strong>θαλάσσης</strong></span> <span class='ocrx_word' id='word_1_70' title='bbox 813 876 1352 947; x_wconf 79' lang='grc' dir='ltr'><strong>ἐπιταφρευσὰμενοι</strong></span> <span class='ocrx_word' id='word_1_71' title='bbox 1438 879 1630 932; x_wconf 77' lang='grc' dir='ltr'><strong>Ἰταλοὶ</strong></span> <span class='ocrx_word' id='word_1_72' title='bbox 1712 878 2040 952; x_wconf 65' lang='grc' dir='ltr'><strong>ὀχυρώματι</strong></span> 
     </span>
    </p>
   </div>
   <div class='ocr_carea' id='block_1_7' title="bbox 452 965 2041 1042">
    <p class='ocr_par' dir='ltr' id='par_1_7' title="bbox 452 965 2041 1042">
     <span class='ocr_line' id='line_1_8' title="bbox 452 965 2041 1042; baseline 0.007 -24"><span class='ocrx_word' id='word_1_73' title='bbox 452 965 693 1037; x_wconf 83' lang='grc' dir='ltr'><strong>ἐχρῶντο</strong></span> <span class='ocrx_word' id='word_1_74' title='bbox 726 968 790 1038; x_wconf 82' lang='grc' dir='ltr'><strong>τῇ</strong></span> <span class='ocrx_word' id='word_1_75' title='bbox 825 968 1042 1040; x_wconf 71' lang='grc' dir='ltr'><strong>τάφρῳ,</strong></span> <span class='ocrx_word' id='word_1_76' title='bbox 1070 967 1130 1023; x_wconf 74' lang='grc' dir='ltr'><strong>τὸ</strong></span> <span class='ocrx_word' id='word_1_77' title='bbox 1163 968 1365 1035; x_wconf 81' lang='grc' dir='ltr'><strong>μεταξὺ</strong></span> <span class='ocrx_word' id='word_1_78' title='bbox 1387 972 1708 1042; x_wconf 82' lang='grc' dir='ltr'><strong>κατέχοντες</strong></span> <span class='ocrx_word' id='word_1_79' title='bbox 1736 989 1751 1003; x_wconf 83' lang='lat'>&#39;</span> <span class='ocrx_word' id='word_1_80' title='bbox 1782 972 1938 1028; x_wconf 76' lang='grc' dir='ltr'><strong>Αἰθίο</strong></span> <span class='ocrx_word' id='word_1_81' title='bbox 1964 992 2041 1039; x_wconf 57' lang='grc' dir='ltr'><strong>’.ες</strong></span> 
     </span>
    </p>
   </div>
   <div class='ocr_carea' id='block_1_8' title="bbox 451 1061 2038 1138">
    <p class='ocr_par' dir='ltr' id='par_1_8' title="bbox 451 1061 2038 1138">
     <span class='ocr_line' id='line_1_9' title="bbox 451 1061 2038 1138; baseline 0.005 -26"><span class='ocrx_word' id='word_1_82' title='bbox 451 1061 509 1113; x_wconf 75' lang='grc' dir='ltr'>δὲ</span> <span class='ocrx_word' id='word_1_83' title='bbox 541 1061 850 1134; x_wconf 75' lang='grc' dir='ltr'><strong>Καρχηδόνι</strong></span> <span class='ocrx_word' id='word_1_84' title='bbox 877 1061 1127 1134; x_wconf 77' lang='grc' dir='ltr'><strong>φρουρίῳ</strong></span> <span class='ocrx_word' id='word_1_85' title='bbox 1171 1080 1231 1115; x_wconf 85' lang='grc' dir='ltr'><strong>τε</strong></span> <span class='ocrx_word' id='word_1_86' title='bbox 1270 1062 1368 1116; x_wconf 75' lang='grc' dir='ltr'><strong>καὶ</strong></span> <span class='ocrx_word' id='word_1_87' title='bbox 1413 1064 1735 1138; x_wconf 70' lang='grc' dir='ltr'><strong>ὁρμητηρίῳ</strong></span> <span class='ocrx_word' id='word_1_88' title='bbox 1763 1065 2038 1138; x_wconf 64' lang='grc' dir='ltr'><strong>χρώμενοι</strong></span> 
     </span>
    </p>
   </div>
   <div class='ocr_carea' id='block_1_9' title="bbox 450 1150 2034 1233">
    <p class='ocr_par' dir='ltr' id='par_1_9' title="bbox 450 1150 2034 1233">
     <span class='ocr_line' id='line_1_10' title="bbox 450 1150 2034 1233; baseline 0.006 -29"><span class='ocrx_word' id='word_1_89' title='bbox 450 1150 598 1226; x_wconf 71' lang='grc' dir='ltr'><strong>εἶχον</strong></span> <span class='ocrx_word' id='word_1_90' title='bbox 631 1154 729 1225; x_wconf 78' lang='grc' dir='ltr'><strong>μὲν</strong></span> <span class='ocrx_word' id='word_1_91' title='bbox 773 1155 830 1208; x_wconf 87' lang='grc' dir='ltr'><strong>ἐν</strong></span> <span class='ocrx_word' id='word_1_92' title='bbox 864 1155 1102 1225; x_wconf 76' lang='grc' dir='ltr'><strong>ἀσφαλεῖ</strong></span> <span class='ocrx_word' id='word_1_93' title='bbox 1154 1156 1454 1226; x_wconf 75' lang='grc' dir='ltr'><strong>καθῆσθαι,</strong></span> <span class='ocrx_word' id='word_1_94' title='bbox 1513 1152 1661 1228; x_wconf 77' lang='grc' dir='ltr'><strong>εἶχον</strong></span> <span class='ocrx_word' id='word_1_95' title='bbox 1691 1158 1749 1212; x_wconf 82' lang='grc' dir='ltr'><strong>δὲ</strong></span> <span class='ocrx_word' id='word_1_96' title='bbox 1805 1160 1900 1213; x_wconf 75' lang='grc' dir='ltr'><strong>καὶ</strong></span> <span class='ocrx_word' id='word_1_97' title='bbox 1926 1161 2034 1233; x_wconf 87' lang='grc' dir='ltr'><strong>ὃπη</strong></span> 
     </span>
    </p>
   </div>
   <div class='ocr_carea' id='block_1_10' title="bbox 449 1248 2036 1324">
    <p class='ocr_par' dir='ltr' id='par_1_10' title="bbox 449 1248 2036 1324">
     <span class='ocr_line' id='line_1_11' title="bbox 449 1248 2036 1324; baseline 0.004 -24"><span class='ocrx_word' id='word_1_98' title='bbox 449 1248 707 1318; x_wconf 72' lang='grc' dir='ltr'><strong>παρείκοι</strong></span> <span class='ocrx_word' id='word_1_99' title='bbox 739 1248 1089 1321; x_wconf 77' lang='grc' dir='ltr'><strong>θαρρούντως</strong></span> <span class='ocrx_word' id='word_1_100' title='bbox 1111 1251 1308 1322; x_wconf 76' lang='grc' dir='ltr'><strong>ὁρμᾷν.</strong></span> <span class='ocrx_word' id='word_1_101' title='bbox 1336 1252 1446 1305; x_wconf 79' lang='grc' dir='ltr'><strong>Καὶ</strong></span> <span class='ocrx_word' id='word_1_102' title='bbox 1477 1252 1717 1322; x_wconf 82' lang='grc' dir='ltr'><strong>συνεχῶς</strong></span> <span class='ocrx_word' id='word_1_103' title='bbox 1744 1252 1865 1306; x_wconf 77' lang='grc' dir='ltr'><strong>καθ’</strong></span> <span class='ocrx_word' id='word_1_104' title='bbox 1898 1254 2036 1324; x_wconf 80' lang='grc' dir='ltr'><strong>ἠμέ-</strong></span> 
     </span>
    </p>
   </div>
   <div class='ocr_carea' id='block_1_11' title="bbox 451 1341 2039 1417">
    <p class='ocr_par' dir='ltr' id='par_1_11' title="bbox 451 1341 2039 1417">
     <span class='ocr_line' id='line_1_12' title="bbox 451 1341 2039 1417; baseline 0.003 -21"><span class='ocrx_word' id='word_1_105' title='bbox 451 1358 552 1413; x_wconf 79' lang='grc' dir='ltr'><strong>ραν</strong></span> <span class='ocrx_word' id='word_1_106' title='bbox 580 1341 941 1413; x_wconf 78' lang='grc' dir='ltr'><strong>διεπολέμουν</strong></span> <span class='ocrx_word' id='word_1_107' title='bbox 968 1342 1105 1413; x_wconf 79' lang='grc' dir='ltr'><strong>πρὸς</strong></span> <span class='ocrx_word' id='word_1_108' title='bbox 1126 1344 1413 1414; x_wconf 79' lang='grc' dir='ltr'><strong>ἀλλήλους,</strong></span> <span class='ocrx_word' id='word_1_109' title='bbox 1442 1344 1517 1408; x_wconf 82' lang='grc' dir='ltr'><strong>ὡς</strong></span> <span class='ocrx_word' id='word_1_110' title='bbox 1541 1346 1832 1411; x_wconf 81' lang='grc' dir='ltr'><strong>πλείστους</strong></span> <span class='ocrx_word' id='word_1_111' title='bbox 1865 1349 2039 1417; x_wconf 78' lang='grc' dir='ltr'><strong>ἀμφο-</strong></span> 
     </span>
    </p>
   </div>
   <div class='ocr_carea' id='block_1_12' title="bbox 436 1434 2029 1513">
    <p class='ocr_par' dir='ltr' id='par_1_12' title="bbox 436 1434 2029 1513">
     <span class='ocr_line' id='line_1_13' title="bbox 436 1434 2029 1513; baseline 0.003 -25"><span class='ocrx_word' id='word_1_112' title='bbox 436 1434 686 1505; x_wconf 70' lang='grc' dir='ltr'><strong>τέρωθεν</strong></span> <span class='ocrx_word' id='word_1_113' title='bbox 718 1437 964 1489; x_wconf 77' lang='grc' dir='ltr'><strong>πίπτειν.</strong></span> <span class='ocrx_word' id='word_1_114' title='bbox 1004 1436 1290 1491; x_wconf 70' lang='grc' dir='ltr'><strong>Ἐπέιιειτο</strong></span> <span class='ocrx_word' id='word_1_115' title='bbox 1315 1437 1369 1490; x_wconf 81' lang='grc' dir='ltr'><strong>δὲ</strong></span> <span class='ocrx_word' id='word_1_116' title='bbox 1389 1437 1574 1509; x_wconf 72' lang='grc' dir='ltr'><strong>λοιμὸς</strong></span> <span class='ocrx_word' id='word_1_117' title='bbox 1608 1439 1848 1509; x_wconf 64' lang='grc' dir='ltr'><strong>ἰσχυρὸς,</strong></span> <span class='ocrx_word' id='word_1_118' title='bbox 1873 1440 2029 1513; x_wconf 72' lang='grc' dir='ltr'><strong>ἔθνη-</strong></span> 
     </span>
    </p>
   </div>
   <div class='ocr_carea' id='block_1_13' title="bbox 448 1528 2036 1607">
    <p class='ocr_par' dir='ltr' id='par_1_13' title="bbox 448 1528 2036 1607">
     <span class='ocr_line' id='line_1_14' title="bbox 448 1528 2036 1607; baseline 0.007 -27"><span class='ocrx_word' id='word_1_119' title='bbox 448 1544 581 1582; x_wconf 83' lang='grc' dir='ltr'><strong>σκον</strong></span> <span class='ocrx_word' id='word_1_120' title='bbox 609 1528 666 1582; x_wconf 77' lang='grc' dir='ltr'><strong>δέ</strong></span> <span class='ocrx_word' id='word_1_121' title='bbox 700 1528 1091 1601; x_wconf 72' lang='grc' dir='ltr'><strong>ἐπασσύτεροι,</strong></span> <span class='ocrx_word' id='word_1_122' title='bbox 1142 1530 1237 1584; x_wconf 77' lang='grc' dir='ltr'><strong>καὶ</strong></span> <span class='ocrx_word' id='word_1_123' title='bbox 1288 1531 1315 1584; x_wconf 84' lang='grc' dir='ltr'>ὁ</span> <span class='ocrx_word' id='word_1_124' title='bbox 1347 1529 1574 1586; x_wconf 84' lang='grc' dir='ltr'><strong>θάπτων</strong></span> <span class='ocrx_word' id='word_1_125' title='bbox 1608 1532 1708 1587; x_wconf 79' lang='grc' dir='ltr'><strong>οὐκ</strong></span> <span class='ocrx_word' id='word_1_126' title='bbox 1738 1528 1827 1606; x_wconf 75' lang='grc' dir='ltr'><strong>ἢν,</strong></span> <span class='ocrx_word' id='word_1_127' title='bbox 1863 1536 2036 1607; x_wconf 72' lang='grc' dir='ltr'><strong>πυραὶ</strong></span> 
     </span>
    </p>
   </div>
   <div class='ocr_carea' id='block_1_14' title="bbox 443 1621 2034 1699">
    <p class='ocr_par' dir='ltr' id='par_1_14' title="bbox 443 1621 2034 1699">
     <span class='ocr_line' id='line_1_15' title="bbox 443 1621 2034 1699; baseline 0.005 -26"><span class='ocrx_word' id='word_1_128' title='bbox 443 1621 505 1674; x_wconf 76' lang='grc' dir='ltr'><strong>δὲ</strong></span> <span class='ocrx_word' id='word_1_129' title='bbox 540 1622 752 1674; x_wconf 79' lang='grc' dir='ltr'><strong>νεκύων</strong></span> <span class='ocrx_word' id='word_1_130' title='bbox 790 1621 850 1674; x_wconf 81' lang='grc' dir='ltr'><strong>οὐ</strong></span> <span class='ocrx_word' id='word_1_131' title='bbox 905 1622 1124 1675; x_wconf 78' lang='grc' dir='ltr'><strong>καίοντο</strong></span> <span class='ocrx_word' id='word_1_132' title='bbox 1173 1622 1663 1695; x_wconf 73' lang='grc' dir='ltr'><strong>κατιτεθνηώτων.</strong></span> <span class='ocrx_word' id='word_1_133' title='bbox 1728 1625 1792 1680; x_wconf 82' lang='grc' dir='ltr'>Ἢ</span> <span class='ocrx_word' id='word_1_134' title='bbox 1828 1625 2034 1699; x_wconf 79' lang='grc' dir='ltr'><strong>τάφρος</strong></span> 
     </span>
    </p>
   </div>
   <div class='ocr_carea' id='block_1_15' title="bbox 442 1710 2030 1783">
    <p class='ocr_par' dir='ltr' id='par_1_15' title="bbox 442 1710 2030 1783">
     <span class='ocr_line' id='line_1_16' title="bbox 442 1710 2030 1783; baseline 0.002 -17"><span class='ocrx_word' id='word_1_135' title='bbox 442 1711 489 1766; x_wconf 83' lang='grc' dir='ltr'><strong>δ’</strong></span> <span class='ocrx_word' id='word_1_136' title='bbox 523 1711 707 1783; x_wconf 77' lang='grc' dir='ltr'><strong>ἐκείνη</strong></span> <span class='ocrx_word' id='word_1_137' title='bbox 770 1710 961 1782; x_wconf 70' lang='grc' dir='ltr'><strong>εὗρεῖά</strong></span> <span class='ocrx_word' id='word_1_138' title='bbox 1015 1729 1074 1766; x_wconf 78' lang='grc' dir='ltr'><strong>τε</strong></span> <span class='ocrx_word' id='word_1_139' title='bbox 1129 1713 1223 1765; x_wconf 75' lang='grc' dir='ltr'><strong>καὶ</strong></span> <span class='ocrx_word' id='word_1_140' title='bbox 1255 1710 1447 1783; x_wconf 72' lang='grc' dir='ltr'><strong>βαθεῖα</strong></span> <span class='ocrx_word' id='word_1_141' title='bbox 1485 1712 1641 1778; x_wconf 83' lang='grc' dir='ltr'><strong>οὖσα,</strong></span> <span class='ocrx_word' id='word_1_142' title='bbox 1693 1713 1789 1779; x_wconf 76' lang='grc' dir='ltr'><strong>οὒς</strong></span> <span class='ocrx_word' id='word_1_143' title='bbox 1822 1713 2030 1780; x_wconf 78' lang='grc' dir='ltr'><strong>ζῶντας</strong></span> 
     </span>
    </p>
   </div>
   <div class='ocr_carea' id='block_1_16' title="bbox 442 1793 3725 1889">
    <p class='ocr_par' dir='ltr' id='par_1_16' title="bbox 442 1793 3725 1889">
     <span class='ocr_line' id='line_1_17' title="bbox 442 1793 3725 1889; baseline 0.004 -28"><span class='ocrx_word' id='word_1_144' title='bbox 442 1807 652 1878; x_wconf 78' lang='grc' dir='ltr'><strong>ἐτήρει,</strong></span> <span class='ocrx_word' id='word_1_145' title='bbox 707 1806 931 1869; x_wconf 77' lang='grc' dir='ltr'><strong>τούτους</strong></span> <span class='ocrx_word' id='word_1_146' title='bbox 981 1806 1078 1858; x_wconf 69' lang='grc' dir='ltr'><strong>καὶ</strong></span> <span class='ocrx_word' id='word_1_147' title='bbox 1132 1804 1392 1867; x_wconf 79' lang='grc' dir='ltr'><strong>θανόντας</strong></span> <span class='ocrx_word' id='word_1_148' title='bbox 1450 1803 1711 1879; x_wconf 44' lang='grc' dir='ltr'><strong>ἐδέχετο,</strong></span> <span class='ocrx_word' id='word_1_149' title='bbox 1744 1805 1839 1858; x_wconf 81' lang='grc' dir='ltr'><strong>καὶ</strong></span> <span class='ocrx_word' id='word_1_150' title='bbox 1887 1803 2031 1858; x_wconf 75' lang='grc' dir='ltr'><strong>οὕτω</strong></span> <span class='ocrx_word' id='word_1_151' title='bbox 2137 1793 2317 1889; x_wconf 52' lang='grc' dir='ltr'><strong>μένως</strong></span> <span class='ocrx_word' id='word_1_152' title='bbox 2351 1796 2463 1870; x_wconf 74' lang='grc' dir='ltr'><strong>εἶχε</strong></span> <span class='ocrx_word' id='word_1_153' title='bbox 2497 1803 2592 1855; x_wconf 72' lang='grc' dir='ltr'>καὶ</span> <span class='ocrx_word' id='word_1_154' title='bbox 2619 1803 2860 1872; x_wconf 79' lang='grc' dir='ltr'><strong>ἀμελῶς,</strong></span> <span class='ocrx_word' id='word_1_155' title='bbox 2916 1807 2991 1873; x_wconf 78' lang='grc' dir='ltr'><strong>ὡς</strong></span> <span class='ocrx_word' id='word_1_156' title='bbox 3027 1809 3238 1865; x_wconf 79' lang='grc' dir='ltr'><strong>ἐκεῖθεν</strong></span> <span class='ocrx_word' id='word_1_157' title='bbox 3273 1793 3440 1884; x_wconf 80' lang='grc' dir='ltr'><strong>μόνον</strong></span> <span class='ocrx_word' id='word_1_158' title='bbox 3483 1793 3685 1889; x_wconf 74' lang='grc' dir='ltr'><strong>προσδο-</strong></span> <span class='ocrx_word' id='word_1_159' title='bbox 3720 1828 3725 1831; x_wconf 86' lang='grc'><em>’</em></span> 
     </span>
    </p>
   </div>
   <div class='ocr_carea' id='block_1_17' title="bbox 2142 788 3674 883">
    <p class='ocr_par' dir='ltr' id='par_1_17' title="bbox 2142 788 3674 883">
     <span class='ocr_line' id='line_1_18' title="bbox 2142 788 3674 883; baseline 0.023 -45"><span class='ocrx_word' id='word_1_160' title='bbox 2142 788 2324 883; x_wconf 70' lang='grc' dir='ltr'><strong>τίθουν</strong></span> <span class='ocrx_word' id='word_1_161' title='bbox 2354 793 2421 846; x_wconf 81' lang='grc' dir='ltr'><strong>τὰ</strong></span> <span class='ocrx_word' id='word_1_162' title='bbox 2445 792 2675 865; x_wconf 76' lang='grc' dir='ltr'><strong>λείψανα</strong></span> <span class='ocrx_word' id='word_1_163' title='bbox 2706 798 2780 862; x_wconf 83' lang='grc' dir='ltr'><strong>ὡς</strong></span> <span class='ocrx_word' id='word_1_164' title='bbox 2817 804 2882 871; x_wconf 83' lang='grc' dir='ltr'><strong>τῇ</strong></span> <span class='ocrx_word' id='word_1_165' title='bbox 2920 804 3137 874; x_wconf 79' lang='grc' dir='ltr'><strong>πατρίδι</strong></span> <span class='ocrx_word' id='word_1_166' title='bbox 3185 809 3608 883; x_wconf 79' lang='grc' dir='ltr'><strong>ἀνακομίσοντες,</strong></span> <span class='ocrx_word' id='word_1_167' title='bbox 3633 823 3674 875; x_wconf 79' lang='lat' dir='ltr'><strong>oi</strong></span> 
     </span>
    </p>
   </div>
   <div class='ocr_carea' id='block_1_18' title="bbox 2142 878 3679 977">
    <p class='ocr_par' dir='ltr' id='par_1_18' title="bbox 2142 878 3679 977">
     <span class='ocr_line' id='line_1_19' title="bbox 2142 878 3679 977; baseline 0.021 -46"><span class='ocrx_word' id='word_1_168' title='bbox 2142 878 2197 977; x_wconf 60' lang='grc' dir='ltr'><strong>οὲ</strong></span> <span class='ocrx_word' id='word_1_169' title='bbox 2232 897 2294 977; x_wconf 53' lang='grc' dir='ltr'><strong>γε</strong></span> <span class='ocrx_word' id='word_1_170' title='bbox 2327 885 2589 954; x_wconf 77' lang='grc' dir='ltr'><strong>πρέσϐεις</strong></span> <span class='ocrx_word' id='word_1_171' title='bbox 2620 892 2826 956; x_wconf 74' lang='grc' dir='ltr'><strong>κεναῖς,</strong></span> <span class='ocrx_word' id='word_1_172' title='bbox 2856 891 2884 946; x_wconf 81' lang='grc' dir='ltr'><strong>ὃ</strong></span> <span class='ocrx_word' id='word_1_173' title='bbox 2907 893 3146 961; x_wconf 85' lang='grc' dir='ltr'><strong>λέγεται,</strong></span> <span class='ocrx_word' id='word_1_174' title='bbox 3187 898 3295 951; x_wconf 85' lang='grc' dir='ltr'><strong>τῶν</strong></span> <span class='ocrx_word' id='word_1_175' title='bbox 3325 878 3679 977; x_wconf 74' lang='grc' dir='ltr'><strong>ὑπεσχημένων</strong></span> 
     </span>
    </p>
   </div>
   <div class='ocr_carea' id='block_1_19' title="bbox 2143 971 3679 1070">
    <p class='ocr_par' dir='ltr' id='par_1_19' title="bbox 2143 971 3679 1070">
     <span class='ocr_line' id='line_1_20' title="bbox 2143 971 3679 1070; baseline 0.021 -47"><span class='ocrx_word' id='word_1_176' title='bbox 2143 971 2503 1070; x_wconf 68' lang='grc' dir='ltr'><strong>ὑπέστρεφον</strong></span> <span class='ocrx_word' id='word_1_177' title='bbox 2517 981 2638 1070; x_wconf 79' lang='grc' dir='ltr'><strong>ταῖς</strong></span> <span class='ocrx_word' id='word_1_178' title='bbox 2667 982 2874 1051; x_wconf 85' lang='grc' dir='ltr'><strong>χερσίν.</strong></span> <span class='ocrx_word' id='word_1_179' title='bbox 2924 986 3065 1040; x_wconf 82' lang='grc' dir='ltr'><strong>Ἀλλ’</strong></span> <span class='ocrx_word' id='word_1_180' title='bbox 3097 990 3124 1042; x_wconf 70' lang='grc' dir='ltr'>ὁ</span> <span class='ocrx_word' id='word_1_181' title='bbox 3159 987 3413 1059; x_wconf 70' lang='grc' dir='ltr'><strong>βασιλεὺς</strong></span> <span class='ocrx_word' id='word_1_182' title='bbox 3431 971 3679 1070; x_wconf 23' lang='grc' dir='ltr'><strong>ούκψὴφίει</strong></span> 
     </span>
    </p>
   </div>
   <div class='ocr_carea' id='block_1_20' title="bbox 2142 1068 3682 1156">
    <p class='ocr_par' dir='ltr' id='par_1_20' title="bbox 2142 1068 3682 1156">
     <span class='ocr_line' id='line_1_21' title="bbox 2142 1068 3682 1156; baseline 0.019 -42"><span class='ocrx_word' id='word_1_183' title='bbox 2142 1068 2635 1156; x_wconf 69' lang='grc' dir='ltr'><strong>προσμηχανᾶσθαι</strong></span> <span class='ocrx_word' id='word_1_184' title='bbox 2670 1073 2937 1145; x_wconf 63' lang='grc' dir='ltr'><strong>ἁμαρτὼν</strong></span> <span class='ocrx_word' id='word_1_185' title='bbox 2966 1077 3075 1130; x_wconf 84' lang='grc' dir='ltr'><strong>τῶν</strong></span> <span class='ocrx_word' id='word_1_186' title='bbox 3122 1081 3187 1133; x_wconf 82' lang='grc' dir='ltr'><strong>ἐκ</strong></span> <span class='ocrx_word' id='word_1_187' title='bbox 3218 1080 3315 1135; x_wconf 81' lang='grc' dir='ltr'><strong>τοῦ</strong></span> <span class='ocrx_word' id='word_1_188' title='bbox 3365 1086 3539 1156; x_wconf 76' lang='grc' dir='ltr'><strong>ρηγδς,</strong></span> 
     </span>
    </p>
   </div>
   <div class='ocr_carea' id='block_1_21' title="bbox 2132 1152 3680 1249">
    <p class='ocr_par' dir='ltr' id='par_1_21' title="bbox 2132 1152 3680 1249">
     <span class='ocr_line' id='line_1_22' title="bbox 2132 1152 3680 1249; baseline 0.019 -44"><span class='ocrx_word' id='word_1_189' title='bbox 2132 1152 2353 1220; x_wconf 78' lang='grc' dir='ltr'><strong>πολλοῖς</strong></span> <span class='ocrx_word' id='word_1_190' title='bbox 2385 1159 2595 1229; x_wconf 77' lang='grc' dir='ltr'><strong>ἑτέροις</strong></span> <span class='ocrx_word' id='word_1_191' title='bbox 2623 1165 2982 1233; x_wconf 75' lang='grc' dir='ltr'><strong>μεσολαϐοῦσι</strong></span> <span class='ocrx_word' id='word_1_192' title='bbox 3011 1169 3150 1239; x_wconf 76' lang='grc' dir='ltr'><strong>πρὸς</strong></span> <span class='ocrx_word' id='word_1_193' title='bbox 3176 1152 3407 1226; x_wconf 72' lang='grc' dir='ltr'><strong>πάππαν</strong></span> <span class='ocrx_word' id='word_1_194' title='bbox 3494 1152 3588 1249; x_wconf 65' lang='grc' dir='ltr'><strong>γαρ</strong></span> <span class='ocrx_word' id='word_1_195' title='bbox 3602 1181 3680 1236; x_wconf 80' lang='grc' dir='ltr'><strong>τοῦ</strong></span> 
     </span>
    </p>
   </div>
   <div class='ocr_carea' id='block_1_22' title="bbox 2140 1247 3681 1341">
    <p class='ocr_par' dir='ltr' id='par_1_22' title="bbox 2140 1247 3681 1341">
     <span class='ocr_line' id='line_1_23' title="bbox 2140 1247 3681 1341; baseline 0.021 -44"><span class='ocrx_word' id='word_1_196' title='bbox 2140 1247 2426 1317; x_wconf 79' lang='grc' dir='ltr'><strong>Καρούλου</strong></span> <span class='ocrx_word' id='word_1_197' title='bbox 2460 1253 2706 1318; x_wconf 66' lang='grc' dir='ltr'><strong>ἐπίθεσις</strong></span> <span class='ocrx_word' id='word_1_198' title='bbox 2731 1257 2940 1313; x_wconf 73' lang='grc' dir='ltr'><strong>ἐπειοεὶ</strong></span> <span class='ocrx_word' id='word_1_199' title='bbox 2985 1262 3063 1341; x_wconf 63' lang='grc' dir='ltr'><strong>τὰ)</strong></span> <span class='ocrx_word' id='word_1_200' title='bbox 3108 1263 3204 1317; x_wconf 83' lang='grc' dir='ltr'><strong>τοῦ</strong></span> <span class='ocrx_word' id='word_1_201' title='bbox 3237 1267 3437 1321; x_wconf 85' lang='grc' dir='ltr'><strong>σκοποῦ</strong></span> <span class='ocrx_word' id='word_1_202' title='bbox 3473 1247 3681 1330; x_wconf 80' lang='grc' dir='ltr'><strong>διανύειν</strong></span> 
     </span>
    </p>
   </div>
   <div class='ocr_carea' id='block_1_23' title="bbox 2138 1335 2781 1416">
    <p class='ocr_par' dir='ltr' id='par_1_23' title="bbox 2138 1335 2781 1416">
     <span class='ocr_line' id='line_1_24' title="bbox 2138 1335 2781 1416; baseline 0.019 -29"><span class='ocrx_word' id='word_1_203' title='bbox 2138 1335 2199 1400; x_wconf 81' lang='grc' dir='ltr'><strong>ἐξ</strong></span> <span class='ocrx_word' id='word_1_204' title='bbox 2227 1336 2470 1403; x_wconf 76' lang='grc' dir='ltr'><strong>ἅπαντος</strong></span> <span class='ocrx_word' id='word_1_205' title='bbox 2494 1342 2781 1416; x_wconf 81' lang='grc' dir='ltr'><strong>ἐπειρᾶτο.</strong></span> 
     </span>
    </p>
   </div>
   <div class='ocr_carea' id='block_1_24' title="bbox 2141 1499 3682 1583">
    <p class='ocr_par' dir='ltr' id='par_1_24' title="bbox 2141 1499 3682 1583">
     <span class='ocr_line' id='line_1_25' title="bbox 2141 1499 3682 1583; baseline 0.021 -33"><span class='ocrx_word' id='word_1_206' title='bbox 2141 1501 2192 1552; x_wconf 85' lang='grc' dir='ltr'><strong>ι’.</strong></span> <span class='ocrx_word' id='word_1_207' title='bbox 2236 1499 2439 1569; x_wconf 80' lang='grc' dir='ltr'><strong>Ὅπως</strong></span> <span class='ocrx_word' id='word_1_208' title='bbox 2464 1502 2843 1583; x_wconf 55' lang='grc' dir='ltr'><strong>ᾠκονομένου</strong></span> <span class='ocrx_word' id='word_1_209' title='bbox 2872 1511 2977 1568; x_wconf 74' lang='grc' dir='ltr'><strong>τοῦ</strong></span> <span class='ocrx_word' id='word_1_210' title='bbox 3007 1514 3235 1572; x_wconf 72' lang='grc' dir='ltr'><strong>στόλου</strong></span> <span class='ocrx_word' id='word_1_211' title='bbox 3268 1517 3338 1575; x_wconf 81' lang='grc' dir='ltr'><strong>τὰ</strong></span> <span class='ocrx_word' id='word_1_212' title='bbox 3364 1519 3505 1579; x_wconf 80' lang='grc' dir='ltr'><strong>κατὰ</strong></span> <span class='ocrx_word' id='word_1_213' title='bbox 3528 1523 3682 1583; x_wconf 71' lang='grc' dir='ltr'><strong>πόλιν</strong></span> 
     </span>
    </p>
   </div>
   <div class='ocr_carea' id='block_1_25' title="bbox 2475 1578 3392 1655">
    <p class='ocr_par' dir='ltr' id='par_1_25' title="bbox 2475 1578 3392 1655">
     <span class='ocr_line' id='line_1_26' title="bbox 2475 1578 3392 1655; baseline 0.02 -26"><span class='ocrx_word' id='word_1_214' title='bbox 2475 1578 2509 1630; x_wconf 84' lang='grc' dir='ltr'><em>ὀ</em></span> <span class='ocrx_word' id='word_1_215' title='bbox 2555 1580 2858 1649; x_wconf 72' lang='grc' dir='ltr'><strong>,βασιλεὺς</strong></span> <span class='ocrx_word' id='word_1_216' title='bbox 2895 1587 3392 1655; x_wconf 76' lang='grc' dir='ltr'><strong>παρεσκευάζετο.</strong></span> 
     </span>
    </p>
   </div>
   <div class='ocr_carea' id='block_1_26' title="bbox 2207 1696 3682 1799">
    <p class='ocr_par' dir='ltr' id='par_1_26' title="bbox 2207 1696 3682 1799">
     <span class='ocr_line' id='line_1_27' title="bbox 2207 1696 3682 1799; baseline 0.019 -45"><span class='ocrx_word' id='word_1_217' title='bbox 2207 1701 2284 1755; x_wconf 82' lang='grc' dir='ltr'><strong>Οὐ</strong></span> <span class='ocrx_word' id='word_1_218' title='bbox 2452 1705 2509 1759; x_wconf 85' lang='grc' dir='ltr'><strong>δὲ</strong></span> <span class='ocrx_word' id='word_1_219' title='bbox 2540 1708 2635 1762; x_wconf 69' lang='grc' dir='ltr'><strong>καὶ</strong></span> <span class='ocrx_word' id='word_1_220' title='bbox 2656 1708 2767 1764; x_wconf 87' lang='grc' dir='ltr'><strong>τῶν</strong></span> <span class='ocrx_word' id='word_1_221' title='bbox 2796 1712 2875 1776; x_wconf 81' lang='grc' dir='ltr'><strong>είς</strong></span> <span class='ocrx_word' id='word_1_222' title='bbox 2902 1696 3261 1786; x_wconf 77' lang='grc' dir='ltr'><strong>παρασκευὰς</strong></span> <span class='ocrx_word' id='word_1_223' title='bbox 3293 1725 3682 1799; x_wconf 75' lang='grc' dir='ltr'><strong>κατερρᾳθυμη-</strong></span> 
     </span>
    </p>
   </div>
   <div class='ocr_carea' id='block_1_27' title="bbox 442 1887 3682 1978">
    <p class='ocr_par' dir='ltr' id='par_1_27' title="bbox 442 1887 3682 1978">
     <span class='ocr_line' id='line_1_28' title="bbox 442 1887 3682 1978; baseline 0.006 -32"><span class='ocrx_word' id='word_1_224' title='bbox 442 1895 729 1958; x_wconf 78' lang='grc' dir='ltr'><strong>πλείστους</strong></span> <span class='ocrx_word' id='word_1_225' title='bbox 757 1893 899 1948; x_wconf 80' lang='grc' dir='ltr'><strong>ὥστε</strong></span> <span class='ocrx_word' id='word_1_226' title='bbox 929 1894 1021 1948; x_wconf 59' lang='grc' dir='ltr'><strong>καὶ¹</strong></span> <span class='ocrx_word' id='word_1_227' title='bbox 1046 1893 1541 1965; x_wconf 81' lang='grc' dir='ltr'><strong>ἀναχωματοῦσοαι</strong></span> <span class='ocrx_word' id='word_1_228' title='bbox 1570 1897 1711 1949; x_wconf 69' lang='grc' dir='ltr'><strong>κατὰ</strong></span> <span class='ocrx_word' id='word_1_229' title='bbox 1742 1896 1883 1967; x_wconf 85' lang='grc' dir='ltr'><strong>μέρη</strong></span> <span class='ocrx_word' id='word_1_230' title='bbox 1910 1913 2028 1949; x_wconf 84' lang='grc' dir='ltr'><strong>κιν-</strong></span> <span class='ocrx_word' id='word_1_231' title='bbox 2063 1890 2105 1946; x_wconf 83' lang='grc' dir='ltr'><strong>Β</strong></span> <span class='ocrx_word' id='word_1_232' title='bbox 2135 1887 2247 1941; x_wconf 83' lang='grc' dir='ltr'><strong>κῶν</strong></span> <span class='ocrx_word' id='word_1_233' title='bbox 2280 1891 2648 1961; x_wconf 82' lang='grc' dir='ltr'><strong>ἀποχρώντως</strong></span> <span class='ocrx_word' id='word_1_234' title='bbox 2707 1898 3057 1967; x_wconf 73' lang='grc' dir='ltr'><strong>γενήσεσθαι,</strong></span> <span class='ocrx_word' id='word_1_235' title='bbox 3125 1900 3212 1975; x_wconf 87' lang='grc' dir='ltr'><strong>[Ρ.</strong></span> <span class='ocrx_word' id='word_1_236' title='bbox 3267 1904 3399 1978; x_wconf 72' lang='grc'><strong>248]</strong></span> <span class='ocrx_word' id='word_1_237' title='bbox 3441 1887 3569 1964; x_wconf 72' lang='grc' dir='ltr'><strong>ἀλλὰ</strong></span> <span class='ocrx_word' id='word_1_238' title='bbox 3602 1914 3682 1966; x_wconf 70' lang='grc' dir='ltr'><strong>καὶ</strong></span> 
     </span>
    </p>
   </div>
   <div class='ocr_carea' id='block_1_28' title="bbox 440 1984 2028 2058">
    <p class='ocr_par' dir='ltr' id='par_1_28' title="bbox 440 1984 2028 2058">
     <span class='ocr_line' id='line_1_29' title="bbox 440 1984 2028 2058; baseline 0 -17"><span class='ocrx_word' id='word_1_239' title='bbox 440 1984 688 2043; x_wconf 80' lang='grc' dir='ltr'><strong>δυνεύειν</strong></span> <span class='ocrx_word' id='word_1_240' title='bbox 722 1984 1196 2056; x_wconf 76' lang='grc' dir='ltr'><strong>ἀγχωμαλοῦσαν·</strong></span> <span class='ocrx_word' id='word_1_241' title='bbox 1232 1984 1376 2041; x_wconf 77' lang='grc' dir='ltr'><strong>οὕτω</strong></span> <span class='ocrx_word' id='word_1_242' title='bbox 1411 1989 1597 2057; x_wconf 81' lang='grc' dir='ltr'><strong>συχνοὶ</strong></span> <span class='ocrx_word' id='word_1_243' title='bbox 1635 1986 1791 2041; x_wconf 78' lang='grc' dir='ltr'><strong>ἐνθεν</strong></span> <span class='ocrx_word' id='word_1_244' title='bbox 1819 1988 1917 2057; x_wconf 73' lang='grc' dir='ltr'><strong>μὶν</strong></span> <span class='ocrx_word' id='word_1_245' title='bbox 1948 1986 2028 2058; x_wconf 82' lang='grc' dir='ltr'><strong>τῷ</strong></span> 
     </span>
    </p>
   </div>
   <div class='ocr_carea' id='block_1_29' title="bbox 444 2074 2029 2148">
    <p class='ocr_par' dir='ltr' id='par_1_29' title="bbox 444 2074 2029 2148">
     <span class='ocr_line' id='line_1_30' title="bbox 444 2074 2029 2148; baseline -0.001 -18"><span class='ocrx_word' id='word_1_246' title='bbox 444 2076 925 2148; x_wconf 81' lang='grc' dir='ltr'><strong>πολέμῳ,ἐκείθεν</strong></span> <span class='ocrx_word' id='word_1_247' title='bbox 946 2076 1000 2129; x_wconf 84' lang='grc' dir='ltr'><strong>δὲ</strong></span> <span class='ocrx_word' id='word_1_248' title='bbox 1033 2074 1301 2146; x_wconf 78' lang='grc' dir='ltr'><strong>τῷλοιμῷ</strong></span> <span class='ocrx_word' id='word_1_249' title='bbox 1334 2074 1777 2146; x_wconf 78' lang='grc' dir='ltr'><strong>ἔπιπτον.’ορμὴ</strong></span> <span class='ocrx_word' id='word_1_250' title='bbox 1804 2075 1848 2129; x_wconf 77' lang='grc' dir='ltr'><strong>δ’</strong></span> <span class='ocrx_word' id='word_1_251' title='bbox 1880 2075 2029 2129; x_wconf 82' lang='grc' dir='ltr'><strong>ἐκεί-</strong></span> 
     </span>
    </p>
   </div>
   <div class='ocr_carea' id='block_1_30' title="bbox 440 2165 2029 2240">
    <p class='ocr_par' dir='ltr' id='par_1_30' title="bbox 440 2165 2029 2240">
     <span class='ocr_line' id='line_1_31' title="bbox 440 2165 2029 2240; baseline -0.001 -18"><span class='ocrx_word' id='word_1_252' title='bbox 440 2186 552 2231; x_wconf 84' lang='grc' dir='ltr'><strong>νοις</strong></span> <span class='ocrx_word' id='word_1_253' title='bbox 576 2168 757 2233; x_wconf 75' lang='grc' dir='ltr'><strong>ἀνέζει</strong></span> <span class='ocrx_word' id='word_1_254' title='bbox 788 2169 863 2232; x_wconf 82' lang='grc' dir='ltr'><strong>ὡς</strong></span> <span class='ocrx_word' id='word_1_255' title='bbox 893 2169 1034 2240; x_wconf 82' lang='grc' dir='ltr'><strong>ὑπὲρ</strong></span> <span class='ocrx_word' id='word_1_256' title='bbox 1062 2168 1303 2238; x_wconf 80' lang='grc' dir='ltr'><strong>σταυροῦ</strong></span> <span class='ocrx_word' id='word_1_257' title='bbox 1335 2165 1729 2221; x_wconf 83' lang='grc' dir='ltr'><strong>κινδυνεύουσι.</strong></span> <span class='ocrx_word' id='word_1_258' title='bbox 1762 2168 1898 2221; x_wconf 74' lang='grc' dir='ltr'><strong>Τότε</strong></span> <span class='ocrx_word' id='word_1_259' title='bbox 1930 2168 2029 2223; x_wconf 70' lang='grc' dir='ltr'><strong>καὶ</strong></span> 
     </span>
    </p>
   </div>
   <div class='ocr_carea' id='block_1_31' title="bbox 438 2257 2029 2333">
    <p class='ocr_par' dir='ltr' id='par_1_31' title="bbox 438 2257 2029 2333">
     <span class='ocr_line' id='line_1_32' title="bbox 438 2257 2029 2333; baseline -0.001 -17"><span class='ocrx_word' id='word_1_260' title='bbox 438 2263 469 2316; x_wconf 83' lang='grc' dir='ltr'><strong>ὁ</strong></span> <span class='ocrx_word' id='word_1_261' title='bbox 493 2260 614 2332; x_wconf 76' lang='grc' dir='ltr'><strong>ρὴξ,</strong></span> <span class='ocrx_word' id='word_1_262' title='bbox 646 2262 765 2314; x_wconf 75' lang='grc' dir='ltr'><strong>ἐπεὶ</strong></span> <span class='ocrx_word' id='word_1_263' title='bbox 791 2262 971 2333; x_wconf 78' lang='grc' dir='ltr'><strong>χεῖρον</strong></span> <span class='ocrx_word' id='word_1_264' title='bbox 999 2257 1111 2331; x_wconf 77' lang='grc' dir='ltr'><strong>εἶχε</strong></span> <span class='ocrx_word' id='word_1_265' title='bbox 1140 2261 1235 2315; x_wconf 87' lang='grc' dir='ltr'><strong>καί</strong></span> <span class='ocrx_word' id='word_1_266' title='bbox 1269 2262 1318 2314; x_wconf 85' lang='grc' dir='ltr'><strong>οί</strong></span> <span class='ocrx_word' id='word_1_267' title='bbox 1351 2261 1421 2313; x_wconf 66' lang='grc' dir='ltr'><strong>τὰ</strong></span> <span class='ocrx_word' id='word_1_268' title='bbox 1450 2259 1552 2331; x_wconf 82' lang='grc' dir='ltr'><strong>τῆς</strong></span> <span class='ocrx_word' id='word_1_269' title='bbox 1589 2260 1866 2332; x_wconf 81' lang='grc' dir='ltr'><strong>σωτηρίας</strong></span> <span class='ocrx_word' id='word_1_270' title='bbox 1893 2264 2029 2317; x_wconf 73' lang='grc' dir='ltr'><strong>ἁπέ-</strong></span> 
     </span>
    </p>
   </div>
   <div class='ocr_carea' id='block_1_32' title="bbox 437 2347 2027 2425">
    <p class='ocr_par' dir='ltr' id='par_1_32' title="bbox 437 2347 2027 2425">
     <span class='ocr_line' id='line_1_33' title="bbox 437 2347 2027 2425; baseline 0.001 -19"><span class='ocrx_word' id='word_1_271' title='bbox 437 2370 672 2424; x_wconf 81' lang='grc' dir='ltr'><strong>γνωστο,</strong></span> <span class='ocrx_word' id='word_1_272' title='bbox 722 2354 846 2407; x_wconf 83' lang='grc' dir='ltr'><strong>ὅσον</strong></span> <span class='ocrx_word' id='word_1_273' title='bbox 879 2347 948 2423; x_wconf 75' lang='grc' dir='ltr'><strong>ἦν</strong></span> <span class='ocrx_word' id='word_1_274' title='bbox 999 2352 1354 2425; x_wconf 73' lang='grc' dir='ltr'><strong>χρηματίσας</strong></span> <span class='ocrx_word' id='word_1_275' title='bbox 1413 2356 1667 2421; x_wconf 83' lang='grc' dir='ltr'><strong>ἐκείνοις,</strong></span> <span class='ocrx_word' id='word_1_276' title='bbox 1706 2356 1803 2409; x_wconf 67' lang='grc' dir='ltr'><strong>καὶ</strong></span> <span class='ocrx_word' id='word_1_277' title='bbox 1845 2354 2027 2421; x_wconf 78' lang='grc' dir='ltr'><strong>δείξας</strong></span> 
     </span>
    </p>
   </div>
   <div class='ocr_carea' id='block_1_33' title="bbox 446 2444 2027 2520">
    <p class='ocr_par' dir='ltr' id='par_1_33' title="bbox 446 2444 2027 2520">
     <span class='ocr_line' id='line_1_34' title="bbox 446 2444 2027 2520; baseline 0.003 -20"><span class='ocrx_word' id='word_1_278' title='bbox 446 2448 618 2520; x_wconf 73' lang='grc' dir='ltr'><strong>ῥοπὴν</strong></span> <span class='ocrx_word' id='word_1_279' title='bbox 654 2446 791 2516; x_wconf 79' lang='grc' dir='ltr'><strong>πρὸς</strong></span> <span class='ocrx_word' id='word_1_280' title='bbox 842 2445 1066 2518; x_wconf 79' lang='grc' dir='ltr'><strong>εἰρήνην</strong></span> <span class='ocrx_word' id='word_1_281' title='bbox 1124 2445 1266 2517; x_wconf 74' lang='grc' dir='ltr'><strong>ἔχων</strong></span> <span class='ocrx_word' id='word_1_282' title='bbox 1312 2448 1407 2500; x_wconf 89' lang='grc' dir='ltr'><strong>καί</strong></span> <span class='ocrx_word' id='word_1_283' title='bbox 1434 2444 1487 2516; x_wconf 82' lang='grc' dir='ltr'><strong>γ’</strong></span> <span class='ocrx_word' id='word_1_284' title='bbox 1518 2448 1567 2500; x_wconf 79' lang='grc' dir='ltr'><strong>εί</strong></span> <span class='ocrx_word' id='word_1_285' title='bbox 1601 2450 1890 2520; x_wconf 80' lang='grc' dir='ltr'><strong>περιέσται</strong></span> <span class='ocrx_word' id='word_1_286' title='bbox 1930 2452 2027 2505; x_wconf 79' lang='grc' dir='ltr'><strong>καὶ</strong></span> 
     </span>
    </p>
   </div>
   <div class='ocr_carea' id='block_1_34' title="bbox 445 2532 2025 2615">
    <p class='ocr_par' dir='ltr' id='par_1_34' title="bbox 445 2532 2025 2615">
     <span class='ocr_line' id='line_1_35' title="bbox 445 2532 2025 2615; baseline 0.001 -19"><span class='ocrx_word' id='word_1_287' title='bbox 445 2532 837 2614; x_wconf 77' lang='grc' dir='ltr'><strong>συγκροτήσων</strong></span> <span class='ocrx_word' id='word_1_288' title='bbox 884 2541 964 2604; x_wconf 89' lang='grc' dir='ltr'><strong>είς</strong></span> <span class='ocrx_word' id='word_1_289' title='bbox 1025 2539 1296 2612; x_wconf 80' lang='grc' dir='ltr'><strong>δύναμιν,</strong></span> <span class='ocrx_word' id='word_1_290' title='bbox 1351 2541 1604 2596; x_wconf 76' lang='grc' dir='ltr'><strong>ἐκέλευεν</strong></span> <span class='ocrx_word' id='word_1_291' title='bbox 1657 2545 2025 2615; x_wconf 81' lang='grc' dir='ltr'><strong>ἁναμένοντας</strong></span> 
     </span>
    </p>
   </div>
   <div class='ocr_carea' id='block_1_35' title="bbox 436 2632 2027 2709">
    <p class='ocr_par' dir='ltr' id='par_1_35' title="bbox 436 2632 2027 2709">
     <span class='ocr_line' id='line_1_36' title="bbox 436 2632 2027 2709; baseline 0.004 -25"><span class='ocrx_word' id='word_1_292' title='bbox 436 2632 759 2704; x_wconf 60' lang='grc' dir='ltr'><strong>ᾐσυχάζειν.</strong></span> <span class='ocrx_word' id='word_1_293' title='bbox 806 2633 958 2686; x_wconf 72' lang='grc' dir='ltr'><strong>Ἐπεὶ</strong></span> <span class='ocrx_word' id='word_1_294' title='bbox 1003 2633 1061 2687; x_wconf 82' lang='grc' dir='ltr'><strong>δὲ</strong></span> <span class='ocrx_word' id='word_1_295' title='bbox 1125 2637 1223 2704; x_wconf 81' lang='grc' dir='ltr'><strong>τῆς</strong></span> <span class='ocrx_word' id='word_1_296' title='bbox 1275 2635 1539 2706; x_wconf 77' lang='grc' dir='ltr'><strong>ἐπιούσης</strong></span> <span class='ocrx_word' id='word_1_297' title='bbox 1596 2637 1806 2709; x_wconf 80' lang='grc' dir='ltr'><strong>ἐπέστη</strong></span> <span class='ocrx_word' id='word_1_298' title='bbox 1858 2636 1909 2690; x_wconf 79' lang='grc' dir='ltr'><strong>οἱ</strong></span> <span class='ocrx_word' id='word_1_299' title='bbox 1966 2636 2027 2690; x_wconf 82' lang='grc' dir='ltr'><strong>τὸ</strong></span> 
     </span>
    </p>
   </div>
   <div class='ocr_carea' id='block_1_36' title="bbox 439 2726 2023 2803">
    <p class='ocr_par' dir='ltr' id='par_1_36' title="bbox 439 2726 2023 2803">
     <span class='ocr_line' id='line_1_37' title="bbox 439 2726 2023 2803; baseline 0.003 -22"><span class='ocrx_word' id='word_1_300' title='bbox 439 2726 618 2801; x_wconf 79' lang='grc' dir='ltr'><strong>χρεὼν</strong></span> <span class='ocrx_word' id='word_1_301' title='bbox 643 2729 736 2782; x_wconf 55' lang='grc' dir='ltr'><strong>καὶ⁵</strong></span> <span class='ocrx_word' id='word_1_302' title='bbox 768 2727 870 2801; x_wconf 68' lang='grc' dir='ltr'><strong>ἤδη</strong></span> <span class='ocrx_word' id='word_1_303' title='bbox 914 2730 943 2783; x_wconf 81' lang='grc' dir='ltr'><strong><em>ὁ</em></strong></span> <span class='ocrx_word' id='word_1_304' title='bbox 967 2727 1071 2801; x_wconf 77' lang='grc' dir='ltr'><strong>ῥὴξ</strong></span> <span class='ocrx_word' id='word_1_305' title='bbox 1098 2729 1379 2798; x_wconf 79' lang='grc' dir='ltr'><strong>ἐτελεύτα,</strong></span> <span class='ocrx_word' id='word_1_306' title='bbox 1419 2731 1468 2784; x_wconf 79' lang='grc' dir='ltr'><strong>οἱ</strong></span> <span class='ocrx_word' id='word_1_307' title='bbox 1502 2730 1602 2802; x_wconf 84' lang='grc' dir='ltr'><strong>μὲν</strong></span> <span class='ocrx_word' id='word_1_308' title='bbox 1637 2732 1777 2803; x_wconf 75' lang='grc' dir='ltr'><strong>ἀμφ’</strong></span> <span class='ocrx_word' id='word_1_309' title='bbox 1812 2732 2023 2786; x_wconf 84' lang='grc' dir='ltr'><strong>ἐκεῖνον</strong></span> 
     </span>
    </p>
   </div>
   <div class='ocr_carea' id='block_1_37' title="bbox 436 2904 2026 2985">
    <p class='ocr_par' dir='ltr' id='par_1_37' title="bbox 436 2904 2026 2985">
     <span class='ocr_line' id='line_1_38' title="bbox 436 2904 2026 2985; baseline 0.003 -19"><span class='ocrx_word' id='word_1_310' title='bbox 436 2904 1013 2983; x_wconf 69' lang='grc' dir='ltr'><strong>εοιίοτυιη,ἰιιιοηιυε</strong></span> <span class='ocrx_word' id='word_1_311' title='bbox 1055 2912 1357 2969; x_wconf 85' lang='lat' dir='ltr'><strong>valetudini</strong></span> <span class='ocrx_word' id='word_1_312' title='bbox 1395 2911 1559 2985; x_wconf 75' lang='lat'><strong>363</strong></span> <span class='ocrx_word' id='word_1_313' title='bbox 1593 2916 1873 2973; x_wconf 81' lang='lat' dir='ltr'><strong>curandae.</strong></span> <span class='ocrx_word' id='word_1_314' title='bbox 1925 2915 2026 2972; x_wconf 81' lang='lat' dir='ltr'><strong>Per</strong></span> 
     </span>
    </p>
   </div>
   <div class='ocr_carea' id='block_1_38' title="bbox 438 3005 2025 3080">
    <p class='ocr_par' dir='ltr' id='par_1_38' title="bbox 438 3005 2025 3080">
     <span class='ocr_line' id='line_1_39' title="bbox 438 3005 2025 3080; baseline 0.001 -19"><span class='ocrx_word' id='word_1_315' title='bbox 438 3006 540 3061; x_wconf 87' lang='lat' dir='ltr'><strong>bas</strong></span> <span class='ocrx_word' id='word_1_316' title='bbox 589 3020 775 3077; x_wconf 77' lang='lat' dir='ltr'><strong>moras</strong></span> <span class='ocrx_word' id='word_1_317' title='bbox 831 3005 1177 3062; x_wconf 81' lang='lat' dir='ltr'><strong>feriebantur</strong></span> <span class='ocrx_word' id='word_1_318' title='bbox 1224 3007 1371 3062; x_wconf 87' lang='lat' dir='ltr'><strong>oculi</strong></span> <span class='ocrx_word' id='word_1_319' title='bbox 1424 3010 1673 3080; x_wconf 77' lang='lat' dir='ltr'><strong>quotidie</strong></span> <span class='ocrx_word' id='word_1_320' title='bbox 1707 3017 2025 3066; x_wconf 89' lang='lat' dir='ltr'><strong>nostrorum</strong></span> 
     </span>
    </p>
   </div>
   <div class='ocr_carea' id='block_1_39' title="bbox 436 3097 2028 3169">
    <p class='ocr_par' dir='ltr' id='par_1_39' title="bbox 436 3097 2028 3169">
     <span class='ocr_line' id='line_1_40' title="bbox 436 3097 2028 3169; baseline 0.003 -17"><span class='ocrx_word' id='word_1_321' title='bbox 436 3097 758 3169; x_wconf 86' lang='lat' dir='ltr'><strong>spectaculo</strong></span> <span class='ocrx_word' id='word_1_322' title='bbox 806 3097 1061 3154; x_wconf 90' lang='lat' dir='ltr'><strong>luctuoso</strong></span> <span class='ocrx_word' id='word_1_323' title='bbox 1109 3098 1377 3154; x_wconf 89' lang='lat' dir='ltr'><strong>atrocium</strong></span> <span class='ocrx_word' id='word_1_324' title='bbox 1425 3112 1482 3155; x_wconf 90' lang='lat' dir='ltr'><strong>et</strong></span> <span class='ocrx_word' id='word_1_325' title='bbox 1526 3110 1882 3157; x_wconf 88' lang='lat' dir='ltr'><strong>cruentorum</strong></span> <span class='ocrx_word' id='word_1_326' title='bbox 1923 3100 2028 3156; x_wconf 85' lang='lat' dir='ltr'><strong>La-</strong></span> 
     </span>
    </p>
   </div>
   <div class='ocr_carea' id='block_1_40' title="bbox 440 3190 2024 3264">
    <p class='ocr_par' dir='ltr' id='par_1_40' title="bbox 440 3190 2024 3264">
     <span class='ocr_line' id='line_1_41' title="bbox 440 3190 2024 3264; baseline 0.001 -18"><span class='ocrx_word' id='word_1_327' title='bbox 440 3191 585 3246; x_wconf 82' lang='lat' dir='ltr'><strong>tinos</strong></span> <span class='ocrx_word' id='word_1_328' title='bbox 616 3192 759 3245; x_wconf 85' lang='lat' dir='ltr'><strong>inter</strong></span> <span class='ocrx_word' id='word_1_329' title='bbox 797 3190 1186 3263; x_wconf 81' lang='lat' dir='ltr'><strong>Agarenosque</strong></span> <span class='ocrx_word' id='word_1_330' title='bbox 1217 3191 1612 3247; x_wconf 75' lang='lat' dir='ltr'><strong>certaminum.</strong></span> <span class='ocrx_word' id='word_1_331' title='bbox 1663 3193 2024 3264; x_wconf 81' lang='lat' dir='ltr'><strong>Aliquantum</strong></span> 
     </span>
    </p>
   </div>
   <div class='ocr_carea' id='block_1_41' title="bbox 440 3257 2098 3353">
    <p class='ocr_par' dir='ltr' id='par_1_41' title="bbox 440 3257 2098 3353">
     <span class='ocr_line' id='line_1_42' title="bbox 440 3257 2098 3353; baseline 0.004 -19"><span class='ocrx_word' id='word_1_332' title='bbox 440 3297 472 3334; x_wconf 90' lang='lat' dir='ltr'><strong>a</strong></span> <span class='ocrx_word' id='word_1_333' title='bbox 529 3282 713 3337; x_wconf 84' lang='lat' dir='ltr'><strong>littore</strong></span> <span class='ocrx_word' id='word_1_334' title='bbox 758 3257 964 3336; x_wconf 74' lang='lat' dir='ltr'><strong>fossam</strong></span> <span class='ocrx_word' id='word_1_335' title='bbox 1009 3257 1131 3335; x_wconf 82' lang='lat' dir='ltr'><strong>Itali</strong></span> <span class='ocrx_word' id='word_1_336' title='bbox 1185 3280 1400 3353; x_wconf 90' lang='lat' dir='ltr'><strong>longam</strong></span> <span class='ocrx_word' id='word_1_337' title='bbox 1444 3281 1739 3349; x_wconf 78' lang='lat' dir='ltr'><strong>duxerant,</strong></span> <span class='ocrx_word' id='word_1_338' title='bbox 1769 3257 1842 3338; x_wconf 55' lang='grc' dir='ltr'><strong>ὀι</strong></span> <span class='ocrx_word' id='word_1_339' title='bbox 1879 3285 2026 3353; x_wconf 88' lang='lat' dir='ltr'><strong>quod</strong></span> <span class='ocrx_word' id='word_1_340' title='bbox 2053 3257 2098 3316; x_wconf 65' lang='grc' dir='ltr'><strong>θ</strong></span> 
     </span>
    </p>
   </div>
   <div class='ocr_carea' id='block_1_42' title="bbox 440 3373 2029 3443">
    <p class='ocr_par' dir='ltr' id='par_1_42' title="bbox 440 3373 2029 3443">
     <span class='ocr_line' id='line_1_43' title="bbox 440 3373 2029 3443; baseline 0.003 -14"><span class='ocrx_word' id='word_1_341' title='bbox 440 3389 563 3430; x_wconf 85' lang='lat' dir='ltr'><strong>eam</strong></span> <span class='ocrx_word' id='word_1_342' title='bbox 590 3373 735 3428; x_wconf 91' lang='lat' dir='ltr'><strong>inter</strong></span> <span class='ocrx_word' id='word_1_343' title='bbox 767 3387 832 3428; x_wconf 93' lang='lat' dir='ltr'><strong>ac</strong></span> <span class='ocrx_word' id='word_1_344' title='bbox 859 3387 1010 3428; x_wconf 87' lang='lat' dir='ltr'><strong>mare</strong></span> <span class='ocrx_word' id='word_1_345' title='bbox 1042 3373 1265 3443; x_wconf 81' lang='lat' dir='ltr'><strong>patebat</strong></span> <span class='ocrx_word' id='word_1_346' title='bbox 1297 3373 1459 3443; x_wconf 85' lang='lat' dir='ltr'><strong>spatii</strong></span> <span class='ocrx_word' id='word_1_347' title='bbox 1495 3376 1779 3432; x_wconf 91' lang='lat' dir='ltr'><strong>tenebant.</strong></span> <span class='ocrx_word' id='word_1_348' title='bbox 1813 3375 2029 3433; x_wconf 64' lang='lat' dir='ltr'><strong>Ethio-</strong></span> 
     </span>
    </p>
   </div>
   <div class='ocr_carea' id='block_1_43' title="bbox 436 3463 2026 3538">
    <p class='ocr_par' dir='ltr' id='par_1_43' title="bbox 436 3463 2026 3538">
     <span class='ocr_line' id='line_1_44' title="bbox 436 3463 2026 3538; baseline 0.002 -17"><span class='ocrx_word' id='word_1_349' title='bbox 436 3481 536 3538; x_wconf 88' lang='lat' dir='ltr'><strong>pcs</strong></span> <span class='ocrx_word' id='word_1_350' title='bbox 569 3463 904 3537; x_wconf 78' lang='lat' dir='ltr'><strong>Carthagine</strong></span> <span class='ocrx_word' id='word_1_351' title='bbox 930 3480 1033 3537; x_wconf 89' lang='lat' dir='ltr'><strong>pro</strong></span> <span class='ocrx_word' id='word_1_352' title='bbox 1064 3479 1190 3520; x_wconf 83' lang='lat' dir='ltr'><strong>arce</strong></span> <span class='ocrx_word' id='word_1_353' title='bbox 1220 3466 1303 3520; x_wconf 90' lang='lat' dir='ltr'><strong>usi</strong></span> <span class='ocrx_word' id='word_1_354' title='bbox 1337 3467 1404 3521; x_wconf 91' lang='lat' dir='ltr'><strong>ad</strong></span> <span class='ocrx_word' id='word_1_355' title='bbox 1444 3468 1854 3537; x_wconf 86' lang='lat' dir='ltr'><strong>receptaculum</strong></span> <span class='ocrx_word' id='word_1_356' title='bbox 1887 3475 2026 3532; x_wconf 88' lang='lat' dir='ltr'><strong>tuta,</strong></span> 
     </span>
    </p>
   </div>
   <div class='ocr_carea' id='block_1_44' title="bbox 436 3557 2027 3628">
    <p class='ocr_par' dir='ltr' id='par_1_44' title="bbox 436 3557 2027 3628">
     <span class='ocr_line' id='line_1_45' title="bbox 436 3557 2027 3628; baseline 0.004 -16"><span class='ocrx_word' id='word_1_357' title='bbox 436 3558 555 3626; x_wconf 75' lang='lat' dir='ltr'><strong>eius</strong></span> <span class='ocrx_word' id='word_1_358' title='bbox 591 3557 790 3614; x_wconf 76' lang='lat' dir='ltr'><strong>ﬁducia</strong></span> <span class='ocrx_word' id='word_1_359' title='bbox 837 3559 1203 3628; x_wconf 83' lang='lat' dir='ltr'><strong>erumpebant</strong></span> <span class='ocrx_word' id='word_1_360' title='bbox 1233 3559 1500 3615; x_wconf 90' lang='lat' dir='ltr'><strong>audacius</strong></span> <span class='ocrx_word' id='word_1_361' title='bbox 1538 3560 1592 3615; x_wconf 93' lang='lat' dir='ltr'><strong>in</strong></span> <span class='ocrx_word' id='word_1_362' title='bbox 1625 3561 1834 3617; x_wconf 86' lang='lat' dir='ltr'><strong>hostes.</strong></span> <span class='ocrx_word' id='word_1_363' title='bbox 1890 3562 2027 3618; x_wconf 87' lang='lat' dir='ltr'><strong>Hinc</strong></span> 
     </span>
    </p>
   </div>
   <div class='ocr_carea' id='block_1_45' title="bbox 434 3649 2024 3724">
    <p class='ocr_par' dir='ltr' id='par_1_45' title="bbox 434 3649 2024 3724">
     <span class='ocr_line' id='line_1_46' title="bbox 434 3649 2024 3724; baseline 0.006 -24"><span class='ocrx_word' id='word_1_364' title='bbox 434 3651 774 3722; x_wconf 70' lang='lat' dir='ltr'><strong>quotidiana:</strong></span> <span class='ocrx_word' id='word_1_365' title='bbox 823 3649 1173 3708; x_wconf 87' lang='lat' dir='ltr'><strong>velitationes</strong></span> <span class='ocrx_word' id='word_1_366' title='bbox 1212 3661 1269 3707; x_wconf 92' lang='lat' dir='ltr'><strong>et</strong></span> <span class='ocrx_word' id='word_1_367' title='bbox 1318 3668 1514 3724; x_wconf 72' lang='lat' dir='ltr'><strong>pugna:</strong></span> <span class='ocrx_word' id='word_1_368' title='bbox 1563 3656 2024 3723; x_wconf 87' lang='lat' dir='ltr'><strong>conserebantur,</strong></span> 
     </span>
    </p>
   </div>
   <div class='ocr_carea' id='block_1_46' title="bbox 434 3743 2023 3816">
    <p class='ocr_par' dir='ltr' id='par_1_46' title="bbox 434 3743 2023 3816">
     <span class='ocr_line' id='line_1_47' title="bbox 434 3743 2023 3816; baseline 0.004 -18"><span class='ocrx_word' id='word_1_369' title='bbox 434 3745 691 3816; x_wconf 79' lang='lat' dir='ltr'><strong>plurimis</strong></span> <span class='ocrx_word' id='word_1_370' title='bbox 727 3744 984 3816; x_wconf 79' lang='lat' dir='ltr'><strong>utrinque</strong></span> <span class='ocrx_word' id='word_1_371' title='bbox 1009 3744 1365 3802; x_wconf 87' lang='lat' dir='ltr'><strong>cadentibus.</strong></span> <span class='ocrx_word' id='word_1_372' title='bbox 1399 3743 1767 3803; x_wconf 85' lang='lat' dir='ltr'><strong>Grassabatur</strong></span> <span class='ocrx_word' id='word_1_373' title='bbox 1805 3748 2023 3804; x_wconf 85' lang='lat' dir='ltr'><strong>interim</strong></span> 
     </span>
    </p>
   </div>
   <div class='ocr_carea' id='block_1_47' title="bbox 434 3839 2025 3913">
    <p class='ocr_par' dir='ltr' id='par_1_47' title="bbox 434 3839 2025 3913">
     <span class='ocr_line' id='line_1_48' title="bbox 434 3839 2025 3913; baseline 0.003 -20"><span class='ocrx_word' id='word_1_374' title='bbox 434 3839 750 3910; x_wconf 88' lang='lat' dir='ltr'><strong>perniciosa</strong></span> <span class='ocrx_word' id='word_1_375' title='bbox 780 3839 976 3913; x_wconf 89' lang='lat' dir='ltr'><strong>pestis,</strong></span> <span class='ocrx_word' id='word_1_376' title='bbox 998 3839 1486 3911; x_wconf 84' lang='lat' dir='ltr'><strong>densabanturquc</strong></span> <span class='ocrx_word' id='word_1_377' title='bbox 1517 3850 1746 3909; x_wconf 84' lang='lat' dir='ltr'><strong>mortes,</strong></span> <span class='ocrx_word' id='word_1_378' title='bbox 1782 3842 1921 3898; x_wconf 91' lang='lat' dir='ltr'><strong>adeo</strong></span> <span class='ocrx_word' id='word_1_379' title='bbox 1966 3852 2025 3897; x_wconf 89' lang='lat' dir='ltr'><strong>ut</strong></span> 
     </span>
    </p>
   </div>
   <div class='ocr_carea' id='block_1_48' title="bbox 433 3917 2024 4004">
    <p class='ocr_par' dir='ltr' id='par_1_48' title="bbox 433 3917 2024 4004">
     <span class='ocr_line' id='line_1_49' title="bbox 433 3917 2024 4004; baseline 0.001 -15"><span class='ocrx_word' id='word_1_380' title='bbox 433 3917 723 3989; x_wconf 80' lang='lat' dir='ltr'><strong>funeribus</strong></span> <span class='ocrx_word' id='word_1_381' title='bbox 751 3930 986 3989; x_wconf 86' lang='lat' dir='ltr'><strong>Libitina</strong></span> <span class='ocrx_word' id='word_1_382' title='bbox 1014 3932 1257 3997; x_wconf 84' lang='lat' dir='ltr'><strong>deesset,</strong></span> <span class='ocrx_word' id='word_1_383' title='bbox 1296 3932 1694 4004; x_wconf 85' lang='lat' dir='ltr'><strong>superstitibus</strong></span> <span class='ocrx_word' id='word_1_384' title='bbox 1738 3934 1807 3989; x_wconf 86' lang='lat' dir='ltr'><strong>ad</strong></span> <span class='ocrx_word' id='word_1_385' title='bbox 1856 3934 2024 3990; x_wconf 88' lang='lat' dir='ltr'><strong>cada-</strong></span> 
     </span>
    </p>
   </div>
   <div class='ocr_carea' id='block_1_49' title="bbox 431 4024 2025 4098">
    <p class='ocr_par' dir='ltr' id='par_1_49' title="bbox 431 4024 2025 4098">
     <span class='ocr_line' id='line_1_50' title="bbox 431 4024 2025 4098; baseline 0.002 -17"><span class='ocrx_word' id='word_1_386' title='bbox 431 4042 626 4083; x_wconf 83' lang='lat' dir='ltr'><strong>verum</strong></span> <span class='ocrx_word' id='word_1_387' title='bbox 656 4029 999 4098; x_wconf 85' lang='lat' dir='ltr'><strong>sepulturam</strong></span> <span class='ocrx_word' id='word_1_388' title='bbox 1025 4040 1135 4081; x_wconf 92' lang='lat' dir='ltr'><strong>non</strong></span> <span class='ocrx_word' id='word_1_389' title='bbox 1158 4024 1579 4081; x_wconf 86' lang='lat' dir='ltr'><strong>sutlicientibus.</strong></span> <span class='ocrx_word' id='word_1_390' title='bbox 1600 4025 1785 4082; x_wconf 89' lang='lat' dir='ltr'><strong>Unum</strong></span> <span class='ocrx_word' id='word_1_391' title='bbox 1811 4028 2025 4085; x_wconf 88' lang='lat' dir='ltr'><strong>scilicet</strong></span> 
     </span>
    </p>
   </div>
   <div class='ocr_carea' id='block_1_50' title="bbox 433 4116 2022 4199">
    <p class='ocr_par' dir='ltr' id='par_1_50' title="bbox 433 4116 2022 4199">
     <span class='ocr_line' id='line_1_51' title="bbox 433 4116 2022 4199; baseline 0.001 -25"><span class='ocrx_word' id='word_1_392' title='bbox 433 4119 568 4199; x_wconf 78' lang='lat' dir='ltr'><strong>illud</strong></span> <span class='ocrx_word' id='word_1_393' title='bbox 598 4119 667 4175; x_wconf 87' lang='lat' dir='ltr'><strong>ad</strong></span> <span class='ocrx_word' id='word_1_394' title='bbox 701 4119 967 4191; x_wconf 77' lang='lat' dir='ltr'><strong>tragicam</strong></span> <span class='ocrx_word' id='word_1_395' title='bbox 992 4116 1281 4174; x_wconf 86' lang='lat' dir='ltr'><strong>lliacorum</strong></span> <span class='ocrx_word' id='word_1_396' title='bbox 1302 4117 1572 4172; x_wconf 86' lang='lat' dir='ltr'><strong>malorum</strong></span> <span class='ocrx_word' id='word_1_397' title='bbox 1593 4118 1791 4173; x_wconf 86' lang='lat' dir='ltr'><strong>faciem</strong></span> <span class='ocrx_word' id='word_1_398' title='bbox 1810 4119 2022 4187; x_wconf 82' lang='lat' dir='ltr'><strong>deerat,</strong></span> 
     </span>
    </p>
   </div>
   <div class='ocr_carea' id='block_1_51' title="bbox 431 4200 2024 4286">
    <p class='ocr_par' dir='ltr' id='par_1_51' title="bbox 431 4200 2024 4286">
     <span class='ocr_line' id='line_1_52' title="bbox 431 4200 2024 4286; baseline 0 -17"><span class='ocrx_word' id='word_1_399' title='bbox 431 4214 583 4285; x_wconf 87' lang='lat' dir='ltr'><strong>quod</strong></span> <span class='ocrx_word' id='word_1_400' title='bbox 632 4227 783 4286; x_wconf 64' lang='lat' dir='ltr'><strong>pyrae</strong></span> <span class='ocrx_word' id='word_1_401' title='bbox 835 4224 1183 4267; x_wconf 89' lang='lat' dir='ltr'><strong>mortuorum</strong></span> <span class='ocrx_word' id='word_1_402' title='bbox 1226 4225 1341 4266; x_wconf 82' lang='lat' dir='ltr'><strong>non</strong></span> <span class='ocrx_word' id='word_1_403' title='bbox 1383 4209 1667 4275; x_wconf 83' lang='lat' dir='ltr'><strong>arderent,</strong></span> <span class='ocrx_word' id='word_1_404' title='bbox 1728 4211 1826 4267; x_wconf 89' lang='lat' dir='ltr'><strong>sed</strong></span> <span class='ocrx_word' id='word_1_405' title='bbox 1878 4200 2024 4269; x_wconf 83' lang='lat' dir='ltr'><strong>fossa</strong></span> 
     </span>
    </p>
   </div>
   <div class='ocr_carea' id='block_1_52' title="bbox 430 4300 2021 4376">
    <p class='ocr_par' dir='ltr' id='par_1_52' title="bbox 430 4300 2021 4376">
     <span class='ocr_line' id='line_1_53' title="bbox 430 4300 2021 4376; baseline -0.001 -16"><span class='ocrx_word' id='word_1_406' title='bbox 430 4306 627 4362; x_wconf 85' lang='lat' dir='ltr'><strong>eadem</strong></span> <span class='ocrx_word' id='word_1_407' title='bbox 661 4306 751 4361; x_wconf 90' lang='lat' dir='ltr'><strong>illa</strong></span> <span class='ocrx_word' id='word_1_408' title='bbox 782 4303 1058 4376; x_wconf 86' lang='lat' dir='ltr'><strong>profunda</strong></span> <span class='ocrx_word' id='word_1_409' title='bbox 1105 4313 1162 4358; x_wconf 89' lang='lat' dir='ltr'><strong>et</strong></span> <span class='ocrx_word' id='word_1_410' title='bbox 1210 4301 1340 4369; x_wconf 86' lang='lat' dir='ltr'><strong>lata,</strong></span> <span class='ocrx_word' id='word_1_411' title='bbox 1373 4316 1497 4372; x_wconf 77' lang='lat' dir='ltr'><strong>qua:</strong></span> <span class='ocrx_word' id='word_1_412' title='bbox 1542 4300 1699 4357; x_wconf 82' lang='lat' dir='ltr'><strong>vivos</strong></span> <span class='ocrx_word' id='word_1_413' title='bbox 1740 4303 2021 4371; x_wconf 79' lang='lat' dir='ltr'><strong>tuebatur,</strong></span> 
     </span>
    </p>
   </div>
   <div class='ocr_carea' id='block_1_53' title="bbox 430 4375 2021 4467">
    <p class='ocr_par' dir='ltr' id='par_1_53' title="bbox 430 4375 2021 4467">
     <span class='ocr_line' id='line_1_54' title="bbox 430 4375 2021 4467; baseline -0.003 -10"><span class='ocrx_word' id='word_1_414' title='bbox 430 4375 727 4457; x_wconf 74' lang='lat' dir='ltr'><strong>defunctos</strong></span> <span class='ocrx_word' id='word_1_415' title='bbox 766 4375 1034 4463; x_wconf 78' lang='lat' dir='ltr'><strong>hauriret,</strong></span> <span class='ocrx_word' id='word_1_416' title='bbox 1084 4402 1239 4450; x_wconf 86' lang='lat' dir='ltr'><strong>tanto</strong></span> <span class='ocrx_word' id='word_1_417' title='bbox 1284 4395 1402 4467; x_wconf 84' lang='lat' dir='ltr'><strong>jam</strong></span> <span class='ocrx_word' id='word_1_418' title='bbox 1452 4409 1711 4461; x_wconf 86' lang='lat' dir='ltr'><strong>numero,</strong></span> <span class='ocrx_word' id='word_1_419' title='bbox 1766 4407 1826 4450; x_wconf 87' lang='lat' dir='ltr'><strong>ut</strong></span> <span class='ocrx_word' id='word_1_420' title='bbox 1866 4396 2021 4452; x_wconf 85' lang='lat' dir='ltr'><strong>brevi</strong></span> 
     </span>
    </p>
   </div>
   <div class='ocr_carea' id='block_1_54' title="bbox 431 4485 2023 4558">
    <p class='ocr_par' dir='ltr' id='par_1_54' title="bbox 431 4485 2023 4558">
     <span class='ocr_line' id='line_1_55' title="bbox 431 4485 2023 4558; baseline -0.002 -14"><span class='ocrx_word' id='word_1_421' title='bbox 431 4487 754 4558; x_wconf 82' lang='lat' dir='ltr'><strong>cmupleuda</strong></span> <span class='ocrx_word' id='word_1_422' title='bbox 781 4486 1063 4540; x_wconf 72' lang='lat' dir='ltr'><strong>videretur</strong></span> <span class='ocrx_word' id='word_1_423' title='bbox 1105 4493 1162 4541; x_wconf 93' lang='lat' dir='ltr'><strong>et</strong></span> <span class='ocrx_word' id='word_1_424' title='bbox 1194 4486 1261 4541; x_wconf 90' lang='lat' dir='ltr'><strong>ad</strong></span> <span class='ocrx_word' id='word_1_425' title='bbox 1310 4487 1681 4557; x_wconf 72' lang='lat' dir='ltr'><strong>aequalitatem</strong></span> <span class='ocrx_word' id='word_1_426' title='bbox 1719 4485 2023 4541; x_wconf 85' lang='lat' dir='ltr'><strong>attollenda</strong></span> 
     </span>
    </p>
   </div>
   <div class='ocr_carea' id='block_1_55' title="bbox 2131 1983 3688 2071">
    <p class='ocr_par' dir='ltr' id='par_1_55' title="bbox 2131 1983 3688 2071">
     <span class='ocr_line' id='line_1_56' title="bbox 2131 1983 3688 2071; baseline 0.013 -35"><span class='ocrx_word' id='word_1_427' title='bbox 2131 1984 2297 2048; x_wconf 78' lang='grc' dir='ltr'><strong>αὐτὸς</strong></span> <span class='ocrx_word' id='word_1_428' title='bbox 2321 1986 2397 2050; x_wconf 85' lang='grc' dir='ltr'><strong>ὡς</strong></span> <span class='ocrx_word' id='word_1_429' title='bbox 2424 1983 2536 2058; x_wconf 81' lang='grc' dir='ltr'><strong>εἶχε</strong></span> <span class='ocrx_word' id='word_1_430' title='bbox 2568 1993 3035 2062; x_wconf 78' lang='grc' dir='ltr'><strong>παρεσκευάζετο.</strong></span> <span class='ocrx_word' id='word_1_431' title='bbox 3074 1996 3405 2068; x_wconf 79' lang='grc' dir='ltr'><strong>Είσαγαγὼν</strong></span> <span class='ocrx_word' id='word_1_432' title='bbox 3430 2002 3553 2069; x_wconf 76' lang='grc' dir='ltr'><strong>γοῦν</strong></span> <span class='ocrx_word' id='word_1_433' title='bbox 3575 2004 3688 2071; x_wconf 71' lang='grc' dir='ltr'><strong>ἔξω·</strong></span> 
     </span>
    </p>
   </div>
   <div class='ocr_carea' id='block_1_56' title="bbox 2130 2073 3713 2161">
    <p class='ocr_par' dir='ltr' id='par_1_56' title="bbox 2130 2073 3713 2161">
     <span class='ocr_line' id='line_1_57' title="bbox 2130 2073 3713 2161; baseline 0.013 -33"><span class='ocrx_word' id='word_1_434' title='bbox 2130 2073 2224 2129; x_wconf 80' lang='grc' dir='ltr'><strong>θεν</strong></span> <span class='ocrx_word' id='word_1_435' title='bbox 2258 2078 2406 2131; x_wconf 82' lang='grc' dir='ltr'><strong>σῖτον</strong></span> <span class='ocrx_word' id='word_1_436' title='bbox 2454 2078 2596 2133; x_wconf 76' lang='grc' dir='ltr'><strong>ὥστε</strong></span> <span class='ocrx_word' id='word_1_437' title='bbox 2639 2081 2887 2154; x_wconf 81' lang='grc' dir='ltr'><strong>πύργους</strong></span> <span class='ocrx_word' id='word_1_438' title='bbox 2918 2084 3207 2158; x_wconf 81' lang='grc' dir='ltr'><strong>πληρῶσαι</strong></span> <span class='ocrx_word' id='word_1_439' title='bbox 3244 2089 3326 2158; x_wconf 85' lang='grc' dir='ltr'><strong>τῷ</strong></span> <span class='ocrx_word' id='word_1_440' title='bbox 3361 2091 3572 2161; x_wconf 78' lang='grc' dir='ltr'><strong>πλήθει,</strong></span> <span class='ocrx_word' id='word_1_441' title='bbox 3605 2095 3713 2148; x_wconf 75' lang='grc' dir='ltr'><strong>τὸν</strong></span> 
     </span>
    </p>
   </div>
   <div class='ocr_carea' id='block_1_57' title="bbox 2127 2168 3684 2249">
    <p class='ocr_par' dir='ltr' id='par_1_57' title="bbox 2127 2168 3684 2249">
     <span class='ocr_line' id='line_1_58' title="bbox 2127 2168 3684 2249; baseline 0.011 -28"><span class='ocrx_word' id='word_1_442' title='bbox 2127 2168 2315 2223; x_wconf 77' lang='grc' dir='ltr'><strong>λοιπὸν</strong></span> <span class='ocrx_word' id='word_1_443' title='bbox 2349 2172 2462 2233; x_wconf 76' lang='grc' dir='ltr'><strong>τοῖς</strong></span> <span class='ocrx_word' id='word_1_444' title='bbox 2491 2173 2739 2238; x_wconf 87' lang='grc' dir='ltr'><strong>πολίταις</strong></span> <span class='ocrx_word' id='word_1_445' title='bbox 2763 2179 3026 2247; x_wconf 80' lang='grc' dir='ltr'><strong>παρεῖχεν</strong></span> <span class='ocrx_word' id='word_1_446' title='bbox 3054 2181 3137 2242; x_wconf 80' lang='grc' dir='ltr'><strong>είς</strong></span> <span class='ocrx_word' id='word_1_447' title='bbox 3174 2181 3431 2249; x_wconf 78' lang='grc' dir='ltr'><strong>φυλακὴν</strong></span> <span class='ocrx_word' id='word_1_448' title='bbox 3458 2181 3531 2247; x_wconf 83' lang='grc' dir='ltr'><strong>ὡς</strong></span> <span class='ocrx_word' id='word_1_449' title='bbox 3562 2186 3684 2238; x_wconf 72' lang='grc' dir='ltr'><strong>κατὰ</strong></span> 
     </span>
    </p>
   </div>
   <div class='ocr_carea' id='block_1_58' title="bbox 2128 2262 3685 2346">
    <p class='ocr_par' dir='ltr' id='par_1_58' title="bbox 2128 2262 3685 2346">
     <span class='ocr_line' id='line_1_59' title="bbox 2128 2262 3685 2346; baseline 0.01 -31"><span class='ocrx_word' id='word_1_450' title='bbox 2128 2264 2322 2334; x_wconf 64' lang='grc' dir='ltr'><strong>καιρὸν</strong></span> <span class='ocrx_word' id='word_1_451' title='bbox 2355 2262 2510 2329; x_wconf 67' lang='grc' dir='ltr'><strong>αὔεις</strong></span> <span class='ocrx_word' id='word_1_452' title='bbox 2536 2268 2980 2338; x_wconf 80' lang='grc' dir='ltr'><strong>ἁντιπαρέξουσι,</strong></span> <span class='ocrx_word' id='word_1_453' title='bbox 3033 2262 3145 2326; x_wconf 59' lang='grc' dir='ltr'><strong>καῖ</strong></span> <span class='ocrx_word' id='word_1_454' title='bbox 3180 2274 3384 2345; x_wconf 85' lang='grc' dir='ltr'><strong>χοίρων</strong></span> <span class='ocrx_word' id='word_1_455' title='bbox 3426 2276 3547 2340; x_wconf 81' lang='grc' dir='ltr'><strong>ὅλας</strong></span> <span class='ocrx_word' id='word_1_456' title='bbox 3571 2280 3685 2346; x_wconf 81' lang='grc' dir='ltr'><strong>ἁγί-</strong></span> 
     </span>
    </p>
   </div>
   <div class='ocr_carea' id='block_1_59' title="bbox 2126 2353 3684 2432">
    <p class='ocr_par' dir='ltr' id='par_1_59' title="bbox 2126 2353 3684 2432">
     <span class='ocr_line' id='line_1_60' title="bbox 2126 2353 3684 2432; baseline 0.01 -24"><span class='ocrx_word' id='word_1_457' title='bbox 2126 2353 2244 2421; x_wconf 88' lang='grc' dir='ltr'><strong>λας,</strong></span> <span class='ocrx_word' id='word_1_458' title='bbox 2299 2358 2391 2410; x_wconf 69' lang='grc' dir='ltr'><strong>καὶ</strong></span> <span class='ocrx_word' id='word_1_459' title='bbox 2445 2358 2649 2423; x_wconf 79' lang='grc' dir='ltr'><strong>αὐτοὺς</strong></span> <span class='ocrx_word' id='word_1_460' title='bbox 2679 2362 2977 2432; x_wconf 73' lang='grc' dir='ltr'><strong>ἐπεμέριζε</strong></span> <span class='ocrx_word' id='word_1_461' title='bbox 3011 2368 3122 2429; x_wconf 80' lang='grc' dir='ltr'><strong>τοῖς</strong></span> <span class='ocrx_word' id='word_1_462' title='bbox 3163 2366 3418 2432; x_wconf 78' lang='grc' dir='ltr'><strong>πολίταις</strong></span> <span class='ocrx_word' id='word_1_463' title='bbox 3443 2369 3543 2422; x_wconf 76' lang='grc' dir='ltr'><strong>ἀνὰ</strong></span> <span class='ocrx_word' id='word_1_464' title='bbox 3571 2369 3684 2423; x_wconf 73' lang='grc' dir='ltr'><strong>δέκα</strong></span> 
     </span>
    </p>
   </div>
   <div class='ocr_carea' id='block_1_60' title="bbox 2127 2446 3682 2529">
    <p class='ocr_par' dir='ltr' id='par_1_60' title="bbox 2127 2446 3682 2529">
     <span class='ocr_line' id='line_1_61' title="bbox 2127 2446 3682 2529; baseline 0.009 -29"><span class='ocrx_word' id='word_1_465' title='bbox 2127 2448 2223 2501; x_wconf 72' lang='grc' dir='ltr'><strong>καὶ</strong></span> <span class='ocrx_word' id='word_1_466' title='bbox 2247 2446 2412 2503; x_wconf 85' lang='grc' dir='ltr'><strong>πλέον</strong></span> <span class='ocrx_word' id='word_1_467' title='bbox 2439 2448 2471 2521; x_wconf 76' lang='grc' dir='ltr'>ἢ</span> <span class='ocrx_word' id='word_1_468' title='bbox 2501 2451 2593 2504; x_wconf 75' lang='grc' dir='ltr'><strong>καὶ</strong></span> <span class='ocrx_word' id='word_1_469' title='bbox 2619 2450 2864 2507; x_wconf 73' lang='grc' dir='ltr'><strong>ἐλλεῖπον</strong></span> <span class='ocrx_word' id='word_1_470' title='bbox 2891 2454 3108 2527; x_wconf 73' lang='grc' dir='ltr'><strong>ἑκάστῳ</strong></span> <span class='ocrx_word' id='word_1_471' title='bbox 3132 2456 3330 2523; x_wconf 74' lang='grc' dir='ltr'><strong>διδοὺς,</strong></span> <span class='ocrx_word' id='word_1_472' title='bbox 3365 2458 3504 2513; x_wconf 82' lang='grc' dir='ltr'><strong>ὥστε</strong></span> <span class='ocrx_word' id='word_1_473' title='bbox 3540 2460 3682 2529; x_wconf 75' lang='grc' dir='ltr'><strong>σφάτ-</strong></span> 
     </span>
    </p>
   </div>
   <div class='ocr_carea' id='block_1_61' title="bbox 2126 2541 3687 2616">
    <p class='ocr_par' dir='ltr' id='par_1_61' title="bbox 2126 2541 3687 2616">
     <span class='ocr_line' id='line_1_62' title="bbox 2126 2541 3687 2616; baseline 0.008 -24"><span class='ocrx_word' id='word_1_474' title='bbox 2126 2556 2242 2593; x_wconf 82' lang='grc' dir='ltr'><strong>τειν</strong></span> <span class='ocrx_word' id='word_1_475' title='bbox 2279 2541 2374 2594; x_wconf 78' lang='grc' dir='ltr'><strong>καὶ</strong></span> <span class='ocrx_word' id='word_1_476' title='bbox 2429 2542 2631 2607; x_wconf 82' lang='grc' dir='ltr'><strong>αὐτοὺς</strong></span> <span class='ocrx_word' id='word_1_477' title='bbox 2676 2545 3170 2616; x_wconf 82' lang='grc' dir='ltr'><strong>ἀποκερδαίνοντας</strong></span> <span class='ocrx_word' id='word_1_478' title='bbox 3229 2548 3301 2603; x_wconf 79' lang='grc' dir='ltr'><strong>τὰ</strong></span> <span class='ocrx_word' id='word_1_479' title='bbox 3344 2550 3587 2604; x_wconf 77' lang='grc' dir='ltr'><strong>ἐντόσθια</strong></span> <span class='ocrx_word' id='word_1_480' title='bbox 3629 2552 3687 2605; x_wconf 84' lang='grc' dir='ltr'><strong>τὰ</strong></span> 
     </span>
    </p>
   </div>
   <div class='ocr_carea' id='block_1_62' title="bbox 2126 2632 3686 2713">
    <p class='ocr_par' dir='ltr' id='par_1_62' title="bbox 2126 2632 3686 2713">
     <span class='ocr_line' id='line_1_63' title="bbox 2126 2632 3686 2713; baseline 0.006 -29"><span class='ocrx_word' id='word_1_481' title='bbox 2126 2632 2329 2703; x_wconf 83' lang='grc' dir='ltr'><strong>ταρίχη</strong></span> <span class='ocrx_word' id='word_1_482' title='bbox 2375 2633 2452 2704; x_wconf 83' lang='grc' dir='ltr'><strong>τῷ</strong></span> <span class='ocrx_word' id='word_1_483' title='bbox 2489 2635 2653 2705; x_wconf 84' lang='grc' dir='ltr'><strong>κοινῷ</strong></span> <span class='ocrx_word' id='word_1_484' title='bbox 2708 2638 3022 2706; x_wconf 71' lang='grc' dir='ltr'><strong>φυλάττειν,</strong></span> <span class='ocrx_word' id='word_1_485' title='bbox 3070 2640 3213 2695; x_wconf 79' lang='grc' dir='ltr'><strong>ὅπλα</strong></span> <span class='ocrx_word' id='word_1_486' title='bbox 3263 2656 3322 2695; x_wconf 81' lang='grc' dir='ltr'><strong>τε</strong></span> <span class='ocrx_word' id='word_1_487' title='bbox 3387 2644 3553 2713; x_wconf 80' lang='grc' dir='ltr'><strong>μυρία</strong></span> <span class='ocrx_word' id='word_1_488' title='bbox 3605 2642 3686 2696; x_wconf 86' lang='grc' dir='ltr'><strong>καὶ</strong></span> 
     </span>
    </p>
   </div>
   <div class='ocr_carea' id='block_1_63' title="bbox 2125 2722 3691 2807">
    <p class='ocr_par' dir='ltr' id='par_1_63' title="bbox 2125 2722 3691 2807">
     <span class='ocr_line' id='line_1_64' title="bbox 2125 2722 3691 2807; baseline 0.031 -32"><span class='ocrx_word' id='word_1_489' title='bbox 2125 2722 2339 2790; x_wconf 67' lang='grc' dir='ltr'><strong>ὀϊστοὺς</strong></span> <span class='ocrx_word' id='word_1_490' title='bbox 2368 2726 2463 2779; x_wconf 75' lang='grc' dir='ltr'><strong>καὶ</strong></span> <span class='ocrx_word' id='word_1_491' title='bbox 2490 2726 2700 2799; x_wconf 65' lang='grc' dir='ltr'><strong>ὄργανα</strong></span> <span class='ocrx_word' id='word_1_492' title='bbox 2730 2731 3058 2801; x_wconf 74' lang='grc' dir='ltr'><strong>πετροδόλτι»</strong></span> <span class='ocrx_word' id='word_1_493' title='bbox 3097 2732 3456 2805; x_wconf 76' lang='grc' dir='ltr'><strong>ὀπλοτέχναις</strong></span> <span class='ocrx_word' id='word_1_494' title='bbox 3481 2736 3571 2789; x_wconf 52' lang='grc' dir='ltr'><strong>καὶ</strong></span> <span class='ocrx_word' id='word_1_495' title='bbox 3600 2753 3691 2807; x_wconf 75' lang='grc' dir='ltr'><strong>μη·</strong></span> 
     </span>
    </p>
   </div>
   <div class='ocr_carea' id='block_1_64' title="bbox 2127 2902 3689 2985">
    <p class='ocr_par' dir='ltr' id='par_1_64' title="bbox 2127 2902 3689 2985">
     <span class='ocr_line' id='line_1_65' title="bbox 2127 2902 3689 2985; baseline 0.008 -30"><span class='ocrx_word' id='word_1_496' title='bbox 2127 2902 2327 2958; x_wconf 89' lang='lat' dir='ltr'><strong>merito</strong></span> <span class='ocrx_word' id='word_1_497' title='bbox 2386 2904 2607 2971; x_wconf 61' lang='lat' dir='ltr'><strong>anima),</strong></span> <span class='ocrx_word' id='word_1_498' title='bbox 2660 2923 2824 2976; x_wconf 80' lang='lat' dir='ltr'><strong>quam</strong></span> <span class='ocrx_word' id='word_1_499' title='bbox 2859 2908 2970 2965; x_wconf 88' lang='lat' dir='ltr'><strong>Deo</strong></span> <span class='ocrx_word' id='word_1_500' title='bbox 3017 2924 3141 2967; x_wconf 88' lang='lat' dir='ltr'><strong>esse</strong></span> <span class='ocrx_word' id='word_1_501' title='bbox 3177 2911 3555 2970; x_wconf 87' lang='lat' dir='ltr'><strong>charissimam</strong></span> <span class='ocrx_word' id='word_1_502' title='bbox 3580 2928 3689 2985; x_wconf 85' lang='lat' dir='ltr'><strong>per-</strong></span> 
     </span>
    </p>
   </div>
   <div class='ocr_carea' id='block_1_65' title="bbox 2126 2996 3688 3075">
    <p class='ocr_par' dir='ltr' id='par_1_65' title="bbox 2126 2996 3688 3075">
     <span class='ocr_line' id='line_1_66' title="bbox 2126 2996 3688 3075; baseline 0.01 -26"><span class='ocrx_word' id='word_1_503' title='bbox 2126 2996 2510 3052; x_wconf 88' lang='lat' dir='ltr'><strong>suasissimum</strong></span> <span class='ocrx_word' id='word_1_504' title='bbox 2571 2999 2891 3065; x_wconf 86' lang='lat' dir='ltr'><strong>habebant,</strong></span> <span class='ocrx_word' id='word_1_505' title='bbox 2948 3006 3241 3075; x_wconf 77' lang='lat' dir='ltr'><strong>unguentis</strong></span> <span class='ocrx_word' id='word_1_506' title='bbox 3282 3006 3585 3063; x_wconf 88' lang='lat' dir='ltr'><strong>delibutum</strong></span> <span class='ocrx_word' id='word_1_507' title='bbox 3640 3019 3688 3065; x_wconf 91' lang='lat' dir='ltr'><strong>et</strong></span> 
     </span>
    </p>
   </div>
   <div class='ocr_carea' id='block_1_66' title="bbox 2124 3086 3689 3167">
    <p class='ocr_par' dir='ltr' id='par_1_66' title="bbox 2124 3086 3689 3167">
     <span class='ocr_line' id='line_1_67' title="bbox 2124 3086 3689 3167; baseline 0.008 -27"><span class='ocrx_word' id='word_1_508' title='bbox 2124 3086 2318 3142; x_wconf 81' lang='lat' dir='ltr'><strong>alienis</strong></span> <span class='ocrx_word' id='word_1_509' title='bbox 2352 3087 2694 3147; x_wconf 61' lang='lat' dir='ltr'><strong>ferventibus</strong></span> <span class='ocrx_word' id='word_1_510' title='bbox 2729 3094 3006 3149; x_wconf 90' lang='lat' dir='ltr'><strong>incoctum</strong></span> <span class='ocrx_word' id='word_1_511' title='bbox 3038 3097 3299 3167; x_wconf 88' lang='lat' dir='ltr'><strong>pretiosis</strong></span> <span class='ocrx_word' id='word_1_512' title='bbox 3339 3090 3689 3157; x_wconf 86' lang='lat' dir='ltr'><strong>condiderunt</strong></span> 
     </span>
    </p>
   </div>
   <div class='ocr_carea' id='block_1_67' title="bbox 2125 3177 3688 3264">
    <p class='ocr_par' dir='ltr' id='par_1_67' title="bbox 2125 3177 3688 3264">
     <span class='ocr_line' id='line_1_68' title="bbox 2125 3177 3688 3264; baseline 0.01 -32"><span class='ocrx_word' id='word_1_513' title='bbox 2125 3177 2292 3251; x_wconf 66' lang='grc'><strong>364</strong></span> <span class='ocrx_word' id='word_1_514' title='bbox 2333 3180 2550 3247; x_wconf 83' lang='lat' dir='ltr'><strong>loculis,</strong></span> <span class='ocrx_word' id='word_1_515' title='bbox 2594 3186 2936 3242; x_wconf 87' lang='lat' dir='ltr'><strong>venerandas</strong></span> <span class='ocrx_word' id='word_1_516' title='bbox 2980 3189 3099 3245; x_wconf 85' lang='lat' dir='ltr'><strong>illas</strong></span> <span class='ocrx_word' id='word_1_517' title='bbox 3135 3205 3323 3246; x_wconf 88' lang='lat' dir='ltr'><strong>secum</strong></span> <span class='ocrx_word' id='word_1_518' title='bbox 3379 3192 3434 3248; x_wconf 91' lang='lat' dir='ltr'><strong>in</strong></span> <span class='ocrx_word' id='word_1_519' title='bbox 3482 3194 3688 3264; x_wconf 85' lang='lat' dir='ltr'><strong>patriam</strong></span> 
     </span>
    </p>
   </div>
   <div class='ocr_carea' id='block_1_68' title="bbox 2132 3274 3690 3354">
    <p class='ocr_par' dir='ltr' id='par_1_68' title="bbox 2132 3274 3690 3354">
     <span class='ocr_line' id='line_1_69' title="bbox 2132 3274 3690 3354; baseline 0.008 -26"><span class='ocrx_word' id='word_1_520' title='bbox 2132 3274 2396 3342; x_wconf 82' lang='lat' dir='ltr'><strong>reliquias</strong></span> <span class='ocrx_word' id='word_1_521' title='bbox 2436 3277 2691 3333; x_wconf 90' lang='lat' dir='ltr'><strong>relaturi.</strong></span> <span class='ocrx_word' id='word_1_522' title='bbox 2739 3277 2925 3353; x_wconf 82' lang='lat' dir='ltr'><strong>Legati</strong></span> <span class='ocrx_word' id='word_1_523' title='bbox 2959 3298 3091 3339; x_wconf 88' lang='lat' dir='ltr'><strong>vero</strong></span> <span class='ocrx_word' id='word_1_524' title='bbox 3135 3284 3278 3339; x_wconf 87' lang='lat' dir='ltr'><strong>nihil</strong></span> <span class='ocrx_word' id='word_1_525' title='bbox 3324 3286 3435 3342; x_wconf 87' lang='lat' dir='ltr'><strong>nisi</strong></span> <span class='ocrx_word' id='word_1_526' title='bbox 3490 3302 3690 3354; x_wconf 80' lang='lat' dir='ltr'><strong>vacuas,</strong></span> 
     </span>
    </p>
   </div>
   <div class='ocr_carea' id='block_1_69' title="bbox 2132 3365 3690 3450">
    <p class='ocr_par' dir='ltr' id='par_1_69' title="bbox 2132 3365 3690 3450">
     <span class='ocr_line' id='line_1_70' title="bbox 2132 3365 3690 3450; baseline 0.009 -30"><span class='ocrx_word' id='word_1_527' title='bbox 2132 3367 2278 3437; x_wconf 89' lang='lat' dir='ltr'><strong>quod</strong></span> <span class='ocrx_word' id='word_1_528' title='bbox 2304 3365 2533 3433; x_wconf 89' lang='lat' dir='ltr'><strong>dicitur,</strong></span> <span class='ocrx_word' id='word_1_529' title='bbox 2561 3385 2758 3426; x_wconf 89' lang='lat' dir='ltr'><strong>manus</strong></span> <span class='ocrx_word' id='word_1_530' title='bbox 2800 3388 2882 3427; x_wconf 70' lang='lat' dir='ltr'><strong>er</strong></span> <span class='ocrx_word' id='word_1_531' title='bbox 2915 3375 3083 3431; x_wconf 89' lang='lat' dir='ltr'><strong>tantis</strong></span> <span class='ocrx_word' id='word_1_532' title='bbox 3129 3378 3425 3446; x_wconf 81' lang='lat' dir='ltr'><strong>promissis</strong></span> <span class='ocrx_word' id='word_1_533' title='bbox 3468 3390 3690 3450; x_wconf 88' lang='lat' dir='ltr'><strong>reporta-</strong></span> 
     </span>
    </p>
   </div>
   <div class='ocr_carea' id='block_1_70' title="bbox 2131 3457 3689 3544">
    <p class='ocr_par' dir='ltr' id='par_1_70' title="bbox 2131 3457 3689 3544">
     <span class='ocr_line' id='line_1_71' title="bbox 2131 3457 3689 3544; baseline 0.011 -31"><span class='ocrx_word' id='word_1_534' title='bbox 2131 3470 2260 3514; x_wconf 89' lang='lat' dir='ltr'><strong>runt</strong></span> <span class='ocrx_word' id='word_1_535' title='bbox 2293 3460 2536 3516; x_wconf 86' lang='lat' dir='ltr'><strong>domum.</strong></span> <span class='ocrx_word' id='word_1_536' title='bbox 2561 3457 2829 3519; x_wconf 54' lang='lat' dir='ltr'><strong>Caeterum</strong></span> <span class='ocrx_word' id='word_1_537' title='bbox 2852 3466 3153 3536; x_wconf 86' lang='lat' dir='ltr'><strong>imperator</strong></span> <span class='ocrx_word' id='word_1_538' title='bbox 3184 3485 3280 3540; x_wconf 87' lang='lat' dir='ltr'><strong>per</strong></span> <span class='ocrx_word' id='word_1_539' title='bbox 3310 3472 3457 3544; x_wconf 81' lang='lat' dir='ltr'><strong>regis</strong></span> <span class='ocrx_word' id='word_1_540' title='bbox 3481 3482 3689 3530; x_wconf 77' lang='lat' dir='ltr'><strong>martem</strong></span> 
     </span>
    </p>
   </div>
   <div class='ocr_carea' id='block_1_71' title="bbox 2130 3548 3689 3621">
    <p class='ocr_par' dir='ltr' id='par_1_71' title="bbox 2130 3548 3689 3621">
     <span class='ocr_line' id='line_1_72' title="bbox 2130 3548 3689 3621; baseline 0.012 -18"><span class='ocrx_word' id='word_1_541' title='bbox 2130 3563 2227 3621; x_wconf 81' lang='lat' dir='ltr'><strong>Spe</strong></span> <span class='ocrx_word' id='word_1_542' title='bbox 2256 3548 2554 3608; x_wconf 86' lang='lat' dir='ltr'><strong>frustratus</strong></span> <span class='ocrx_word' id='word_1_543' title='bbox 2570 3569 2690 3619; x_wconf 88' lang='lat' dir='ltr'><strong>sua,</strong></span> <span class='ocrx_word' id='word_1_544' title='bbox 2719 3571 2828 3610; x_wconf 88' lang='lat' dir='ltr'><strong>non</strong></span> <span class='ocrx_word' id='word_1_545' title='bbox 2861 3565 3043 3613; x_wconf 87' lang='lat' dir='ltr'><strong>tamen</strong></span> <span class='ocrx_word' id='word_1_546' title='bbox 3063 3560 3278 3618; x_wconf 89' lang='lat' dir='ltr'><strong>destitit</strong></span> <span class='ocrx_word' id='word_1_547' title='bbox 3309 3565 3421 3619; x_wconf 86' lang='lat' dir='ltr'><strong>alia</strong></span> <span class='ocrx_word' id='word_1_548' title='bbox 3445 3564 3507 3620; x_wconf 90' lang='lat' dir='ltr'><strong>ad</strong></span> <span class='ocrx_word' id='word_1_549' title='bbox 3539 3565 3689 3620; x_wconf 82' lang='lat' dir='ltr'><strong>desti-</strong></span> 
     </span>
    </p>
   </div>
   <div class='ocr_carea' id='block_1_72' title="bbox 2129 3645 3687 3729">
    <p class='ocr_par' dir='ltr' id='par_1_72' title="bbox 2129 3645 3687 3729">
     <span class='ocr_line' id='line_1_73' title="bbox 2129 3645 3687 3729; baseline 0.012 -33"><span class='ocrx_word' id='word_1_550' title='bbox 2129 3651 2320 3699; x_wconf 89' lang='lat' dir='ltr'><strong>natum</strong></span> <span class='ocrx_word' id='word_1_551' title='bbox 2350 3645 2436 3700; x_wconf 87' lang='lat' dir='ltr'><strong>via</strong></span> <span class='ocrx_word' id='word_1_552' title='bbox 2480 3648 2744 3716; x_wconf 85' lang='lat' dir='ltr'><strong>grassari,</strong></span> <span class='ocrx_word' id='word_1_553' title='bbox 2793 3650 2891 3705; x_wconf 88' lang='lat' dir='ltr'><strong>sed</strong></span> <span class='ocrx_word' id='word_1_554' title='bbox 2934 3651 3122 3707; x_wconf 87' lang='lat' dir='ltr'><strong>multis</strong></span> <span class='ocrx_word' id='word_1_555' title='bbox 3154 3654 3277 3712; x_wconf 87' lang='lat' dir='ltr'><strong>aliis</strong></span> <span class='ocrx_word' id='word_1_556' title='bbox 3311 3659 3460 3728; x_wconf 80' lang='lat' dir='ltr'><strong>apud</strong></span> <span class='ocrx_word' id='word_1_557' title='bbox 3513 3673 3687 3729; x_wconf 79' lang='lat' dir='ltr'><strong>papam</strong></span> 
     </span>
    </p>
   </div>
   <div class='ocr_carea' id='block_1_73' title="bbox 2129 3736 3687 3821">
    <p class='ocr_par' dir='ltr' id='par_1_73' title="bbox 2129 3736 3687 3821">
     <span class='ocr_line' id='line_1_74' title="bbox 2129 3736 3687 3821; baseline 0.01 -31"><span class='ocrx_word' id='word_1_558' title='bbox 2129 3736 2591 3796; x_wconf 87' lang='lat' dir='ltr'><strong>intercessoribus</strong></span> <span class='ocrx_word' id='word_1_559' title='bbox 2647 3742 2913 3800; x_wconf 87' lang='lat' dir='ltr'><strong>adhibitis</strong></span> <span class='ocrx_word' id='word_1_560' title='bbox 2968 3759 3114 3814; x_wconf 79' lang='lat' dir='ltr'><strong>(nam</strong></span> <span class='ocrx_word' id='word_1_561' title='bbox 3171 3749 3369 3821; x_wconf 88' lang='lat' dir='ltr'><strong>ingens</strong></span> <span class='ocrx_word' id='word_1_562' title='bbox 3437 3769 3467 3807; x_wconf 90' lang='lat' dir='ltr'><strong>a</strong></span> <span class='ocrx_word' id='word_1_563' title='bbox 3515 3754 3687 3808; x_wconf 81' lang='lat' dir='ltr'><strong>Carolo</strong></span> 
     </span>
    </p>
   </div>
   <div class='ocr_carea' id='block_1_74' title="bbox 2127 3834 3688 3914">
    <p class='ocr_par' dir='ltr' id='par_1_74' title="bbox 2127 3834 3688 3914">
     <span class='ocr_line' id='line_1_75' title="bbox 2127 3834 3688 3914; baseline 0.01 -30"><span class='ocrx_word' id='word_1_564' title='bbox 2127 3839 2309 3886; x_wconf 90' lang='lat' dir='ltr'><strong>metus</strong></span> <span class='ocrx_word' id='word_1_565' title='bbox 2337 3834 2522 3887; x_wconf 87' lang='lat' dir='ltr'><strong>omnia</strong></span> <span class='ocrx_word' id='word_1_566' title='bbox 2556 3836 2799 3905; x_wconf 69' lang='lat' dir='ltr'><strong>exprriri</strong></span> <span class='ocrx_word' id='word_1_567' title='bbox 2824 3840 3109 3912; x_wconf 82' lang='lat' dir='ltr'><strong>suadebat)</strong></span> <span class='ocrx_word' id='word_1_568' title='bbox 3133 3842 3440 3914; x_wconf 57' lang='lat' dir='ltr'><strong>impetrare</strong></span> <span class='ocrx_word' id='word_1_569' title='bbox 3461 3848 3527 3902; x_wconf 90' lang='lat' dir='ltr'><strong>ab</strong></span> <span class='ocrx_word' id='word_1_570' title='bbox 3556 3864 3615 3901; x_wconf 87' lang='lat' dir='ltr'><strong>eo</strong></span> <span class='ocrx_word' id='word_1_571' title='bbox 3638 3855 3688 3901; x_wconf 89' lang='lat' dir='ltr'><strong>ut</strong></span> 
     </span>
    </p>
   </div>
   <div class='ocr_carea' id='block_1_75' title="bbox 2126 3918 3422 4002">
    <p class='ocr_par' dir='ltr' id='par_1_75' title="bbox 2126 3918 3422 4002">
     <span class='ocr_line' id='line_1_76' title="bbox 2126 3918 3422 4002; baseline 0.01 -23"><span class='ocrx_word' id='word_1_572' title='bbox 2126 3923 2302 3979; x_wconf 83' lang='lat' dir='ltr'><strong>Caroli</strong></span> <span class='ocrx_word' id='word_1_573' title='bbox 2332 3918 2735 3997; x_wconf 81' lang='lat' dir='ltr'><strong>expeditionem</strong></span> <span class='ocrx_word' id='word_1_574' title='bbox 2771 3930 3065 4002; x_wconf 83' lang='lat' dir='ltr'><strong>impediret</strong></span> <span class='ocrx_word' id='word_1_575' title='bbox 3094 3938 3422 3993; x_wconf 86' lang='lat' dir='ltr'><strong>conabatur.</strong></span> 
     </span>
    </p>
   </div>
   <div class='ocr_carea' id='block_1_76' title="bbox 2130 4036 3687 4114">
    <p class='ocr_par' dir='ltr' id='par_1_76' title="bbox 2130 4036 3687 4114">
     <span class='ocr_line' id='line_1_77' title="bbox 2130 4036 3687 4114; baseline 0.008 -23"><span class='ocrx_word' id='word_1_576' title='bbox 2130 4037 2216 4114; x_wconf 69' lang='lat'><strong>10.</strong></span> <span class='ocrx_word' id='word_1_577' title='bbox 2260 4036 2329 4093; x_wconf 87' lang='lat' dir='ltr'><strong>Ut</strong></span> <span class='ocrx_word' id='word_1_578' title='bbox 2364 4039 2435 4093; x_wconf 83' lang='lat' dir='ltr'><strong>ad</strong></span> <span class='ocrx_word' id='word_1_579' title='bbox 2478 4039 2680 4109; x_wconf 80' lang='lat' dir='ltr'><strong>famam</strong></span> <span class='ocrx_word' id='word_1_580' title='bbox 2727 4054 2958 4097; x_wconf 70' lang='lat' dir='ltr'><strong>uentum</strong></span> <span class='ocrx_word' id='word_1_581' title='bbox 3008 4045 3213 4114; x_wconf 71' lang='lat' dir='ltr'><strong>infesta:</strong></span> <span class='ocrx_word' id='word_1_582' title='bbox 3255 4049 3447 4103; x_wconf 75' lang='lat' dir='ltr'><strong>classis</strong></span> <span class='ocrx_word' id='word_1_583' title='bbox 3487 4049 3538 4102; x_wconf 84' lang='lat' dir='ltr'><strong>in</strong></span> <span class='ocrx_word' id='word_1_584' title='bbox 3577 4049 3687 4104; x_wconf 77' lang='lat' dir='ltr'><strong>urbe</strong></span> 
     </span>
    </p>
   </div>
   <div class='ocr_carea' id='block_1_77' title="bbox 2195 4110 3688 4234">
    <p class='ocr_par' dir='ltr' id='par_1_77' title="bbox 2195 4110 3688 4234">
     <span class='ocr_line' id='line_1_78' title="bbox 2195 4110 3688 4234; baseline 0.007 -72"><span class='ocrx_word' id='word_1_585' title='bbox 2195 4110 2484 4234; x_wconf 54' lang='lat' dir='ltr'><strong>iqtperatgr</strong></span> <span class='ocrx_word' id='word_1_586' title='bbox 2505 4115 2883 4183; x_wconf 73' lang='lat' dir='ltr'><strong>prwparaverit</strong></span> <span class='ocrx_word' id='word_1_587' title='bbox 2906 4128 3023 4184; x_wconf 69' lang='lat' dir='ltr'><strong>quae</strong></span> <span class='ocrx_word' id='word_1_588' title='bbox 3049 4110 3343 4173; x_wconf 74' lang='lat' dir='ltr'><strong>necessaria</strong></span> <span class='ocrx_word' id='word_1_589' title='bbox 3376 4122 3688 4199; x_wconf 73' lang='lat' dir='ltr'><strong>putabamur</strong></span> 
     </span>
     <span class='ocr_line' id='line_1_79' title="bbox 2198 4191 2519 4234; baseline 0 0"><span class='ocrx_word' id='word_1_590' title='bbox 2198 4196 2247 4234; x_wconf 78' lang='lat' dir='ltr'><strong>et</strong></span> <span class='ocrx_word' id='word_1_591' title='bbox 2290 4191 2411 4234; x_wconf 79' lang='lat' dir='ltr'><strong>tuen</strong></span> <span class='ocrx_word' id='word_1_592' title='bbox 2453 4197 2519 4234; x_wconf 73' lang='grc' dir='ltr'><strong>ω.</strong></span> 
     </span>
    </p>
   </div>
   <div class='ocr_carea' id='block_1_78' title="bbox 2198 4191 2519 4236">
    <p class='ocr_par' dir='ltr' id='par_1_78' title="bbox 2198 4191 2519 4236">
     <span class='ocr_line' id='line_1_80' title="bbox 2198 4191 2519 4236; baseline 0.003 -2"><span class='ocrx_word' id='word_1_593' title='bbox 2198 4191 2247 4234; x_wconf 80' lang='lat' dir='ltr'><strong>et</strong></span> <span class='ocrx_word' id='word_1_594' title='bbox 2290 4191 2519 4236; x_wconf 67' lang='lat' dir='ltr'><strong>tuenda.</strong></span> 
     </span>
    </p>
   </div>
   <div class='ocr_carea' id='block_1_79' title="bbox 2196 4291 3689 4367">
    <p class='ocr_par' dir='ltr' id='par_1_79' title="bbox 2196 4291 3689 4367">
     <span class='ocr_line' id='line_1_81' title="bbox 2196 4291 3689 4367; baseline 0.005 -18"><span class='ocrx_word' id='word_1_595' title='bbox 2196 4291 2307 4351; x_wconf 88' lang='lat' dir='ltr'><strong>Nec</strong></span> <span class='ocrx_word' id='word_1_596' title='bbox 2332 4310 2499 4367; x_wconf 88' lang='lat' dir='ltr'><strong>porro</strong></span> <span class='ocrx_word' id='word_1_597' title='bbox 2522 4296 2665 4353; x_wconf 86' lang='lat' dir='ltr'><strong>idem</strong></span> <span class='ocrx_word' id='word_1_598' title='bbox 2696 4297 2784 4355; x_wconf 87' lang='lat' dir='ltr'><strong>his</strong></span> <span class='ocrx_word' id='word_1_599' title='bbox 2816 4300 3105 4359; x_wconf 90' lang='lat' dir='ltr'><strong>conatibus</strong></span> <span class='ocrx_word' id='word_1_600' title='bbox 3138 4309 3259 4358; x_wconf 81' lang='lat' dir='ltr'><strong>arte</strong></span> <span class='ocrx_word' id='word_1_601' title='bbox 3296 4301 3526 4360; x_wconf 84' lang='lat' dir='ltr'><strong>Martem</strong></span> <span class='ocrx_word' id='word_1_602' title='bbox 3548 4318 3689 4358; x_wconf 87' lang='lat' dir='ltr'><strong>aver—</strong></span> 
     </span>
    </p>
   </div>
   <div class='ocr_carea' id='block_1_80' title="bbox 2126 4385 3686 4468">
    <p class='ocr_par' dir='ltr' id='par_1_80' title="bbox 2126 4385 3686 4468">
     <span class='ocr_line' id='line_1_82' title="bbox 2126 4385 3686 4468; baseline 0.004 -27"><span class='ocrx_word' id='word_1_603' title='bbox 2126 4385 2276 4441; x_wconf 86' lang='lat' dir='ltr'><strong>tendi</strong></span> <span class='ocrx_word' id='word_1_604' title='bbox 2336 4387 2473 4441; x_wconf 82' lang='lat' dir='ltr'><strong>adeo</strong></span> <span class='ocrx_word' id='word_1_605' title='bbox 2530 4387 2914 4446; x_wconf 84' lang='lat' dir='ltr'><strong>confidendum</strong></span> <span class='ocrx_word' id='word_1_606' title='bbox 2974 4394 3188 4463; x_wconf 80' lang='lat' dir='ltr'><strong>putavit</strong></span> <span class='ocrx_word' id='word_1_607' title='bbox 3242 4404 3508 4468; x_wconf 89' lang='lat' dir='ltr'><strong>tanquam</strong></span> <span class='ocrx_word' id='word_1_608' title='bbox 3559 4394 3686 4451; x_wconf 88' lang='lat' dir='ltr'><strong>haud</strong></span> 
     </span>
    </p>
   </div>
   <div class='ocr_carea' id='block_1_81' title="bbox 2126 4475 3800 4558">
    <p class='ocr_par' dir='ltr' id='par_1_81' title="bbox 2126 4475 3800 4558">
     <span class='ocr_line' id='line_1_83' title="bbox 2126 4475 3800 4558; baseline 0.005 -26"><span class='ocrx_word' id='word_1_609' title='bbox 2126 4475 2294 4533; x_wconf 85' lang='lat' dir='ltr'><strong>dubie</strong></span> <span class='ocrx_word' id='word_1_610' title='bbox 2323 4492 2640 4533; x_wconf 87' lang='lat' dir='ltr'><strong>successum</strong></span> <span class='ocrx_word' id='word_1_611' title='bbox 2674 4489 2921 4550; x_wconf 89' lang='lat' dir='ltr'><strong>optatum</strong></span> <span class='ocrx_word' id='word_1_612' title='bbox 2958 4481 3251 4551; x_wconf 82' lang='lat' dir='ltr'><strong>habituris,</strong></span> <span class='ocrx_word' id='word_1_613' title='bbox 3303 4497 3366 4542; x_wconf 90' lang='lat' dir='ltr'><strong>ut</strong></span> <span class='ocrx_word' id='word_1_614' title='bbox 3414 4497 3689 4558; x_wconf 86' lang='lat' dir='ltr'><strong>apparatus</strong></span> <span class='ocrx_word' id='word_1_615' title='bbox 3794 4475 3800 4481; x_wconf 66' lang='grc'><em>’</em></span> 
     </span>
    </p>
   </div>
   <div class='ocr_carea' id='block_1_82' title="bbox 432 4570 3690 4663">
    <p class='ocr_par' dir='ltr' id='par_1_82' title="bbox 432 4570 3690 4663">
     <span class='ocr_line' id='line_1_84' title="bbox 432 4570 3690 4663; baseline 0.001 -35"><span class='ocrx_word' id='word_1_616' title='bbox 432 4581 612 4651; x_wconf 77' lang='lat' dir='ltr'><strong>campi</strong></span> <span class='ocrx_word' id='word_1_617' title='bbox 646 4595 662 4637; x_wconf 72' lang='grc' dir='ltr'>ι</span> <span class='ocrx_word' id='word_1_618' title='bbox 691 4589 799 4634; x_wconf 84' lang='lat' dir='ltr'><strong>tam</strong></span> <span class='ocrx_word' id='word_1_619' title='bbox 832 4579 889 4634; x_wconf 92' lang='lat' dir='ltr'><strong>in</strong></span> <span class='ocrx_word' id='word_1_620' title='bbox 924 4593 1047 4637; x_wconf 83' lang='lat' dir='ltr'><strong>eam</strong></span> <span class='ocrx_word' id='word_1_621' title='bbox 1096 4577 1253 4634; x_wconf 90' lang='lat' dir='ltr'><strong>multi</strong></span> <span class='ocrx_word' id='word_1_622' title='bbox 1306 4579 1555 4650; x_wconf 88' lang='lat' dir='ltr'><strong>quotidie</strong></span> <span class='ocrx_word' id='word_1_623' title='bbox 1591 4578 1789 4649; x_wconf 90' lang='lat' dir='ltr'><strong>partim</strong></span> <span class='ocrx_word' id='word_1_624' title='bbox 1837 4577 2018 4633; x_wconf 88' lang='lat' dir='ltr'><strong>hostili</strong></span> <span class='ocrx_word' id='word_1_625' title='bbox 2046 4600 2101 4663; x_wconf 65' lang='grc' dir='ltr'><strong><em>Β</em></strong></span> <span class='ocrx_word' id='word_1_626' title='bbox 2125 4570 2425 4643; x_wconf 86' lang='lat' dir='ltr'><strong>negligeret</strong></span> <span class='ocrx_word' id='word_1_627' title='bbox 2448 4570 2674 4627; x_wconf 86' lang='lat' dir='ltr'><strong>bellicos</strong></span> <span class='ocrx_word' id='word_1_628' title='bbox 2708 4586 2724 4626; x_wconf 90' lang='lat'><strong>:</strong></span> <span class='ocrx_word' id='word_1_629' title='bbox 2754 4572 2920 4629; x_wconf 87' lang='lat' dir='ltr'><strong>simul</strong></span> <span class='ocrx_word' id='word_1_630' title='bbox 2949 4575 3096 4649; x_wconf 85' lang='lat' dir='ltr'><strong>enim</strong></span> <span class='ocrx_word' id='word_1_631' title='bbox 3126 4579 3482 4647; x_wconf 80' lang='lat' dir='ltr'><strong>providendis</strong></span> <span class='ocrx_word' id='word_1_632' title='bbox 3513 4582 3564 4633; x_wconf 92' lang='lat' dir='ltr'><strong>iu</strong></span> <span class='ocrx_word' id='word_1_633' title='bbox 3590 4594 3690 4633; x_wconf 84' lang='lat' dir='ltr'><strong>om-</strong></span> 
     </span>
    </p>
   </div>
   <div class='ocr_carea' id='block_1_83' title="bbox 432 4665 3688 4743">
    <p class='ocr_par' dir='ltr' id='par_1_83' title="bbox 432 4665 3688 4743">
     <span class='ocr_line' id='line_1_85' title="bbox 432 4665 3688 4743; baseline 0.002 -15"><span class='ocrx_word' id='word_1_634' title='bbox 432 4674 558 4728; x_wconf 62' lang='grc' dir='ltr'><strong>(τοθί</strong></span> <span class='ocrx_word' id='word_1_635' title='bbox 598 4671 764 4733; x_wconf 87' lang='lat' dir='ltr'><strong>ferro,</strong></span> <span class='ocrx_word' id='word_1_636' title='bbox 804 4673 1002 4741; x_wconf 86' lang='lat' dir='ltr'><strong>partim</strong></span> <span class='ocrx_word' id='word_1_637' title='bbox 1035 4669 1125 4725; x_wconf 84' lang='lat' dir='ltr'><strong>lue</strong></span> <span class='ocrx_word' id='word_1_638' title='bbox 1151 4669 1415 4740; x_wconf 81' lang='lat' dir='ltr'><strong>peStifera</strong></span> <span class='ocrx_word' id='word_1_639' title='bbox 1463 4668 1718 4726; x_wconf 83' lang='lat' dir='ltr'><strong>exstincti</strong></span> <span class='ocrx_word' id='word_1_640' title='bbox 1756 4666 2020 4724; x_wconf 83' lang='lat' dir='ltr'><strong>devolve-</strong></span> <span class='ocrx_word' id='word_1_641' title='bbox 2123 4680 2248 4720; x_wconf 90' lang='lat' dir='ltr'><strong>nem</strong></span> <span class='ocrx_word' id='word_1_642' title='bbox 2275 4676 2528 4720; x_wconf 85' lang='lat' dir='ltr'><strong>eventum</strong></span> <span class='ocrx_word' id='word_1_643' title='bbox 2558 4681 2681 4735; x_wconf 79' lang='lat' dir='ltr'><strong>quae</strong></span> <span class='ocrx_word' id='word_1_644' title='bbox 2728 4665 2797 4720; x_wconf 90' lang='lat' dir='ltr'><strong>ad</strong></span> <span class='ocrx_word' id='word_1_645' title='bbox 2851 4667 2961 4722; x_wconf 88' lang='lat' dir='ltr'><strong>vim</strong></span> <span class='ocrx_word' id='word_1_646' title='bbox 2993 4670 3283 4725; x_wconf 85' lang='lat' dir='ltr'><strong>arcendam</strong></span> <span class='ocrx_word' id='word_1_647' title='bbox 3315 4686 3458 4743; x_wconf 89' lang='lat' dir='ltr'><strong>opus</strong></span> <span class='ocrx_word' id='word_1_648' title='bbox 3500 4680 3688 4735; x_wconf 63' lang='lat' dir='ltr'><strong>essent.</strong></span> 
     </span>
    </p>
   </div>
   <div class='ocr_carea' id='block_1_84' title="bbox 431 4758 2018 4833">
    <p class='ocr_par' dir='ltr' id='par_1_84' title="bbox 431 4758 2018 4833">
     <span class='ocr_line' id='line_1_86' title="bbox 431 4758 2018 4833; baseline -0.003 -14"><span class='ocrx_word' id='word_1_649' title='bbox 431 4765 659 4819; x_wconf 87' lang='lat' dir='ltr'><strong>bantur.</strong></span> <span class='ocrx_word' id='word_1_650' title='bbox 710 4761 975 4833; x_wconf 76' lang='lat' dir='ltr'><strong>Vigebant</strong></span> <span class='ocrx_word' id='word_1_651' title='bbox 1038 4772 1222 4818; x_wconf 92' lang='lat' dir='ltr'><strong>tamen</strong></span> <span class='ocrx_word' id='word_1_652' title='bbox 1266 4761 1470 4817; x_wconf 85' lang='lat' dir='ltr'><strong>animis</strong></span> <span class='ocrx_word' id='word_1_653' title='bbox 1519 4759 1751 4832; x_wconf 88' lang='lat' dir='ltr'><strong>reliqui;</strong></span> <span class='ocrx_word' id='word_1_654' title='bbox 1799 4768 1858 4815; x_wconf 88' lang='lat' dir='ltr'><strong>et</strong></span> <span class='ocrx_word' id='word_1_655' title='bbox 1914 4758 2018 4815; x_wconf 86' lang='lat' dir='ltr'><strong>sibi</strong></span> 
     </span>
    </p>
   </div>
   <div class='ocr_carea' id='block_1_85' title="bbox 430 4855 2017 4930">
    <p class='ocr_par' dir='ltr' id='par_1_85' title="bbox 430 4855 2017 4930">
     <span class='ocr_line' id='line_1_87' title="bbox 430 4855 2017 4930; baseline -0.003 -18"><span class='ocrx_word' id='word_1_656' title='bbox 430 4856 638 4912; x_wconf 74' lang='lat' dir='ltr'><strong>conscii</strong></span> <span class='ocrx_word' id='word_1_657' title='bbox 666 4873 765 4927; x_wconf 92' lang='lat' dir='ltr'><strong>pro</strong></span> <span class='ocrx_word' id='word_1_658' title='bbox 799 4858 980 4913; x_wconf 90' lang='lat' dir='ltr'><strong>erucis</strong></span> <span class='ocrx_word' id='word_1_659' title='bbox 1014 4857 1185 4930; x_wconf 79' lang='lat' dir='ltr'><strong>gloria</strong></span> <span class='ocrx_word' id='word_1_660' title='bbox 1235 4855 1536 4928; x_wconf 86' lang='lat' dir='ltr'><strong>periclitari</strong></span> <span class='ocrx_word' id='word_1_661' title='bbox 1591 4869 1733 4919; x_wconf 83' lang='lat' dir='ltr'><strong>sese,</strong></span> <span class='ocrx_word' id='word_1_662' title='bbox 1767 4855 2017 4910; x_wconf 86' lang='lat' dir='ltr'><strong>ardorem</strong></span> 
     </span>
    </p>
   </div>
   <div class='ocr_carea' id='block_1_86' title="bbox 432 4943 2020 5024">
    <p class='ocr_par' dir='ltr' id='par_1_86' title="bbox 432 4943 2020 5024">
     <span class='ocr_line' id='line_1_88' title="bbox 432 4943 2020 5024; baseline -0.004 -13"><span class='ocrx_word' id='word_1_663' title='bbox 432 4943 832 5024; x_wconf 82' lang='lat' dir='ltr'><strong>audaciamque</strong></span> <span class='ocrx_word' id='word_1_664' title='bbox 882 4971 911 5008; x_wconf 76' lang='grc' dir='ltr'><strong>τι</strong></span> <span class='ocrx_word' id='word_1_665' title='bbox 963 4969 1130 5010; x_wconf 82' lang='lat' dir='ltr'><strong>causa</strong></span> <span class='ocrx_word' id='word_1_666' title='bbox 1185 4952 1312 5009; x_wconf 89' lang='lat' dir='ltr'><strong>belli</strong></span> <span class='ocrx_word' id='word_1_667' title='bbox 1359 4951 1669 5013; x_wconf 86' lang='lat' dir='ltr'><strong>trahentes,</strong></span> <span class='ocrx_word' id='word_1_668' title='bbox 1717 4948 2020 5005; x_wconf 88' lang='lat' dir='ltr'><strong>fortissime</strong></span> 
     </span>
    </p>
   </div>
   <div class='ocr_carea' id='block_1_87' title="bbox 431 5040 2020 5116">
    <p class='ocr_par' dir='ltr' id='par_1_87' title="bbox 431 5040 2020 5116">
     <span class='ocr_line' id='line_1_89' title="bbox 431 5040 2020 5116; baseline -0.004 -15"><span class='ocrx_word' id='word_1_669' title='bbox 431 5046 703 5101; x_wconf 81' lang='lat' dir='ltr'><strong>adversus</strong></span> <span class='ocrx_word' id='word_1_670' title='bbox 741 5045 1093 5116; x_wconf 76' lang='lat' dir='ltr'><strong>quantumvis</strong></span> <span class='ocrx_word' id='word_1_671' title='bbox 1127 5044 1361 5099; x_wconf 64' lang='lat' dir='ltr'><strong>fortuna:</strong></span> <span class='ocrx_word' id='word_1_672' title='bbox 1391 5040 1734 5112; x_wconf 87' lang='lat' dir='ltr'><strong>iniquitatem</strong></span> <span class='ocrx_word' id='word_1_673' title='bbox 1765 5040 2020 5096; x_wconf 84' lang='lat' dir='ltr'><strong>niteban-</strong></span> 
     </span>
    </p>
   </div>
   <div class='ocr_carea' id='block_1_88' title="bbox 434 5131 2016 5192">
    <p class='ocr_par' dir='ltr' id='par_1_88' title="bbox 434 5131 2016 5192">
     <span class='ocr_line' id='line_1_90' title="bbox 434 5131 2016 5192; baseline -0.003 -1"><span class='ocrx_word' id='word_1_674' title='bbox 434 5151 543 5192; x_wconf 87' lang='lat' dir='ltr'><strong>tur.</strong></span> <span class='ocrx_word' id='word_1_675' title='bbox 578 5136 694 5191; x_wconf 69' lang='lat' dir='ltr'><strong>llex</strong></span> <span class='ocrx_word' id='word_1_676' title='bbox 755 5137 973 5192; x_wconf 88' lang='lat' dir='ltr'><strong>interim</strong></span> <span class='ocrx_word' id='word_1_677' title='bbox 1021 5134 1219 5191; x_wconf 88' lang='lat' dir='ltr'><strong>morbo</strong></span> <span class='ocrx_word' id='word_1_678' title='bbox 1257 5132 1634 5190; x_wconf 84' lang='lat' dir='ltr'><strong>invalescente</strong></span> <span class='ocrx_word' id='word_1_679' title='bbox 1665 5131 1720 5187; x_wconf 92' lang='lat' dir='ltr'><strong>in</strong></span> <span class='ocrx_word' id='word_1_680' title='bbox 1761 5147 1888 5186; x_wconf 90' lang='lat' dir='ltr'><strong>eum</strong></span> <span class='ocrx_word' id='word_1_681' title='bbox 1927 5147 2016 5187; x_wconf 78' lang='lat' dir='ltr'><strong>re-</strong></span> 
     </span>
    </p>
   </div>
   <div class='ocr_carea' id='block_1_89' title="bbox 432 5223 2016 5297">
    <p class='ocr_par' dir='ltr' id='par_1_89' title="bbox 432 5223 2016 5297">
     <span class='ocr_line' id='line_1_91' title="bbox 432 5223 2016 5297; baseline -0.004 -12"><span class='ocrx_word' id='word_1_682' title='bbox 432 5231 631 5287; x_wconf 77' lang='lat' dir='ltr'><strong>dactus</strong></span> <span class='ocrx_word' id='word_1_683' title='bbox 678 5236 883 5283; x_wconf 87' lang='lat' dir='ltr'><strong>statum</strong></span> <span class='ocrx_word' id='word_1_684' title='bbox 916 5237 976 5282; x_wconf 90' lang='lat' dir='ltr'><strong>ut</strong></span> <span class='ocrx_word' id='word_1_685' title='bbox 1009 5227 1080 5282; x_wconf 92' lang='lat' dir='ltr'><strong>de</strong></span> <span class='ocrx_word' id='word_1_686' title='bbox 1109 5227 1221 5281; x_wconf 86' lang='lat' dir='ltr'><strong>vita</strong></span> <span class='ocrx_word' id='word_1_687' title='bbox 1258 5226 1381 5297; x_wconf 89' lang='lat' dir='ltr'><strong>ejus</strong></span> <span class='ocrx_word' id='word_1_688' title='bbox 1423 5226 1836 5295; x_wconf 83' lang='lat' dir='ltr'><strong>desperaretur,</strong></span> <span class='ocrx_word' id='word_1_689' title='bbox 1881 5223 2016 5278; x_wconf 87' lang='lat' dir='ltr'><strong>allo-</strong></span> 
     </span>
    </p>
   </div>
   <div class='ocr_carea' id='block_1_90' title="bbox 431 5314 2019 5391">
    <p class='ocr_par' dir='ltr' id='par_1_90' title="bbox 431 5314 2019 5391">
     <span class='ocr_line' id='line_1_92' title="bbox 431 5314 2019 5391; baseline -0.004 -15"><span class='ocrx_word' id='word_1_690' title='bbox 431 5332 595 5377; x_wconf 83' lang='lat' dir='ltr'><strong>cutus</strong></span> <span class='ocrx_word' id='word_1_691' title='bbox 635 5331 821 5375; x_wconf 88' lang='lat' dir='ltr'><strong>tamen</strong></span> <span class='ocrx_word' id='word_1_692' title='bbox 869 5319 1072 5391; x_wconf 88' lang='lat' dir='ltr'><strong>legatos</strong></span> <span class='ocrx_word' id='word_1_693' title='bbox 1101 5326 1207 5382; x_wconf 86' lang='lat' dir='ltr'><strong>est.</strong></span> <span class='ocrx_word' id='word_1_694' title='bbox 1256 5331 1506 5389; x_wconf 84' lang='lat' dir='ltr'><strong>magnam</strong></span> <span class='ocrx_word' id='word_1_695' title='bbox 1549 5314 1849 5371; x_wconf 88' lang='lat' dir='ltr'><strong>ostendens</strong></span> <span class='ocrx_word' id='word_1_696' title='bbox 1894 5329 2019 5384; x_wconf 82' lang='lat' dir='ltr'><strong>pro-</strong></span> 
     </span>
    </p>
   </div>
   <div class='ocr_carea' id='block_1_91' title="bbox 429 5391 2019 5486">
    <p class='ocr_par' dir='ltr' id='par_1_91' title="bbox 429 5391 2019 5486">
     <span class='ocr_line' id='line_1_93' title="bbox 429 5391 2019 5486; baseline -0.003 -21"><span class='ocrx_word' id='word_1_697' title='bbox 429 5391 753 5486; x_wconf 84' lang='lat' dir='ltr'><strong>pensionem</strong></span> <span class='ocrx_word' id='word_1_698' title='bbox 789 5409 856 5465; x_wconf 90' lang='lat' dir='ltr'><strong>ad</strong></span> <span class='ocrx_word' id='word_1_699' title='bbox 875 5423 1068 5480; x_wconf 89' lang='lat' dir='ltr'><strong>pacem</strong></span> <span class='ocrx_word' id='word_1_700' title='bbox 1097 5408 1244 5464; x_wconf 90' lang='lat' dir='ltr'><strong>inter</strong></span> <span class='ocrx_word' id='word_1_701' title='bbox 1264 5407 1656 5479; x_wconf 89' lang='lat' dir='ltr'><strong>imperatorem</strong></span> <span class='ocrx_word' id='word_1_702' title='bbox 1684 5407 2019 5476; x_wconf 86' lang='lat' dir='ltr'><strong>fratremque</strong></span> 
     </span>
    </p>
   </div>
   <div class='ocr_carea' id='block_1_92' title="bbox 433 5498 2020 5577">
    <p class='ocr_par' dir='ltr' id='par_1_92' title="bbox 433 5498 2020 5577">
     <span class='ocr_line' id='line_1_94' title="bbox 433 5498 2020 5577; baseline -0.002 -19"><span class='ocrx_word' id='word_1_703' title='bbox 433 5505 862 5577; x_wconf 76' lang='lat' dir='ltr'><strong>procurandum.</strong></span> <span class='ocrx_word' id='word_1_704' title='bbox 920 5501 1161 5573; x_wconf 86' lang='lat' dir='ltr'><strong>Eamque</strong></span> <span class='ocrx_word' id='word_1_705' title='bbox 1188 5498 1633 5558; x_wconf 89' lang='lat' dir='ltr'><strong>conciliationem</strong></span> <span class='ocrx_word' id='word_1_706' title='bbox 1670 5515 1770 5571; x_wconf 88' lang='lat' dir='ltr'><strong>pro</strong></span> <span class='ocrx_word' id='word_1_707' title='bbox 1807 5500 2020 5557; x_wconf 87' lang='lat' dir='ltr'><strong>viribus</strong></span> 
     </span>
    </p>
   </div>
   <div class='ocr_carea' id='block_1_93' title="bbox 433 5588 2017 5667">
    <p class='ocr_par' dir='ltr' id='par_1_93' title="bbox 433 5588 2017 5667">
     <span class='ocr_line' id='line_1_95' title="bbox 433 5588 2017 5667; baseline -0.003 -14"><span class='ocrx_word' id='word_1_708' title='bbox 433 5612 497 5653; x_wconf 86' lang='lat' dir='ltr'><strong>se</strong></span> <span class='ocrx_word' id='word_1_709' title='bbox 558 5603 974 5667; x_wconf 85' lang='lat' dir='ltr'><strong>promoturbm,</strong></span> <span class='ocrx_word' id='word_1_710' title='bbox 1029 5596 1074 5651; x_wconf 89' lang='lat' dir='ltr'><strong>si</strong></span> <span class='ocrx_word' id='word_1_711' title='bbox 1131 5594 1243 5649; x_wconf 90' lang='lat' dir='ltr'><strong>vita</strong></span> <span class='ocrx_word' id='word_1_712' title='bbox 1310 5602 1675 5662; x_wconf 88' lang='lat' dir='ltr'><strong>suppeteret.</strong></span> <span class='ocrx_word' id='word_1_713' title='bbox 1743 5588 2017 5661; x_wconf 78' lang='lat' dir='ltr'><strong>promisit,</strong></span> 
     </span>
    </p>
   </div>
   <div class='ocr_carea' id='block_1_94' title="bbox 429 5686 2015 5760">
    <p class='ocr_par' dir='ltr' id='par_1_94' title="bbox 429 5686 2015 5760">
     <span class='ocr_line' id='line_1_96' title="bbox 429 5686 2015 5760; baseline 0 -16"><span class='ocrx_word' id='word_1_714' title='bbox 429 5698 754 5760; x_wconf 80' lang='lat' dir='ltr'><strong>exspectare</strong></span> <span class='ocrx_word' id='word_1_715' title='bbox 795 5688 1008 5744; x_wconf 89' lang='lat' dir='ltr'><strong>interea</strong></span> <span class='ocrx_word' id='word_1_716' title='bbox 1052 5688 1207 5759; x_wconf 92' lang='lat' dir='ltr'><strong>ipsos</strong></span> <span class='ocrx_word' id='word_1_717' title='bbox 1249 5697 1306 5743; x_wconf 91' lang='lat' dir='ltr'><strong>et</strong></span> <span class='ocrx_word' id='word_1_718' title='bbox 1349 5688 1632 5756; x_wconf 81' lang='lat' dir='ltr'><strong>quiescere</strong></span> <span class='ocrx_word' id='word_1_719' title='bbox 1675 5686 1894 5756; x_wconf 73' lang='lat' dir='ltr'><strong>iubens.</strong></span> <span class='ocrx_word' id='word_1_720' title='bbox 1934 5689 2015 5744; x_wconf 87' lang='lat' dir='ltr'><strong>Ab</strong></span> 
     </span>
    </p>
   </div>
   <div class='ocr_carea' id='block_1_95' title="bbox 430 5775 2015 5851">
    <p class='ocr_par' dir='ltr' id='par_1_95' title="bbox 430 5775 2015 5851">
     <span class='ocr_line' id='line_1_97' title="bbox 430 5775 2015 5851; baseline -0.003 -15"><span class='ocrx_word' id='word_1_721' title='bbox 430 5777 523 5836; x_wconf 87' lang='lat' dir='ltr'><strong>his</strong></span> <span class='ocrx_word' id='word_1_722' title='bbox 566 5777 733 5834; x_wconf 87' lang='lat' dir='ltr'><strong>dictis</strong></span> <span class='ocrx_word' id='word_1_723' title='bbox 776 5788 998 5851; x_wconf 89' lang='lat' dir='ltr'><strong>postera</strong></span> <span class='ocrx_word' id='word_1_724' title='bbox 1054 5778 1103 5832; x_wconf 92' lang='lat' dir='ltr'><strong>ei</strong></span> <span class='ocrx_word' id='word_1_725' title='bbox 1158 5777 1280 5832; x_wconf 90' lang='lat' dir='ltr'><strong>dies</strong></span> <span class='ocrx_word' id='word_1_726' title='bbox 1332 5792 1589 5847; x_wconf 86' lang='lat' dir='ltr'><strong>suprema</strong></span> <span class='ocrx_word' id='word_1_727' title='bbox 1634 5775 1831 5845; x_wconf 77' lang='lat' dir='ltr'><strong>illuxit.</strong></span> <span class='ocrx_word' id='word_1_728' title='bbox 1870 5776 2015 5850; x_wconf 77' lang='lat' dir='ltr'><strong>Rege</strong></span> 
     </span>
    </p>
   </div>
   <div class='ocr_carea' id='block_1_96' title="bbox 431 5855 2014 5944">
    <p class='ocr_par' dir='ltr' id='par_1_96' title="bbox 431 5855 2014 5944">
     <span class='ocr_line' id='line_1_98' title="bbox 431 5855 2014 5944; baseline -0.001 -14"><span class='ocrx_word' id='word_1_729' title='bbox 431 5880 671 5940; x_wconf 82' lang='lat' dir='ltr'><strong>mortuo,</strong></span> <span class='ocrx_word' id='word_1_730' title='bbox 725 5872 821 5944; x_wconf 89' lang='lat' dir='ltr'><strong>qui</strong></span> <span class='ocrx_word' id='word_1_731' title='bbox 865 5870 912 5927; x_wconf 91' lang='lat' dir='ltr'><strong>ei</strong></span> <span class='ocrx_word' id='word_1_732' title='bbox 964 5871 1239 5937; x_wconf 84' lang='lat' dir='ltr'><strong>astabant,</strong></span> <span class='ocrx_word' id='word_1_733' title='bbox 1299 5855 1544 5926; x_wconf 80' lang='lat' dir='ltr'><strong>defunCti</strong></span> <span class='ocrx_word' id='word_1_734' title='bbox 1608 5869 1867 5937; x_wconf 84' lang='lat' dir='ltr'><strong>cadaver,</strong></span> <span class='ocrx_word' id='word_1_735' title='bbox 1915 5886 2014 5943; x_wconf 85' lang='lat' dir='ltr'><strong>pro</strong></span> 
     </span>
    </p>
   </div>
   <div class='ocr_carea' id='block_1_97' title="bbox 2120 4758 3689 4830">
    <p class='ocr_par' dir='ltr' id='par_1_97' title="bbox 2120 4758 3689 4830">
     <span class='ocr_line' id='line_1_99' title="bbox 2120 4758 3689 4830; baseline 0.004 -17"><span class='ocrx_word' id='word_1_736' title='bbox 2120 4758 2436 4830; x_wconf 88' lang='lat' dir='ltr'><strong>diligentem</strong></span> <span class='ocrx_word' id='word_1_737' title='bbox 2467 4758 2733 4829; x_wconf 90' lang='lat' dir='ltr'><strong>impendit</strong></span> <span class='ocrx_word' id='word_1_738' title='bbox 2760 4776 3006 4830; x_wconf 90' lang='lat' dir='ltr'><strong>operam.</strong></span> <span class='ocrx_word' id='word_1_739' title='bbox 3037 4760 3284 4819; x_wconf 89' lang='lat' dir='ltr'><strong>Primum</strong></span> <span class='ocrx_word' id='word_1_740' title='bbox 3321 4766 3567 4821; x_wconf 88' lang='lat' dir='ltr'><strong>omnium</strong></span> <span class='ocrx_word' id='word_1_741' title='bbox 3586 4764 3689 4819; x_wconf 84' lang='lat' dir='ltr'><strong>fru-</strong></span> 
     </span>
    </p>
   </div>
   <div class='ocr_carea' id='block_1_98' title="bbox 2122 4851 3689 4929">
    <p class='ocr_par' dir='ltr' id='par_1_98' title="bbox 2122 4851 3689 4929">
     <span class='ocr_line' id='line_1_100' title="bbox 2122 4851 3689 4929; baseline 0.004 -23"><span class='ocrx_word' id='word_1_742' title='bbox 2122 4860 2367 4906; x_wconf 88' lang='lat' dir='ltr'><strong>mentum</strong></span> <span class='ocrx_word' id='word_1_743' title='bbox 2429 4851 2635 4907; x_wconf 81' lang='lat' dir='ltr'><strong>invexit</strong></span> <span class='ocrx_word' id='word_1_744' title='bbox 2674 4853 2730 4907; x_wconf 92' lang='lat' dir='ltr'><strong>in</strong></span> <span class='ocrx_word' id='word_1_745' title='bbox 2777 4853 2966 4910; x_wconf 89' lang='lat' dir='ltr'><strong>urbem</strong></span> <span class='ocrx_word' id='word_1_746' title='bbox 3008 4865 3160 4912; x_wconf 89' lang='lat' dir='ltr'><strong>tanta</strong></span> <span class='ocrx_word' id='word_1_747' title='bbox 3203 4859 3386 4929; x_wconf 84' lang='lat' dir='ltr'><strong>copia,</strong></span> <span class='ocrx_word' id='word_1_748' title='bbox 3442 4869 3504 4914; x_wconf 91' lang='lat' dir='ltr'><strong>ut</strong></span> <span class='ocrx_word' id='word_1_749' title='bbox 3555 4858 3689 4928; x_wconf 91' lang='lat' dir='ltr'><strong>quod</strong></span> 
     </span>
    </p>
   </div>
   <div class='ocr_carea' id='block_1_99' title="bbox 2120 4941 3686 5020">
    <p class='ocr_par' dir='ltr' id='par_1_99' title="bbox 2120 4941 3686 5020">
     <span class='ocr_line' id='line_1_101' title="bbox 2120 4941 3686 5020; baseline 0.003 -23"><span class='ocrx_word' id='word_1_750' title='bbox 2120 4942 2190 4997; x_wconf 90' lang='lat' dir='ltr'><strong>ab</strong></span> <span class='ocrx_word' id='word_1_751' title='bbox 2223 4941 2441 4998; x_wconf 85' lang='lat' dir='ltr'><strong>horreis</strong></span> <span class='ocrx_word' id='word_1_752' title='bbox 2495 4943 2729 5013; x_wconf 86' lang='lat' dir='ltr'><strong>publicis</strong></span> <span class='ocrx_word' id='word_1_753' title='bbox 2785 4954 2840 4999; x_wconf 90' lang='lat' dir='ltr'><strong>et</strong></span> <span class='ocrx_word' id='word_1_754' title='bbox 2884 4947 3129 5003; x_wconf 91' lang='lat' dir='ltr'><strong>turribus</strong></span> <span class='ocrx_word' id='word_1_755' title='bbox 3191 4951 3427 5020; x_wconf 76' lang='lat' dir='ltr'><strong>expletis</strong></span> <span class='ocrx_word' id='word_1_756' title='bbox 3469 4952 3686 5005; x_wconf 88' lang='lat' dir='ltr'><strong>multum</strong></span> 
     </span>
    </p>
   </div>
   <div class='ocr_carea' id='block_1_100' title="bbox 2120 5032 3687 5114">
    <p class='ocr_par' dir='ltr' id='par_1_100' title="bbox 2120 5032 3687 5114">
     <span class='ocr_line' id='line_1_102' title="bbox 2120 5032 3687 5114; baseline 0.006 -27"><span class='ocrx_word' id='word_1_757' title='bbox 2120 5032 2299 5089; x_wconf 89' lang='lat' dir='ltr'><strong>adhuc</strong></span> <span class='ocrx_word' id='word_1_758' title='bbox 2336 5043 2641 5104; x_wconf 86' lang='lat' dir='ltr'><strong>supererat,</strong></span> <span class='ocrx_word' id='word_1_759' title='bbox 2689 5036 2987 5107; x_wconf 87' lang='lat' dir='ltr'><strong>deponeret</strong></span> <span class='ocrx_word' id='word_1_760' title='bbox 3017 5041 3160 5111; x_wconf 87' lang='lat' dir='ltr'><strong>apud</strong></span> <span class='ocrx_word' id='word_1_761' title='bbox 3185 5042 3333 5099; x_wconf 87' lang='lat' dir='ltr'><strong>cives</strong></span> <span class='ocrx_word' id='word_1_762' title='bbox 3357 5044 3576 5114; x_wconf 85' lang='lat' dir='ltr'><strong>signato</strong></span> <span class='ocrx_word' id='word_1_763' title='bbox 3593 5060 3687 5096; x_wconf 52' lang='lat' dir='ltr'><strong>nu‘</strong></span> 
     </span>
    </p>
   </div>
   <div class='ocr_carea' id='block_1_101' title="bbox 2119 5130 3685 5204">
    <p class='ocr_par' dir='ltr' id='par_1_101' title="bbox 2119 5130 3685 5204">
     <span class='ocr_line' id='line_1_103' title="bbox 2119 5130 3685 5204; baseline 0.005 -26"><span class='ocrx_word' id='word_1_764' title='bbox 2119 5139 2297 5189; x_wconf 84' lang='lat' dir='ltr'><strong>mero,</strong></span> <span class='ocrx_word' id='word_1_765' title='bbox 2369 5130 2876 5197; x_wconf 63' lang='lat' dir='ltr'><strong>repraesentandqu</strong></span> <span class='ocrx_word' id='word_1_766' title='bbox 2932 5131 3002 5187; x_wconf 88' lang='lat' dir='ltr'><strong>ab</strong></span> <span class='ocrx_word' id='word_1_767' title='bbox 3050 5132 3185 5204; x_wconf 87' lang='lat' dir='ltr'><strong>ipsis</strong></span> <span class='ocrx_word' id='word_1_768' title='bbox 3229 5135 3346 5203; x_wconf 90' lang='lat' dir='ltr'><strong>pari</strong></span> <span class='ocrx_word' id='word_1_769' title='bbox 3419 5149 3685 5197; x_wconf 90' lang='lat' dir='ltr'><strong>mensura,</strong></span> 
     </span>
    </p>
   </div>
   <div class='ocr_carea' id='block_1_102' title="bbox 2118 5218 3688 5290">
    <p class='ocr_par' dir='ltr' id='par_1_102' title="bbox 2118 5218 3688 5290">
     <span class='ocr_line' id='line_1_104' title="bbox 2118 5218 3688 5290; baseline 0.008 -19"><span class='ocrx_word' id='word_1_770' title='bbox 2118 5218 2338 5288; x_wconf 87' lang='lat' dir='ltr'><strong>quando</strong></span> <span class='ocrx_word' id='word_1_771' title='bbox 2388 5228 2781 5290; x_wconf 88' lang='lat' dir='ltr'><strong>repeterentur.</strong></span> <span class='ocrx_word' id='word_1_772' title='bbox 2832 5222 3052 5282; x_wconf 80' lang='lat' dir='ltr'><strong>lnduxit</strong></span> <span class='ocrx_word' id='word_1_773' title='bbox 3104 5236 3160 5282; x_wconf 90' lang='lat' dir='ltr'><strong>et</strong></span> <span class='ocrx_word' id='word_1_774' title='bbox 3215 5232 3688 5287; x_wconf 83' lang='lat' dir='ltr'><strong>numerosissimos</strong></span> 
     </span>
    </p>
   </div>
   <div class='ocr_carea' id='block_1_103' title="bbox 2118 5315 3685 5389">
    <p class='ocr_par' dir='ltr' id='par_1_103' title="bbox 2118 5315 3685 5389">
     <span class='ocr_line' id='line_1_105' title="bbox 2118 5315 3685 5389; baseline 0.004 -24"><span class='ocrx_word' id='word_1_775' title='bbox 2118 5327 2279 5366; x_wconf 90' lang='lat' dir='ltr'><strong>suum</strong></span> <span class='ocrx_word' id='word_1_776' title='bbox 2312 5328 2527 5384; x_wconf 88' lang='lat' dir='ltr'><strong>greges,</strong></span> <span class='ocrx_word' id='word_1_777' title='bbox 2563 5330 2702 5385; x_wconf 91' lang='lat' dir='ltr'><strong>quos</strong></span> <span class='ocrx_word' id='word_1_778' title='bbox 2731 5315 2859 5371; x_wconf 90' lang='lat' dir='ltr'><strong>item</strong></span> <span class='ocrx_word' id='word_1_779' title='bbox 2896 5317 3108 5377; x_wconf 89' lang='lat' dir='ltr'><strong>civibus</strong></span> <span class='ocrx_word' id='word_1_780' title='bbox 3146 5320 3454 5389; x_wconf 87' lang='lat' dir='ltr'><strong>distribuit,</strong></span> <span class='ocrx_word' id='word_1_781' title='bbox 3511 5320 3685 5377; x_wconf 86' lang='lat' dir='ltr'><strong>decem</strong></span> 
     </span>
    </p>
   </div>
   <div class='ocr_carea' id='block_1_104' title="bbox 2117 5403 3687 5483">
    <p class='ocr_par' dir='ltr' id='par_1_104' title="bbox 2117 5403 3687 5483">
     <span class='ocr_line' id='line_1_106' title="bbox 2117 5403 3687 5483; baseline 0.004 -24"><span class='ocrx_word' id='word_1_782' title='bbox 2117 5403 2316 5476; x_wconf 89' lang='lat' dir='ltr'><strong>cuique</strong></span> <span class='ocrx_word' id='word_1_783' title='bbox 2362 5406 2485 5476; x_wconf 89' lang='lat' dir='ltr'><strong>plus</strong></span> <span class='ocrx_word' id='word_1_784' title='bbox 2542 5407 2794 5464; x_wconf 89' lang='lat' dir='ltr'><strong>minusve</strong></span> <span class='ocrx_word' id='word_1_785' title='bbox 2848 5411 3030 5480; x_wconf 87' lang='lat' dir='ltr'><strong>porcis</strong></span> <span class='ocrx_word' id='word_1_786' title='bbox 3072 5413 3392 5482; x_wconf 81' lang='lat' dir='ltr'><strong>assignatis.</strong></span> <span class='ocrx_word' id='word_1_787' title='bbox 3446 5412 3559 5470; x_wconf 80' lang='lat' dir='ltr'><strong>Hos</strong></span> <span class='ocrx_word' id='word_1_788' title='bbox 3602 5411 3687 5483; x_wconf 88' lang='lat' dir='ltr'><strong>qui</strong></span> 
     </span>
    </p>
   </div>
   <div class='ocr_carea' id='block_1_105' title="bbox 2118 5498 3689 5577">
    <p class='ocr_par' dir='ltr' id='par_1_105' title="bbox 2118 5498 3689 5577">
     <span class='ocr_line' id='line_1_107' title="bbox 2118 5498 3689 5577; baseline 0.004 -23"><span class='ocrx_word' id='word_1_789' title='bbox 2118 5498 2477 5569; x_wconf 88' lang='lat' dir='ltr'><strong>accipiebant,</strong></span> <span class='ocrx_word' id='word_1_790' title='bbox 2512 5502 2764 5558; x_wconf 90' lang='lat' dir='ltr'><strong>occidere</strong></span> <span class='ocrx_word' id='word_1_791' title='bbox 2798 5504 3092 5562; x_wconf 81' lang='lat' dir='ltr'><strong>confestim</strong></span> <span class='ocrx_word' id='word_1_792' title='bbox 3118 5507 3477 5577; x_wconf 88' lang='lat' dir='ltr'><strong>jubebantur,</strong></span> <span class='ocrx_word' id='word_1_793' title='bbox 3522 5516 3576 5563; x_wconf 91' lang='lat' dir='ltr'><strong>et</strong></span> <span class='ocrx_word' id='word_1_794' title='bbox 3599 5507 3689 5560; x_wconf 92' lang='lat' dir='ltr'><strong>in-</strong></span> 
     </span>
    </p>
   </div>
   <div class='ocr_carea' id='block_1_106' title="bbox 2120 5593 3683 5663">
    <p class='ocr_par' dir='ltr' id='par_1_106' title="bbox 2120 5593 3683 5663">
     <span class='ocr_line' id='line_1_108' title="bbox 2120 5593 3683 5663; baseline 0.004 -18"><span class='ocrx_word' id='word_1_795' title='bbox 2120 5594 2317 5647; x_wconf 88' lang='lat' dir='ltr'><strong>testina</strong></span> <span class='ocrx_word' id='word_1_796' title='bbox 2357 5593 2579 5663; x_wconf 85' lang='lat' dir='ltr'><strong>quidem</strong></span> <span class='ocrx_word' id='word_1_797' title='bbox 2615 5595 2719 5650; x_wconf 91' lang='lat' dir='ltr'><strong>sibi</strong></span> <span class='ocrx_word' id='word_1_798' title='bbox 2746 5595 2967 5663; x_wconf 87' lang='lat' dir='ltr'><strong>habere,</strong></span> <span class='ocrx_word' id='word_1_799' title='bbox 3024 5600 3270 5655; x_wconf 89' lang='lat' dir='ltr'><strong>membra</strong></span> <span class='ocrx_word' id='word_1_800' title='bbox 3315 5601 3495 5656; x_wconf 87' lang='lat' dir='ltr'><strong>solida</strong></span> <span class='ocrx_word' id='word_1_801' title='bbox 3539 5599 3683 5656; x_wconf 88' lang='lat' dir='ltr'><strong>salita</strong></span> 
     </span>
    </p>
   </div>
   <div class='ocr_carea' id='block_1_107' title="bbox 2117 5683 3684 5763">
    <p class='ocr_par' dir='ltr' id='par_1_107' title="bbox 2117 5683 3684 5763">
     <span class='ocr_line' id='line_1_109' title="bbox 2117 5683 3684 5763; baseline 0.004 -26"><span class='ocrx_word' id='word_1_802' title='bbox 2117 5683 2344 5755; x_wconf 90' lang='lat' dir='ltr'><strong>publico</strong></span> <span class='ocrx_word' id='word_1_803' title='bbox 2371 5700 2612 5743; x_wconf 86' lang='lat' dir='ltr'><strong>servare.</strong></span> <span class='ocrx_word' id='word_1_804' title='bbox 2674 5687 3002 5747; x_wconf 88' lang='lat' dir='ltr'><strong>lmmensam</strong></span> <span class='ocrx_word' id='word_1_805' title='bbox 3063 5693 3130 5748; x_wconf 89' lang='lat' dir='ltr'><strong>ad</strong></span> <span class='ocrx_word' id='word_1_806' title='bbox 3178 5692 3294 5749; x_wconf 75' lang='lat' dir='ltr'><strong>lucc</strong></span> <span class='ocrx_word' id='word_1_807' title='bbox 3361 5689 3684 5763; x_wconf 85' lang='lat' dir='ltr'><strong>comportari</strong></span> 
     </span>
    </p>
   </div>
   <div class='ocr_carea' id='block_1_108' title="bbox 2118 5776 3685 5856">
    <p class='ocr_par' dir='ltr' id='par_1_108' title="bbox 2118 5776 3685 5856">
     <span class='ocr_line' id='line_1_110' title="bbox 2118 5776 3685 5856; baseline 0.002 -24"><span class='ocrx_word' id='word_1_808' title='bbox 2118 5776 2327 5832; x_wconf 78' lang='lat' dir='ltr'><strong>curavit</strong></span> <span class='ocrx_word' id='word_1_809' title='bbox 2354 5794 2635 5836; x_wconf 90' lang='lat' dir='ltr'><strong>armorum</strong></span> <span class='ocrx_word' id='word_1_810' title='bbox 2662 5784 2844 5838; x_wconf 90' lang='lat' dir='ltr'><strong>omnis</strong></span> <span class='ocrx_word' id='word_1_811' title='bbox 2881 5782 3074 5839; x_wconf 63' lang='lat' dir='ltr'><strong>formae</strong></span> <span class='ocrx_word' id='word_1_812' title='bbox 3104 5784 3336 5855; x_wconf 88' lang='lat' dir='ltr'><strong>copiam,</strong></span> <span class='ocrx_word' id='word_1_813' title='bbox 3385 5784 3685 5856; x_wconf 77' lang='lat' dir='ltr'><strong>iaculorum</strong></span> 
     </span>
    </p>
   </div>
   <div class='ocr_carea' id='block_1_109' title="bbox 2116 5871 3679 5951">
    <p class='ocr_par' dir='ltr' id='par_1_109' title="bbox 2116 5871 3679 5951">
     <span class='ocr_line' id='line_1_111' title="bbox 2116 5871 3679 5951; baseline 0.003 -26"><span class='ocrx_word' id='word_1_814' title='bbox 2116 5871 2439 5944; x_wconf 76' lang='lat' dir='ltr'><strong>praesertim,</strong></span> <span class='ocrx_word' id='word_1_815' title='bbox 2477 5875 2796 5948; x_wconf 84' lang='lat' dir='ltr'><strong>sagittarum</strong></span> <span class='ocrx_word' id='word_1_816' title='bbox 2829 5893 2895 5936; x_wconf 88' lang='lat' dir='ltr'><strong>ac</strong></span> <span class='ocrx_word' id='word_1_817' title='bbox 2923 5878 3155 5951; x_wconf 83' lang='lat' dir='ltr'><strong>telorum</strong></span> <span class='ocrx_word' id='word_1_818' title='bbox 3184 5878 3431 5950; x_wconf 84' lang='lat' dir='ltr'><strong>cujusvis</strong></span> <span class='ocrx_word' id='word_1_819' title='bbox 3456 5876 3679 5950; x_wconf 76' lang='lat' dir='ltr'><strong>generis.</strong></span> 
     </span>
    </p>
   </div>
   <div class='ocr_carea' id='block_1_110' title="bbox 3868 342 3880 409">
    <p class='ocr_par' dir='ltr' id='par_1_110' title="bbox 3868 342 3880 409">
     <span class='ocr_line' id='line_1_112' title="bbox 3868 342 3880 409; baseline 0 0"><span class='ocrx_word' id='word_1_820' title='bbox 3868 342 3880 409; x_wconf 65' lang='lat' dir='ltr'><strong>i</strong></span> 
     </span>
    </p>
   </div>
  </div>
