3964 6530
397 394 515 458 317

397 513 653 578 χανικοῖς
671 515 731 567 τὸ
764 515 945 576 ἱκανὸν
978 527 1253 599 παρέχων,
1292 535 1555 606 ἡτοίμαζε

392 605 555 657 τικὺν
571 604 829 678 ἐξήρτυεν
858 613 1020 670 ἅπαν.
1043 621 1374 694 Οίκοδὸμους
1405 604 1454 682 τ’
1481 634 1776 705 ἐπιστήσας
1804 639 1986 692 πλείο-

391 712 502 760 νας
531 703 625 753 καὶ
660 703 960 773 ἐπιστάτας
996 711 1248 786 ἐδιδύμου
1281 721 1341 773 τὸ
1391 727 1573 794 τεῖχος
1629 703 1729 800 τῆς
1777 733 1986 797 πόλεως

387 790 462 842 τι
488 792 625 862 πρὸς
676 796 986 855 θάλασσαν’
1017 806 1077 858 τι
1124 809 1234 882 γὰρ
1264 815 1399 884 πρὸς
1426 790 1523 883 τήν
1553 821 1656 889 γῆν
1685 790 1986 881 δεδίπλωτο

389 882 638 950 πάντως.
697 890 805 943 Καὶ
830 892 958 948 λαὸν
991 898 1239 957 πλεῖστον
1263 882 1360 960 καὶ
1390 882 1652 981 μάχιμον,
1685 915 1811 969 ὅσον
1839 921 1980 974 ἀπο-

389 975 616 1043 χρῶντα
641 983 864 1056 τοιαύτῃ
899 999 1216 1067 παρασκευῇ
1256 1001 1494 1070 πολέμου
1524 993 1692 1078 ᾤετο,
1719 1011 1776 1078 ἐξ
1805 1013 1980 1084 αὐτῆς

392 1064 423 1084 ,
467 1068 478 1084 ,
736 1074 750 1084 .
859 1079 870 1084 -

1195 1064 1215 1067 ν,
1397 1064 1405 1070 τ
1541 1064 1551 1078 ι
1671 1064 1680 1072 ι
1757 1064 1776 1078 ii
1811 1064 1819 1065 ί
1854 1064 1862 1065 ί
1918 1064 1976 1084 ’1⁷

384 1064 694 1137 διέταττεν,
720 1074 795 1139 ὡς
823 1079 905 1140 είς
930 1086 1124 1154 καιρὸν
1155 1091 1651 1166 εἰσαχθησομένους
1677 1102 1772 1172 ἅμ’
1796 1105 1982 1169 ὅπλοις

385 1158 493 1211 καὶ
521 1159 900 1237 δαπανήμασι.
933 1174 1176 1244 Πέμπων
1207 1199 1266 1235 τε
1303 1187 1431 1250 τοὺς
1468 1190 1569 1258 μὲν
1602 1192 1711 1245 τῶν
1744 1197 1865 1249 κατ’
1897 1201 1982 1252 αἰ-

383 1251 618 1319 γιαλοὺς
644 1262 971 1334 κατωχύρου
1004 1270 1099 1322 καὶ
1146 1275 1362 1345 νήσους,
1418 1251 1544 1346 sed;
1589 1285 1634 1338 δ’
1660 1288 1972 1360 ἀνέστελλε.

387 1337 497 1360 πμ.
571 1346 583 1360 .
634 1348 646 1360 .
719 1351 776 1360 ...
877 1355 888 1360 -

385 1337 503 1394 Καὶ
533 1346 595 1397 τὸ
629 1348 686 1401 ἐν
718 1351 1051 1426 Βλαχέρναις
1081 1337 1307 1434 νεώριον
1323 1337 1434 1425 οὐκ
1470 1337 1869 1446 ἀποδεχδμε-νος
1900 1380 1980 1446 ὡς

380 1435 538 1488 κατὰ
569 1440 861 1509 πρόσωπον
915 1452 1154 1526 παρέχον
1183 1462 1305 1522 ταῖς
1355 1466 1515 1519 ναυσί⁸
1566 1435 1703 1536 πρδς
1736 1475 1835 1538 τὰς
1865 1475 1974 1528 τῶν

378 1525 603 1597 ἐχθρῶν
629 1532 728 1603 τὴν
763 1541 965 1611 μάχην,
1000 1525 1166 1602 τὸδὲ
1201 1552 1341 1606 κατὰ
1373 1525 1974 1636 πρόσωπον-δυσχερές

374 1615 534 1675 εἶναι
588 1623 663 1688 ὡς
709 1629 1140 1704 ἀντιστατοῠσας
1207 1615 1446 1718 ἰσχυρῶς
1501 1652 1775 1722 μάχεσθαι
1806 1615 1844 1724 ,ﬂ
1879 1615 1970 1714 “rth

371 1709 574 1779 ὅμοιον
600 1721 801 1787 τρόπον
850 1727 947 1780 καὶ
974 1729 1054 1800 τῷ
1104 1709 1971 1820 παλαιιῖίνεωρίῳῃπροσήχθετο

371 1803 556 1874 (λέγω
603 1809 659 1863 δὲ
698 1813 932 1870 παλαιὶν
987 1822 1085 1893 οὐχ
1134 1818 1179 1893 ᾧ
1232 1803 1363 1898 χθῠές
1392 1803 1488 1887 καί
1750 1803 1967 1897 Λατῖνοι

366 1895 645 1968 ἐχρῶντο,
679 1903 756 1976 τῷ
785 1910 923 1980 πρὸς
949 1916 1014 1984 τῇ
1057 1923 1192 1990 μονῇ
1225 1895 1321 1976 τοῦ
1369 1895 1964 2005 εὐεργέτουΙΧριστοῦ,

365 1989 608 2046 suam
663 1999 801 2066 πρὸς
855 2005 920 2072 τῇ
972 2006 1118 2078 πύλῃ
1170 1989 1265 2065 τοῦ
1302 1989 1530 2086 νεωρίου
1565 1989 1778 2076 ἐκεῖθεν
1826 1989 1966 2081 divo:

373 2085 664 2159 μασμένῃ)
696 2088 772 2155 ὡς
830 2096 1048 2161 πάντως
1073 2100 1170 2154 τοῦ
1211 2107 1352 2160 κατὰ
1397 2085 1675 2167 θάλασσαν
1728 2117 1966 2188 κέρατος

363 2172 599 2246 λιμένος
629 2181 783 2248 ὄντος
809 2191 902 2240 καὶ
940 2193 1136 2246 ταυτὸν
1162 2197 1274 2259 τοῖς
1312 2199 1602 2270 Ῥωμαίων
1631 2213 1821 2265 ναυσὶν
1841 2213 1966 2268 ὅσον

365 2270 476 2322 καὶ
505 2275 626 2337 ταῖς
657 2275 769 2330 τῶν
824 2279 1033 2352 ἐχθρῶν
1064 2285 1317 2354 διδόντος.
1360 2292 1502 2348 Ἀλλ’
1533 2296 1690 2364 είδὼς
1723 2302 1784 2356 τὸ
1819 2304 1964 2359 κατὰ

362 2359 547 2417 νώτου
577 2369 872 2440 γινομένας
917 2375 1190 2446 μάχεσθαι
1221 2383 1347 2436 ὅσον
1377 2359 1832 2462 Θαρῤαλεώτερον
1863 2397 1963 2467 μέν

374 2533 638 2596 Ballistas
686 2551 948 2613 praeterea
987 2560 1042 2607 et
1076 2557 1362 2618 machinas
1426 2565 1767 2634 ejaculandis
1811 2579 1961 2635 saxis

363 2630 493 2682 ﬁeri
516 2632 777 2701 plurimas
799 2639 984 2709 jussit,
1040 2644 1212 2704 fabris
1237 2668 1428 2710 earum
1455 2630 1767 2722 artificibus
1810 2669 1959 2738 justa

365 2724 628 2779 mercede
692 2744 996 2792 numerata.
1043 2739 1286 2798 Classem
1329 2749 1385 2801 in
1449 2752 1638 2819 primis
1687 2762 1960 2828 expedivit

364 2827 559 2880 suam,
601 2822 926 2892 cunctisque
954 2834 1280 2888 necessariis
1303 2835 1582 2896 instruxit.
1628 2845 1956 2909 Architectis

364 3097 587 3146 structo
612 3109 626 3146 :
653 3110 779 3150 nam
801 3100 892 3168 qui
919 3106 1168 3172 partibus
1191 3111 1429 3172 civitatis
1447 3121 1514 3175 ad
1549 3131 1749 3182 terram
1778 3133 1953 3190 versis

1365 425 1460 486 DE
1496 427 1887 493 MlCﬂAELE
1930 396 2393 501 minantem
2433 445 2581 508 LIB.
2627 446 2688 508 ν.

1565 583 1577 595 .
1615 544 1725 596 Kai
1771 547 1831 598 rb
1857 565 1984 600 ναυ-
2020 549 2058 604 Α
2090 549 2374 621 ἀνδράσιν,
2409 556 2816 627 ἀσφαλέστερον
2850 559 2902 612 δὲ

1998 1901 2041 1958 Β

363 3182 816 3246 praetendebatur
875 3193 1184 3264 duplicatus
1223 3205 1422 3276 ubique
1475 3212 1680 3270 dudum
1743 3182 2020 3318 fuerattc

363 3266 534 3318 3&5
557 3271 951 3318 Mllllillnlinaun
984 3300 1204 3318 num"...
1229 3308 1386 3318 κη-..
1409 3300 1550 3318 ωηο
1725 3305 1746 3318 ,.
1835 3309 1845 3317 .

359 3266 534 3340 365
555 3271 951 3336 Multitudinem
984 3300 1204 3357 quoque
1225 3266 1390 3363 quam
1408 3300 1702 3358 maximam
1723 3305 1946 3365 fortium

355 3368 425 3414 et
452 3366 876 3426 exercitatorum
913 3375 1068 3435 bellis
1100 3381 1406 3454 hominum,
1442 3405 1702 3460 quautam
1733 3400 1947 3460 abunde

353 3450 722 3512 suﬂecturam
756 3462 978 3521 rebatur
1005 3473 1218 3528 cunctis
1243 3450 1403 3533 simul
1421 3450 1556 3539 locis
1603 3499 1768 3545 vastae
1795 3495 1947 3551 urbis

353 3541 734 3617 defensandis,
763 3554 876 3623 jam
902 3573 1046 3617 nunc
1077 3564 1461 3640 congregatam
1488 3579 1650 3634 certis
1685 3593 1836 3639 extra
1853 3602 1943 3641 ur-

351 3629 484 3686 bem
515 3638 844 3698 stationibus
890 3629 1682 3722 disposuit:iuiroducendam
1721 3671 1776 3726 in
1802 3663 1942 3730 tem-

348 3737 493 3793 pore
520 3743 641 3785 eum
672 3735 842 3791 armis
875 3748 931 3794 et
959 3756 1292 3816 commeatu,
1322 3767 1444 3822 qua;
1467 3755 1604 3815 foris
1632 3762 1938 3824 habuisset.

346 3815 687 3879 Misitetiam
707 3830 1007 3898 perlittora
1047 3847 1099 3893 et
1125 3815 1333 3901 insulas
1365 3850 1459 3918 qui
1493 3841 1798 3916 maritimos
1832 3863 1941 3916 adi-

1388 3958 1402 4008 ;
1446 3944 1500 3998 in
1531 3962 1640 4016 quo
1671 3953 1935 4010 delectum

343 4016 412 4064 et
435 4010 698 4080 judicium
722 4020 991 4091 adhibuit,
1021 4043 1130 4084 non
1160 4045 1417 4100 portuum
1439 4055 1505 4093 ex
1530 4010 1688 4114 atquo
1717 4060 1938 4108 cuncto-

342 4117 480 4158 rum
545 4110 949 4179 suscipiendam
998 4119 1372 4183 defensionem
1431 4148 1686 4205 eensens,
1739 4147 1935 4202 navale

341 4194 620 4266 siquidem
647 4200 1074 4266 Blachernarum
1098 4230 1207 4270 non
1245 4222 1531 4292 probabat,
1566 4194 1713 4300 quod

340 4285 402 4341 si
439 4302 560 4357 quae
607 4291 682 4346 ibi
711 4296 1169 4371 relinquerentur,
1197 4285 1382 4368 hostili
1413 4285 1601 4376 contra
1626 4285 1932 4396 appulsura;

340 4380 516 4438 classi
537 4385 796 4450 adversas
819 4393 1115 4468 objiceret;
1149 4400 1202 4456 id
1226 4409 1368 4473 quod
1393 4410 1459 4464 ad
1493 4428 1688 4484 pugnae
1713 4435 1931 4481 succes-

337 4486 475 4526 sum
512 4476 748 4544 plurium
770 4482 823 4537 vi
854 4500 1068 4545 summa
1103 4507 1168 4548 ex
1197 4496 1308 4552 alto
1334 4499 1701 4564 invehentium
1735 4528 1926 4572 contra

333 4566 631 4631 pauciores
656 4579 814 4629 terra;
851 4577 1121 4648 admotas,
1157 4588 1530 4652 periculosum

337 4651 518 4713 Vetus
547 4663 746 4729 pariter
772 4669 964 4726 navale
987 4651 1209 4743 ipsinon
1227 4680 1495 4749 placebat.
1528 4687 1693 4748 Vetus
1739 4701 1932 4756 navale

333 4763 488 4804 voco
518 4768 623 4808 non
645 4755 800 4823 illud,
821 4775 931 4831 quo
946 4779 1118 4835 nuper
1132 4767 1310 4826 Latini
1329 4777 1518 4832 urbem
1542 4791 1787 4844 tenentes
1809 4801 1928 4848 ute-

1175 5045 1278 5101 hoc
1307 5049 1768 5127 displicereterat,
1797 5069 1924 5135 quia

333 5123 515 5170 totum
551 5119 680 5176 illud
715 5139 888 5182 cornu
935 5133 1072 5187 mari
1101 5119 1420 5222 pretentum
1464 5119 1921 5219 lateportuoslum

324 5222 501 5278 est,et
517 5229 700 5282 parem
720 5225 1156 5284 commoditatem
1179 5232 1247 5286 ibi
1267 5240 1444 5293 standi
1464 5241 1918 5317 hostilibnsjuxta

328 5301 708 5378 Romanisque
730 5314 1004 5380 praebebat
1037 5323 1288 5397 navibus.
1325 5329 1428 5386 Sed
1456 5301 1781 5408 intelligens
1802 5301 1919 5401 fore

330 5398 468 5452 utile
502 5399 763 5458 Romanis
807 5410 1040 5468 navibus
1088 5431 1250 5485 posse
1286 5419 1508 5482 Latinas
1539 5444 1568 5483 a
1607 5441 1757 5503 tergo
1788 5440 1919 5494 ado-

329 5490 429 5544 riri
464 5492 566 5561 (sic
594 5496 743 5550 enim
759 5506 812 5552 et
833 5501 1097 5561 audacius
1129 5525 1467 5579 pugnaturos
1486 5521 1648 5588 viros,
1676 5534 1730 5579 et
1755 5531 1918 5588 rebus

328 5586 582 5640 securius
615 5592 924 5671 consultum
958 5598 1070 5665 iri),
1090 5601 1498 5666 Contoskelium
1531 5620 1674 5684 quod
1707 5619 1917 5680 Blanca:

327 5676 548 5745 adjaeet
596 5683 931 5762 reaedilicare
985 5693 1178 5749 voluit.
1237 5698 1422 5771 Itaque
1474 5707 1652 5764 locum
1689 5716 1916 5773 ambivit

322 5784 485 5825 muro
508 5773 785 5843 lapidibus
803 5781 1056 5840 maximis
1073 5797 1369 5860 exstructo,
1383 5808 1437 5853 et
1460 5808 1910 5872 comprehensum

324 5875 392 5914 eo
423 5878 564 5933 gyro
623 5881 775 5924 mare
808 5872 1135 5940 profundius
1185 5881 1384 5956 effecit,
1440 5890 1669 5961 deprimi
1712 5898 1909 5968 jubens

3551 453 3682 518 818‘

2966 562 3259 632 πράγμασι
3287 605 3301 628 ,
3333 564 3390 618 τὸ
3419 567 3553 636 πρὸς
3581 571 3672 622 τὸν

2090 642 2308 714 υλάγκα
2344 649 2725 706 Κοντοσκὲλιον
2748 653 3121 725 ἀνοικοδομεῖν
3154 657 3365 728 ἤθελεν,
3399 660 3539 712 ὥστε
3571 678 3670 730 γυ-

2089 736 2259 804 ρῶσαι
2319 741 2417 808 μὲν
2475 745 2767 811 μεγίσταις
2821 747 3046 816 πέτραις
3099 751 3189 802 τὸν
3242 752 3426 823 κύκλῳ
3477 755 3687 816 τόπον,

2087 829 2392 895 ἐμϐαθῦναι
2417 833 2472 886 δὲ
2507 836 2604 905 τὴν
2627 836 2776 902 ἐντὸς
2804 838 3346 912 θάλασσανᾹργυρον
3374 846 3538 915 ὑγρον
3570 865 3667 914 χυο

2084 921 2174 973 τὸν
2207 925 2550 991 ἐμϐαλόντα,
2611 930 3029 1000 ἐποικοδομῆααί
3079 951 3136 986 τε
3189 937 3280 988 καὶ
3339 937 3504 1006 στέγη
3543 942 3664 1003 ταῖς

2083 1013 2272 1067 ναυσὶν
2334 1016 2682 1086 ἀποχρῶντα,
2739 1021 2912 1081 πύλας
2967 1023 3010 1075 δ’
3067 1026 3333 1080 ἐπιθεῖναι
3395 1031 3665 1098 ἀραρυίας

2085 1101 2169 1174 [Ρ.
2197 1104 2325 1178 249]
2349 1109 2412 1159 ἐκ
2435 1111 2654 1180 σιδήρου
2687 1114 2753 1183 τῇ
2778 1115 2833 1164 ὲν
2864 1117 2982 1177 ταῖς
3003 1116 3228 1184 πέτραις
3276 1121 3496 1192 είσὶομῃ
3527 1122 3658 1185 ἕξοις

2083 1195 2193 1260 Θεν,
2231 1198 2362 1252 ὥσθ’
2412 1201 2528 1269 ἅμα
2562 1206 2660 1272 μὲν
2713 1206 2968 1272 ἀσφαλῶς
3001 1209 3144 1278 ἔχειν
3188 1213 3277 1262 τδν
3308 1215 3510 1271 στόλον.
3543 1214 3658 1281 ἅμα

2079 1288 2135 1341 δὲ
2167 1291 2258 1342 καὶ
2285 1294 2400 1355 ταῖς
2429 1295 2534 1347 τῶν
2583 1298 2790 1366 ἐχθρῶν
2825 1301 3196 1368 ἀναγομὲναις
3235 1305 3334 1375 (μὴ
3367 1308 3473 1375 γὰρ
3518 1306 3658 1360 εἶναι

2079 1380 2167 1436 διὰ
2195 1383 2254 1436 τὸ
2279 1386 2478 1454 ροῶδες
2509 1392 2609 1458 τῆς
2634 1389 2906 1463 θαλάσσης
2937 1396 3209 1458 ἵστασθαι)
3236 1399 3467 1452 κιτὸττιν
3504 1402 3638 1468 iuni

2079 1492 2234 1527 πτειν
2275 1479 2373 1541 τὰς
2417 1481 2718 1552 ἡμετέρας.
2764 1486 3124 1556 Ἦσφαλίζετο
3177 1490 3233 1542 δέ
3271 1493 3523 1555 καὶτοὺς
3571 1496 3663 1545 ἐπὶ

2075 1565 2174 1636 τῆς
2198 1570 2427 1640 περαίας
2451 1572 2789 1641 Γεννουΐτας,
2817 1579 2892 1641 ὡς
2919 1578 2994 1650 μὴ
3020 1583 3473 1636 συνεπιτιθῶνται
3503 1585 3662 1655 στέρο

2074 1673 2260 1724 γοντες
2288 1660 2390 1724 τὰς
2431 1665 2692 1730 σπονδὰς,
2722 1667 2781 1721 οὐ
2825 1670 2934 1741 μὴν
2960 1671 3018 1725 δὲ
3065 1672 3200 1727 ἀλλὰ
3231 1675 3321 1728 καὶ
3357 1676 3531 1740 ἄλλως
3562 1696 3660 1746 φυ-

2072 1748 2350 1806 λάττοιντο
2379 1755 2478 1826 τὴν
2509 1760 2645 1830 πρὸς
2669 1762 2795 1825 τοὺς
2824 1762 3299 1836 ἐπελευσομένους
3337 1772 3652 1837 κοινωνίαν,

2073 1842 2176 1896 κᾶν
2205 1843 2528 1916 ἀπόσχοιντο
2555 1851 2651 1906 τοῦ
2681 1855 2816 1924 πρὸς
2836 1857 3075 1922 ἐκείνους
3103 1861 3344 1931 πολέμου
3371 1862 3459 1916 διὰ
3477 1864 3536 1917 τὸ
3559 1866 3654 1932 γέ-

2067 1950 2178 1998 νος,
2203 1935 2380 2001 ᾶλλως
2408 1939 2464 1992 δέ
2497 1942 2592 1996 καὶ
2617 1946 2874 2015 παρέσπα
2905 1953 2997 2002 καὶ
3032 1951 3194 2015 ἰδίους
3217 1955 3390 2006 ἐποίει
3418 1953 3658 2020 (λυζίους

2069 2023 2221 2081 εἶπεν
2258 2031 2324 2085 ἄν
2347 2049 2434 2096 τις
2463 2035 2711 2107 ἐκείνων)
2770 2043 2891 2103 ταῖς
2942 2043 3277 2112 εὐμενείαις.
3333 2049 3446 2101 Καὶ
3478 2049 3652 2102 ταῦτα

2068 2122 2328 2192 πράττων
2365 2127 2460 2180 καὶ
2515 2133 3073 2204 κατασκευαζόμενος
3137 2138 3438 2208 πρεσϐείας
3495 2137 3656 2205 αὖθις

2068 2215 2267 2283 συχνὰς
2323 2218 2678 2275 ἀποστέλλειν
2712 2223 2813 2278 οὐκ
2837 2226 3083 2281 ἀπώκνει
3112 2230 3263 2299 παρά
3289 2232 3381 2284 τὸν
3415 2235 3652 2287 πάππαν

2063 2303 2154 2358 διὰ
2184 2305 2484 2379 Θαλάσσης,
2515 2313 2607 2365 καὶ
2633 2314 2838 2381 μᾶλλον
2855 2317 2935 2371 ὅτι
2959 2320 3054 2374 καὶ
3086 2322 3325 2392 συνεχῶς
3359 2327 3661 2379 οιπάτιπαι·
3754 2314 3763 2326 ’

2064 2397 2473 2470 ἀπηλλάττοντο
2503 2404 2582 2458 τῶ
2631 2407 2870 2480 Θανάτῳ.
2927 2413 3037 2465 Καὶ
3085 2414 3148 2468 τδ
3192 2415 3300 2469 τῶν
3339 2418 3649 2487 πρεσϐειῶν

2063 2577 2294 2636 fundum
2345 2583 2594 2641 immisso
2649 2599 2876 2660 argento
2932 2593 3078 2650 vivo.
3141 2593 3265 2651 Moli
3311 2614 3529 2669 quoque
3571 2603 3648 2657 illi

2062 2674 2203 2726 muri
2234 2674 2521 2740 circularis
2557 2679 2907 2738 inaedificavit
2940 2685 3163 2740 loricam
3195 2689 3402 2746 idoneae
3459 2695 3650 2748 altitu-

2059 2761 2205 2817 dinis
2245 2765 2313 2818 ad
2372 2753 2540 2824 naves
2588 2770 2735 2825 intus
2767 2775 2972 2841 positas
3009 2780 3302 2847 tegendas;
3339 2791 3450 2836 tum
3501 2786 3645 2839 ostio

2058 2855 2281 2911 claustri
2340 2860 2460 2928 ejus
2499 2871 2746 2918 catenam
2811 2865 3040 2922 ferream
3076 2871 3335 2940 imposuit
3399 2879 3644 2932 exterius

2060 2959 2179 3002 arte
2220 2953 2570 3008 commissam
2604 2955 2862 3014 foramini
2918 2963 2983 3016 ad
3017 2979 3136 3018 eam
3170 2967 3516 3024 inserendam
3583 2973 3641 3027 in

2058 3043 2208 3096 saxis
2235 3045 2286 3097 vi
2313 3059 2523 3102 cavato.
2559 3047 2670 3105 Hoc
2696 3065 3120 3112 consecuturum
3167 3075 3225 3115 se
3279 3063 3503 3132 putabat
3538 3066 3642 3120 isto

2057 3135 2421 3203 munimento,
2459 3149 2514 3193 ut
2551 3150 2694 3198 tutas
2723 3161 2752 3199 a
2783 3147 2832 3200 vi
2869 3150 3018 3203 omni
3044 3165 3107 3205 ea
3157 3157 3641 3213 stationehaberet

2058 3240 2248 3291 naves,
2293 3237 2435 3284 etut
2473 3232 2722 3290 illaainde
2771 3238 2940 3311 366
2971 3255 3274 3314 opportune
3327 3249 3378 3302 in
3415 3251 3641 3307 hosules

2060 3331 2280 3375 aversas
2331 3337 2551 3390 possent
2607 3343 2894 3399 erumpere
2931 3349 2944 3386 :
2975 3336 3290 3403 providebat
3325 3341 3468 3396 enim
3525 3344 3640 3399 fore

2056 3418 2114 3464 ut
2155 3410 2472 3472 invehentes
2525 3433 2644 3474 sese
2677 3421 2742 3475 ad
2786 3424 2988 3479 ostium
3034 3428 3152 3497 ejus
3192 3443 3382 3500 portus
3429 3433 3638 3494 Latinae

2053 3516 2240 3570 naves,
2284 3507 2546 3578 adituque
2600 3513 2888 3581 prohibita:
2940 3519 3094 3575 obice
3141 3533 3370 3594 catenae,
3432 3530 3504 3583 ibi
3541 3533 3632 3586 diu

2053 3607 2278 3666 propter
2304 3602 2466 3656 utaris
2504 3602 2710 3660 fluxum
2753 3611 3052 3670 consistere
3083 3621 3394 3688 nequirent,
3445 3625 3635 3695 sicque

2051 3688 2106 3743 in
2139 3705 2250 3758 eas,
2317 3694 2483 3749 simul
2518 3714 2710 3766 proras
2754 3706 3065 3772 vertissent,
3123 3724 3324 3768 nostra:
3382 3732 3412 3770 a
3465 3724 3630 3790 puppi

2050 3781 2213 3838 facile
2245 3801 2310 3840 ac
2344 3795 2462 3843 tuto
2502 3803 2724 3858 possent
2751 3795 3009 3865 impetum
3046 3800 3242 3859 facere.
3274 3805 3632 3881 Pramrcupa-

2052 3877 2128 3930 vit
2161 3894 2383 3948 quoque
2432 3897 2694 3939 renovato
2729 3887 2928 3944 fu‘dcre
2962 3909 3023 3947 ac
3071 3902 3412 3964 pnemunivit
3445 3905 3629 3960 Genu-

2047 3985 2208 4026 euses
2250 3973 2557 4030 habitantes
2592 3979 2644 4031 in
2678 3979 2878 4050 Pertra,
2921 4002 2987 4040 nc
3026 3985 3232 4044 Latinis
3250 4009 3307 4046 se
3364 3997 3627 4069 adjuuge-

2045 4071 2167 4116 rent
2197 4063 2262 4118 ad
2300 4067 2488 4120 urbem
2515 4071 2678 4124 simul
2705 4079 3151 4145 oppugnandam,
3187 4085 3278 4137 sed
3307 4088 3548 4143 volentes
3570 4093 3620 4147 in

2043 4155 2148 4209 fide
2205 4169 2490 4226 pactorum
2553 4173 2864 4232 perstarent
2915 4173 3400 4247 quiescerentquc.
3480 4183 3622 4249 Quin

2042 4247 2209 4302 etiam
2249 4251 2314 4304 ad
2340 4261 2605 4321 quantum
2639 4271 2818 4327 posset
2851 4271 3304 4336 prtvverteudum,
3350 4290 3418 4328 ne
3447 4277 3617 4334 libido

2047 4355 2148 4396 eos
2195 4353 2413 4412 caperet
2469 4362 2591 4402 cum
2652 4355 3014 4421 popularibus
3055 4360 3294 4429 ipsorum
3329 4365 3494 4432 Italis,
3531 4373 3622 4428 ubi

2039 4435 2235 4488 armati
2269 4439 2638 4504 advenissent,
2673 4445 2908 4515 aliquam
2939 4454 3129 4508 saltem
3167 4463 3623 4520 connnuuicatio-

2037 4537 2161 4578 nem
2185 4528 2507 4594 usurpandi,
2529 4546 2638 4599 quo
2666 4536 2852 4606 utique
2868 4539 3409 4610 impulsuraerateos
3431 4571 3620 4611 neces-

1552 4598 1922 4664 existimabat.
1959 4619 2003 4676 D
2042 4615 2230 4671 situdo
2261 4621 2606 4688 cognationis
2635 4632 2688 4678 et
2718 4633 2937 4697 generis
2970 4651 3034 4689 ae
3064 4641 3249 4706 patria:
3284 4649 3614 4713 communis,

1552 4688 1690 4713 γυ---
1741 4711 1764 4713 _
1885 4701 1896 4713 -
2113 4693 2120 4713 ί

2721 4693 2744 4697 _
3065 4693 3078 4706 .
3209 4693 3243 4695 ί-
3294 4693 3612 4713 --------·---·υν

2033 4716 2088 4761 et
2113 4693 2487 4777 'peculiariter
2541 4717 2841 4775 iuvitatura
2874 4725 3109 4783 hostium
3145 4733 3214 4788 ab
3249 4736 3382 4804 ipsis
3419 4743 3612 4797 verisi-

2032 4802 2236 4858 militer
2272 4807 2379 4859 vim
2413 4809 2536 4864 belli
2584 4821 3071 4884 temperaturorum
3115 4827 3436 4898 moderatio,
3495 4836 3611 4903 pcl-

2032 4893 2167 4948 lexit
2199 4897 2482 4956 blanditiis
2534 4904 2922 4979 beneficiisque
2970 4917 3272 4998 pracipuos
3307 4938 3495 4978 eorum
3550 4937 3610 4981 ut

2029 4987 2256 5046 clientes
2301 4993 2404 5046 sibi
2446 5004 2501 5048 et
2534 4997 2702 5066 (quod
2754 5017 2946 5057 eorum
2981 4990 3298 5066 vocabulum
3333 5017 3439 5083 cst)
3495 5019 3603 5088 ligii

2030 5075 2244 5141 fierent,
2281 5079 2386 5136 hoc
2419 5083 2683 5153 singulari
2718 5092 2981 5159 professae
3033 5099 3389 5167 subjecuonis
3420 5108 3605 5164 officio

2026 5169 2093 5222 ad
2129 5170 2290 5226 fidem
2356 5176 2740 5235 inconcussam
2779 5185 3042 5244 devincti.
3097 5189 3242 5246 Inter
3292 5197 3408 5251 lucc
3457 5207 3605 5258 varie

2029 5265 2366 5328 providenda
2413 5273 2898 5341 parandaqueuou
2957 5284 3210 5338 cessabat
3238 5291 3405 5343 variis
3472 5295 3601 5349 sub-

2026 5354 2154 5408 inde
2187 5358 2471 5416 niissitatis
2513 5365 2597 5417 via
2633 5369 2908 5425 maritima
2954 5373 3162 5430 instare
3197 5383 3338 5448 apud
3373 5381 3598 5456 Papam,

2024 5449 2272 5516 urgendo
2324 5453 2466 5518 quod
2507 5469 2786 5524 cmperat;
2839 5471 2893 5516 et
2933 5466 3058 5534 quia
3093 5449 3601 5541 contingebat-fre;

2021 5543 2212 5608 quenti
2251 5547 2568 5610 pontificum
2612 5563 2786 5606 morte
2829 5554 2965 5610 alios
2993 5571 3055 5612 ex
3096 5560 3218 5617 aliis
3261 5580 3427 5635 papas
3456 5571 3598 5642 fieri,

2020 5639 2081 5684 ut
2113 5649 2387 5704 quemque
2427 5639 2493 5692 de
2525 5655 2665 5696 novo
2697 5655 2939 5701 creatum
2973 5664 3220 5719 neverat,
3250 5661 3434 5715 statim
3464 5666 3598 5719 deli-

2020 5723 2282 5780 nicndum
2319 5743 2415 5796 per
2443 5747 2572 5789 suos
2603 5735 2817 5806 sibique
2849 5752 2909 5795 ut
2934 5750 3147 5813 poterat
3193 5751 3591 5812 conciliandum

2016 5818 2262 5872 curabat.
2290 5820 2344 5888 l_u
2360 5823 2538 5892 capite
2553 5826 2746 5884 harum
2760 5835 3003 5889 omnium
3024 5853 3146 5893 cum
3165 5857 3297 5912 papa
3320 5851 3598 5903 tractatio-

2018 5923 2148 5961 num
2181 5912 2490 5978 ponebatur
2518 5921 2768 5988 speciosa
2801 5924 2911 5982 illic
2938 5936 2989 5984 et
3036 5940 3220 6000 Optata
3256 5950 3359 6003 res,
3395 5938 3594 5992 conci-
