3964 6516
495 374 603 438 ειη
1712 377 2035 440 GEORGII
2077 379 2563 443 PACHYMERE
3643 387 3735 451 82d

490 482 786 552 κεφάἳαιον
822 484 855 553 ἠ
888 482 994 536 τῶν
1022 483 1362 555 Ἐκκλησιῶν
1378 484 1574 549 ’ἐνωτις
1598 485 1692 540 καὶ
1721 486 1814 539 τοῦ
1849 487 2080 541 παλαιοῦ
2116 501 2153 547 Α
2186 486 2446 542 τοιούτων
2494 488 2791 562 εἰρηνικῶν
2825 489 3070 544 σπονδῶν
3093 490 3154 545 τὸ
3189 489 3487 547 σκάνδαλον
3512 492 3736 555 λύεσθαι.

493 577 793 632 σκανδάλου
852 578 1155 647 ἀναίρεσις.
1211 564 1530 647 Συγκρίνων
1570 579 1692 649 ’γὰρ
1746 578 1806 631 τὸ
1843 579 1936 632 ἐπὶ
1973 578 2070 632 τοῦ
2175 580 2265 635 διὰ
2293 582 2349 635 δὲ
2381 582 2479 653 τῆς
2537 582 2636 637 τοῦ
2693 582 2997 639 σκανδάλου
3029 584 3242 649 λύσεως
3274 586 3624 658 ἐπισχεθῆναι
3668 592 3739 662 τῷ

488 668 668 723 Δούκα
714 669 966 725 Ἰωάννου
1002 671 1298 735 συνοδικῶς
1326 671 1552 739 γεγονὸς
1607 674 1740 742 παρ’
1773 673 1952 727 αἰτίαν
1978 673 2071 728 τοῦ
2180 674 2449 746 Καρούλῳ
2470 675 2562 730 τὸν
2591 675 2800 743 στόλον,
2834 677 2922 730 διὰ
2950 677 3008 731 δὲ
3038 677 3132 732 τοῦ
3160 679 3321 733 πάλιν
3348 679 3601 747 ἀσφαλῶς
3626 683 3739 747 τοὺς

489 763 848 816 ἀποστέλλειν
873 763 1083 817 ἐκεῖθεν
1117 765 1210 816 καὶ
1242 767 1553 835 συμμαχεῖν
1584 769 1696 828 τοῖς
1731 767 1789 819 ἐν
1817 768 1884 835 τῇ
1919 767 2071 821 πόλει
2190 767 2498 839 Ῥωμαίους
2538 773 2685 843 ἔχειν
2720 776 2814 828 καὶ
2844 773 2920 846 μὴ
2948 775 3075 846 χθὲς
3104 777 3200 831 καὶ
3243 777 3348 847 πρὸ
3378 778 3569 848 τρίτης
3598 780 3739 849 μόγις

486 856 852 927 ἀποσχέσθαι,
877 857 954 917 ὡς
998 857 1237 928 ἑτοίμων
1260 857 1370 911 τῶν
1410 859 1696 929 ἡμετέρων
1737 859 1908 913 ὄντων
1957 860 2072 913 λει-
2180 861 2388 933 ίδόντας
2427 864 2525 934 τὴν
2563 866 2804 937 πατρίδα
2833 868 2927 921 καὶ
2973 868 3255 941 δυσχερῶς
3303 870 3739 937 ὲπανασωθέντας

482 954 741 1020 τουργεῑν
793 953 970 1003 ἐκεῖσε
999 952 1092 1003 κοιλ⁸
1128 950 1488 1020 μνημοίεύεεν
1524 950 1616 1004 τοῦ
1652 951 1865 1006 πάππα
1895 951 2073 1006 ταῦτα
2176 955 2338 1011 πάλιν
2367 958 2600 1027 ἀφέντας
2651 961 3126 1031 ἐπανακάμπτειν,
3159 962 3302 1029 προς
3355 962 3435 1033 τῷ
3459 964 3558 1017 καὶ
3584 964 3741 1031 ἄλλως

490 1046 925 1116 ύτ-;σχνουμένι,υ
970 1045 1085 1114 (καὶ
1115 1044 1505 1098 ἀπεστέλλοντο
1536 1044 1562 1096 ὃ
1592 1062 1651 1098 τε
1669 1046 1916 1111 Σάρδεων
1956 1046 2073 1100 Ἀν-
2176 1048 2409 1118 esseea:
2440 1054 2557 1117 τοῖς
2586 1052 2861 1116 πλείστοις
2894 1054 3163 1109 κίνδυνον.
3200 1052 3390 1109 Ταῦτα
3434 1055 3739 1124 διανοούμε-

419 1204 431 1244 ι
488 1137 865 1227 δρόνικοςκκαι
902 1138 930 1191 ὁ
963 1139 1206 1203 Κυζίκου
1239 1137 1534 1206 Γεὼργιος,
1568 1137 1663 1190 καὶ
1700 1137 1824 1207 τάχ’
1854 1138 1920 1191 ἂν
1952 1138 2075 1205 ὲγε-
2120 1128 2127 1141 ’
2176 1158 2265 1205 νος
2298 1142 2468 1207 πολὺς
2500 1139 2570 1215 ἦν
2601 1146 2696 1199 καὶ
2747 1145 3101 1217 πατριάρχην
3141 1146 3346 1202 πείθων
3394 1148 3488 1202 καὶ
3521 1148 3739 1205 σύνοδον.

416 1226 431 1295 Ξ
484 1232 653 1297 γόνει,
708 1226 767 1284 εἰ
806 1233 1004 1284 ἐκεῖνοι
1070 1229 1445 1300 κατεδέχοντο)
1496 1259 1567 1270 -
1601 1229 1912 1300 συγκρίνων
1975 1226 2072 1283 οἷν
2176 1233 2242 1283 Οί
2277 1231 2322 1284 δ’
2346 1234 2761 1306 ἁφωσιωμένως
2790 1236 2937 1291 οὕτω
2961 1241 3056 1292 καὶ
3092 1238 3432 1303 ἐπιπολαίως
3468 1242 3738 1304 ἀκούοντες

483 1324 662 1377 ἐκεῖνο
698 1323 832 1392 πρὸς
854 1323 1032 1387 τοῦτο,
1063 1328 1159 1377 καὶ
1194 1323 1747 1391 ἀναγκαστικώτερον
1798 1322 2073 1391 εὑρίσκων
2177 1323 2384 1395 πτερῷ,
2416 1325 2479 1380 τδ
2527 1328 2621 1381 τοῦ
2647 1328 2832 1397 λόγου,
2888 1331 2957 1385 τὰ
2987 1322 3105 1389 ὦτα
3139 1333 3440 1402 κνωμένοις
3494 1332 3734 1404 ἐῴκεσαν.

483 1421 548 1472 τὸ
577 1416 671 1471 νῦν
696 1418 728 1489 ἢ
762 1419 819 1471 τὸ
844 1418 1129 1488 πρότερον,
1151 1418 1259 1487 ὅσῳ
1291 1417 1413 1469 τότε
1441 1416 1537 1484 μὲν
1558 1414 1892 1487 προσλαϐεῖν
1915 1414 2073 1483 ἡπεί-
2175 1418 2249 1472 Οὐ
2273 1418 2382 1487 γὰρ
2410 1413 2478 1491 ἦν
2508 1420 2691 1484 αὐτοῖς
2727 1408 3044 1490 ἀντιστῆναι
3092 1422 3156 1476 τὸ
3185 1425 3402 1494 πρῶτον
3431 1426 3527 1478 καὶ
3558 1426 3735 1479 anon.

483 1531 644 1581 γοντο
674 1514 735 1567 τὸ
770 1512 844 1583 μὴ
875 1514 1005 1581 παρ’
1039 1513 1218 1574 αὐτοῖς
1249 1510 1333 1577 ὃν,
1383 1510 1477 1563 νῦν
1508 1509 1551 1563 δ’
1588 1508 1887 1565 ἀποϐαλεῖν
1913 1510 1983 1562 τὰ
2008 1508 2066 1567 ἐν
2173 1525 2290 1578 γειν
2314 1509 2516 1578 τέλεον,
2545 1511 2682 1567 ἀλλά
2723 1512 2907 1581 μένειν
2938 1514 3035 1570 καὶ
3064 1513 3224 1581 αὖθις
3273 1518 3331 1569 ὲν
3364 1519 3431 1587 τῇ
3469 1517 3630 1588 κυρίᾳ
3657 1519 3733 1589 τὴν

483 1606 645 1677 χερσὶ
697 1605 1094 1668 κινδυνεύουσι,
1149 1605 1216 1656 τὶ
1253 1603 1392 1661 αὐτὰ
1444 1601 1743 1672 προῦτεινε
1803 1601 1898 1657 καὶ
1929 1598 2072 1655 οὕτω
2187 1600 2519 1671 Ἐκκλησίαν
2545 1603 2869 1675 ἡγούμενοι.
2903 1604 2990 1679 [Ρ.
3018 1606 3150 1679 25οῙ
3174 1606 3353 1671 καθὼς
3391 1610 3487 1661 καὶ
3517 1609 3737 1678 ἀρχῆθεν

485 1705 595 1765 τοῖς
616 1701 802 1755 παλαι.
826 1700 977 1768 Μηδὲ
998 1700 1105 1769 γὰρ
1128 1698 1302 1763 ἄλλως
1321 1696 1465 1768 ἔχειν
1492 1698 1701 1751 πείθειν
1729 1696 1822 1752 τὸν
1842 1697 2070 1751 πάππαν
2176 1690 2311 1763 εἶχε,
2362 1693 2455 1747 καὶ
2504 1696 2579 1764 μὴ
2630 1697 2783 1766 παρά
2819 1700 3082 1768 καπήλων
3112 1699 3451 1754 κινδυνεύειν
3484 1702 3742 1773 κρίνεσθαι

484 1793 831 1862 ὑπερμαχεῖν
886 1790 995 1843 τῶν
1027 1790 1298 1860 Γραικῶν,
1357 1790 1407 1841 εἰ
1440 1789 1515 1859 μὴ
1568 1788 1742 1844 ταῦτα
1772 1788 1921 1856 λέγοι
1972 1787 2071 1845 καὶ
2106 1846 2146 1862 “
2178 1786 2273 1845 καὶ
2302 1784 2610 1853 βαναύσων,
2676 1789 2893 1860 πρῶτον
2927 1792 3029 1860 μὲν
3058 1792 3161 1846 οὐκ
3187 1789 3336 1862 εἶχον
3392 1793 3479 1855 είς
3523 1794 3641 1845 νοῦν
3660 1794 3742 1846 οὓς

483 1889 718 1955 πράττοι
741 1903 754 1915 ο
787 1883 1117 1955 προσίστατο
1153 1884 1262 1951 γὰρ
1289 1882 1347 1937 τὸ
1381 1882 1705 1947 σκάνδαλον,
1732 1883 1826 1934 καὶ
1855 1881 1917 1935 τὸ
1941 1880 2066 1933 λευ-
2105 1846 2147 1904 Β
2177 1894 2284 1939 τως
2314 1878 2371 1930 ὲν
2410 1878 2613 1948 ἀκαρεί
2671 1880 2992 1951 τελεσθῆναι
3035 1881 3097 1934 τὸ
3151 1884 3304 1953 παρὰ
3352 1882 3449 1935 τοῦ
3502 1882 3741 1952 βασιλέως

484 1978 616 2041 κοὺς
660 1977 993 2048 Ἀγαρηνοὺς
1025 1972 1166 2032 εἶναι
1218 1976 1488 2046 Γραικοὺς
1511 1976 1641 2046 παρ’
1676 1974 1911 2037 ἐκείνοις
1951 1975 2069 2045 μεί-
2178 1968 2519 2039 κινούμενον,
2544 1972 2658 2026 ἀλλ’
2694 1973 2770 2036 ὡς
2802 1974 2896 2032 καὶ
2946 1974 3207 2037 πολλάκις
3236 1977 3577 2045 κινησὰντων
3608 1976 3743 2045 βασι-

484 2073 577 2138 ζον
629 2071 813 2144 ⁴ᾔρετο.
847 2072 1011 2128 Ταῦτ’
1040 2072 1149 2143 ἄρα
1206 2074 1302 2125 καὶ
1349 2070 1623 2143 ᾠκονόμει
1679 2071 1769 2125 διὰ
1825 2072 1926 2139 μὲν
1958 2069 2068 2123 τῶν
2177 2061 2316 2119 λέων
2344 2064 2524 2120 ἄλλων
2557 2065 2626 2120 τὰ
2665 2068 2797 2138 περὶ
2843 2068 3052 2123 τούτων
3101 2069 3541 2123 ἀνακυπτουσῶν
3575 2070 3739 2123 αἰτιῶν

484 2252 637 2309 liatic
666 2253 1046 2311 Ecclesiarum
1093 2260 1148 2308 et
1172 2252 1383 2325 antiqui
1431 2250 1672 2309 scandali
1715 2252 1940 2306 amotio.
1988 2248 2068 2335 ad
2178 2250 2591 2307 conditionibus
2674 2254 2998 2308 memoratis
3057 2253 3388 2323 paciscenda
3436 2271 3453 2309 :
3504 2252 3741 2307 seandalo

483 2350 591 2405 hoc
621 2348 709 2404 ille
740 2349 819 2404 sic
848 2347 1122 2419 agendum
1152 2348 1475 2405 movebatur
1508 2347 1807 2421 exemploe
1842 2344 2069 2401 Joannis
2176 2360 2345 2417 porro
2391 2355 2601 2412 amoto,
2651 2360 2887 2415 pronum
2946 2346 3144 2402 deinde
3205 2361 3433 2416 speratu
3489 2353 3606 2398 erat
3644 2360 3735 2396 noti

484 2440 647 2496 Duce:
680 2441 991 2513 principatu
1034 2444 1294 2509 repetito.
1365 2439 1633 2495 Memoria
1690 2439 1896 2510 quippe
1942 2453 2054 2493 non
2175 2453 2317 2512 aegre
2359 2437 2768 2510 impetrandum
2804 2449 2861 2495 ut
2893 2440 3173 2510 expeditio
3216 2440 3494 2494 maritima
3554 2438 3735 2502 Caroli,

485 2535 560 2592 lta
585 2545 740 2590 vetns
774 2534 1054 2601 exstabat,
1086 2530 1297 2588 Joanne
1331 2534 1480 2589 Duca
1519 2533 1763 2603 impcran
1794 2541 1847 2588 te
1876 2531 2068 2604 synodi
2174 2552 2298 2609 quas
2327 2540 2632 2607 praesertim
2660 2537 2975 2601 timebatur,
3004 2535 3524 2606 indeimpediretnr.
3559 2534 3665 2601 Qua
3685 2550 3738 2588 ex

482 2642 756 2683 consensu
792 2627 1067 2683 decretam
1127 2627 1468 2697 missamque
1499 2626 1826 2696 legationem
1874 2627 1942 2680 ad
1965 2641 2067 2694 pa-
2176 2630 2508 2687 reRemanis
2527 2646 2766 2702 praesens
2798 2631 3051 2713 idemque
3068 2629 3347 2700 quantivis
3370 2629 3527 2699 pretii
3548 2627 3737 2683 fructus

485 2736 635 2791 pam,
666 2736 770 2788 qua
802 2719 975 2774 nostri
1035 2719 1433 2789 proﬁtebantur
1492 2728 1780 2789 separatos
1836 2719 2066 2790 obsequi
2175 2724 2482 2789 exsisteret,
2517 2739 2709 2794 nempe
2731 2733 2791 2779 ut
2818 2723 3167 2778 ﬁrmarentur
3220 2723 3273 2777 in
3321 2737 3520 2777 secura
3550 2735 3743 2791 posscs-

486 2811 729 2881 pontifici
766 2811 1020 2867 Romano
1059 2812 1293 2882 ejusque
1347 2812 1400 2865 in
1437 2827 1595 2867 sacra
1630 2811 1853 2882 liturgia
1915 2829 2068 2866 men—
2175 2815 2330 2871 sione
2380 2828 2554 2883 nuper
2606 2821 2761 2869 tanto
2812 2814 2896 2868 vix
2946 2815 3135 2868 labore
3175 2823 3514 2883 recuperatae
3552 2810 3737 2881 patriae,

484 2905 691 2962 tionem
730 2906 835 2961 rite
896 2905 1095 2971 facere,
1144 2905 1192 2961 si
1247 2906 1295 2961 is
1344 2906 1658 2960 societatem
1716 2906 2069 2975 abrumperet
2175 2921 2280 2961 neu
2306 2913 2659 2975 cogerentur,
2712 2906 2861 2976 quod
2930 2906 3305 2962 miserrimutn
3340 2906 3598 2975 idemque
3648 2919 3737 2956 non

480 3016 609 3055 eum
634 2999 844 3065 Latinis
877 3000 1067 3056 urbem
1095 2999 1621 3071 Constantinopolim
1659 3003 2067 3066 tenentibus,et
2178 2998 2395 3057 vitabile
2429 2999 2585 3054 aliter
2616 3009 2786 3064 esset,
2810 3015 2974 3069 quam
2994 2996 3072 3054 ab
3105 2998 3225 3054 beri
3274 3008 3375 3054 aut
3410 2999 3606 3052 nudius
3638 2996 3737 3050 flare

483 3111 544 3153 se
571 3096 681 3151 illis
710 3095 918 3151 auxilia
951 3111 1058 3151 non
1094 3094 1390 3151 missurum
1450 3096 1818 3165 polliceretur.
1880 3094 1956 3149 Ea
1984 3096 2064 3150 le-
2175 3092 2372 3151 tertius
2399 3097 2636 3150 revisere
2663 3096 2963 3165 cmpissent
2995 3109 3060 3149 ex
3087 3104 3198 3149 tam
3226 3093 3495 3147 diuturna
3539 3102 3737 3158 tamque

484 3188 703 3263 gatioue
738 3189 909 3244 functi
966 3195 1097 3243 sunt
1124 3186 1366 3256 episcopi
1396 3186 1527 3247 duo.
1570 3187 1732 3259 367
1772 3186 2067 3244 Sardensis
2097 3217 2143 3279 ο
2173 3186 2293 3241 dira
2324 3187 2585 3242 servitute
2644 3203 2859 3243 summa
2921 3187 2969 3242 vi
3026 3198 3305 3256 receptam
3359 3184 3730 3240 dulcissimam

485 3280 840 3337 Andronicus
875 3290 930 3336 et
957 3281 1268 3352 Cyzicenus
1318 3280 1605 3350 Georgius.
1673 3279 2070 3350 Fecissentque
2112 3276 2131 3279 ⁷
2175 3279 2429 3351 patriam.
2452 3279 2762 3350 relinquere
2813 3282 3011 3335 iterum
3065 3289 3119 3335 et
3149 3280 3202 3334 in
3235 3280 3542 3349 longinqua
3568 3276 3735 3331 exsilii

489 3374 671 3430 nostri
698 3375 843 3445 quod
878 3373 1210 3439 aliercbant,
1249 3372 1296 3427 si
1331 3372 1408 3426 illi
1445 3376 1778 3442 propositam
1797 3375 2071 3431 conditio-
2175 3373 2375 3429 redire.
2416 3372 2568 3429 Talia
2622 3374 2925 3443 imperator
2972 3374 3195 3429 assidue
3220 3388 3416 3428 secum
3476 3380 3735 3443 reputans.

485 3483 612 3522 nem
669 3475 960 3538 acceptare
1016 3466 1341 3522 voluissent.
1404 3466 1460 3521 In
1515 3468 1616 3523 hac
1691 3468 2073 3525 recordatione
2174 3474 2232 3519 et
2253 3463 2397 3533 apud
2430 3463 2733 3519 familiares
2760 3465 3047 3519 disserens
3074 3480 3196 3518 eum
3229 3467 3494 3521 continua
3523 3463 3739 3519 inculcao

485 3560 723 3616 celebris
759 3560 887 3614 facti
915 3575 1242 3631 comparans
1279 3560 1579 3630 imperator
1603 3561 1769 3616 ambo
1794 3573 2065 3631 tempora,
2174 3556 2323 3612 tione
2354 3556 2580 3626 periculi
2611 3556 2839 3611 extremi
2870 3572 3023 3627 teque
3049 3557 3216 3629 368
3272 3559 3496 3614 cunctis
3549 3558 3737 3623 impcn-
3826 3556 3831 3628 ᾖ

487 3649 794 3721 reperiebat
824 3650 999 3721 magis
1054 3666 1202 3707 nunc
1248 3652 1623 3709 necessarium
1667 3654 1723 3708 id
1774 3654 2067 3710 consilium
2174 3652 2377 3712 dentis.
2408 3651 2570 3721 cujus
2619 3651 2733 3706 haec
2766 3667 2873 3704 una
2914 3651 3277 3721 pravertendi
3321 3651 3612 3707 on'erretur
3638 3652 3732 3712 via,

483 3741 684 3809 videri,
715 3743 989 3811 siquidem
1013 3752 1144 3799 tunc
1201 3745 1304 3801 ista
1338 3745 1576 3815 majores
1610 3749 1784 3803 nostri
1830 3748 2070 3819 pacisce-
2176 3744 2382 3798 multus
2414 3742 2543 3797 item
2570 3753 2689 3798 erat
2720 3746 2775 3799 in
2815 3745 3100 3799 suadendo
3135 3743 3237 3799 ieta
3286 3754 3405 3799 tum
3435 3741 3734 3813 patriarcha:

485 3835 689 3889 bantur
716 3836 785 3891 ad
820 3836 1258 3908 recuperandum
1303 3840 1448 3907 quod
1478 3856 1587 3896 non
1615 3841 1876 3895 tenebant
1904 3859 1918 3895 :
1948 3857 2069 3897 mo-
2177 3848 2290 3893 tum
2327 3838 2558 3909 synodo.
2587 3837 2665 3892 Illi
2695 3848 2880 3894 autem
2913 3837 3018 3894 etsi
3064 3838 3245 3893 obiter
3295 3839 3414 3894 hare
3475 3839 3645 3909 potius
3681 3851 3735 3890 ac

487 3927 561 3981 do
589 3935 771 3981 autem
803 3928 891 3999 agi
924 3930 994 3983 de
1029 3945 1140 3984 non
1175 3931 1476 3987 amittendo
1506 3934 1648 4002 quod
1689 3934 1743 3988 in
1784 3950 1946 3989 manu
1976 3951 2069 3991 es-
2173 3932 2546 4003 perfunctorie
2572 3947 2736 4000 quam
2763 3932 2994 3985 libenter
3013 3931 3546 4000 audiebant.praase
3571 3939 3726 3983 tamen

485 4028 594 4076 aet.
658 4020 809 4076 Solet
861 4031 1043 4077 autem
1111 4023 1294 4093 majus
1339 4026 1521 4094 putari
1580 4026 1784 4081 malum
1842 4028 2072 4097 perdere
2176 4024 2581 4079 tunctulerunt
2606 4032 2816 4093 gratam
2846 4038 2963 4076 eam
2993 4023 3098 4078 sibi
3120 4023 3542 4094 jucundamque
3567 4019 3728 4101 inferri

488 4113 633 4181 quod
670 4114 973 4183 possideas,
1010 4130 1176 4183 quam
1217 4131 1325 4170 non
1355 4117 1647 4187 acquirere
1673 4121 1821 4187 quod
1844 4119 1939 4173 tibi
1977 4120 2073 4175 de-
2175 4116 2529 4181 mentionem,
2584 4118 2732 4171 velut
2763 4131 2826 4170 ea
2844 4116 3100 4186 ipsorum
3160 4115 3607 4170 dcmulcerentur
3637 4128 3723 4166 au-

482 4204 657 4260 bitum
700 4206 1001 4263 existimes.
1038 4206 1095 4261 Si
1131 4222 1261 4277 ergo
1293 4218 1441 4264 recte
1490 4225 1556 4265 ac
1589 4211 1887 4279 prudenter
1940 4220 2070 4266 tunc
2176 4223 2301 4275 res;
2339 4209 2484 4277 quod
2519 4207 2660 4262 falso
2690 4205 3081 4270 simulabatur,
3107 4205 3268 4276 longe
3291 4204 3361 4261 ab
3399 4205 3610 4261 arcanis
3636 4204 3729 4258 dis-

480 4300 659 4355 nostri
690 4315 788 4370 pro
812 4317 909 4365 spe
935 4304 1295 4373 recuperandi
1342 4306 1535 4360 urbem
1570 4306 1701 4360 talia
1740 4306 2070 4376 promittere
2174 4315 2409 4370 crepans
2437 4302 2719 4357 sensibus.
2755 4298 2959 4355 Verum
2996 4299 3106 4355 illis
3135 4307 3197 4353 ut
3227 4314 3333 4354 non
3361 4299 3609 4368 placebat
3640 4311 3723 4350 ne-

482 4402 805 4462 potuerunt,
834 4394 1023 4464 quidni
1059 4412 1161 4452 nos
1196 4399 1418 4453 easdem
1454 4400 1575 4454 sine
1600 4399 1752 4467 jnsta
1790 4400 2071 4468 vitupera-
2176 4396 2407 4464 gotinm,
2439 4396 2510 4450 ita
2533 4410 2636 4449 nec
2666 4393 2989 4465 suppetebat
3016 4408 3260 4463 praesens
3288 4394 3512 4449 animus
3562 4393 3621 4445 ad
3648 4389 3731 4445 ob-

484 4484 634 4538 tione
658 4489 1006 4555 paciscamur
1037 4487 1090 4541 in
1138 4490 1394 4559 praesenti
1438 4502 1584 4545 metu
1636 4491 1882 4561 ejusdem
1917 4492 2069 4547 urbis
2177 4488 2434 4543 standum
2469 4486 2658 4543 coram
2685 4486 2739 4540 in
2765 4501 2829 4541 os
2861 4487 3094 4557 principi
3122 4495 3311 4541 contra
3360 4485 3574 4549 nitenti,
3597 4482 3730 4550 cujus

482 4578 839 4642 amittendae;
880 4581 1038 4651 cujus
1092 4597 1290 4651 nempe
1348 4584 1628 4654 jacturam
1691 4586 1865 4638 vitare
1915 4586 2074 4641 aliter
2102 4570 2151 4635 9
2176 4582 2353 4650 gratia
2386 4590 2442 4636 ct
2463 4579 2792 4635 verecundia
2821 4580 3058 4635 obnoxie
3084 4580 3372 4635 constricti
3402 4579 3732 4647 adquiescen-

482 4685 593 4724 non
622 4672 961 4739 possnnms?
992 4672 1345 4730 Manifestum
1377 4689 1561 4732 autem
1597 4691 1724 4732 esse
1759 4691 1868 4734 non
1902 4694 2064 4748 posse
2177 4679 2315 4732 tium
2370 4679 2608 4747 speciem
2664 4677 3001 4746 prazbebaut.
3062 4673 3359 4747 Utcunque
3407 4676 3514 4729 illis
3546 4679 3728 4727 certum

483 4765 594 4817 ulla
622 4764 830 4818 ratione
873 4766 959 4836 agi
1002 4782 1126 4821 cum
1174 4784 1314 4838 papa
1368 4784 1465 4838 spe
1508 4769 1799 4825 inducendi
1836 4785 1961 4825 eum
1997 4772 2065 4827 ad
2176 4779 2296 4825 erat
2336 4780 2581 4841 perstare
2599 4772 2859 4841 deinceps
2886 4786 3109 4842 quoque
3138 4771 3193 4825 in
3226 4770 3399 4826 semel
3430 4768 3574 4823 adita
3624 4775 3731 4833 pos-

482 4853 773 4911 favcndnm
806 4857 1029 4925 Graecis,
1065 4861 1167 4916 nisi
1194 4864 1370 4930 prima
1413 4863 1467 4916 in
1514 4862 1694 4919 fronte
1717 4865 2072 4920 tractationis
2177 4864 2423 4919 sessione
2455 4863 2805 4919 auctoritatis
2837 4863 3272 4934 tndependentis,
3296 4878 3404 4932 qua
3431 4857 3725 4915 Ecclesiam.

481 4952 676 5007 talium
714 4968 896 5006 rerum
932 4955 1225 5023 promissio
1259 4964 1409 5009 certa
1429 4956 1737 5011 collocetur
1774 4973 1788 5011 :
1823 4959 2067 5027 quandiu
2179 4968 2242 5012 ut
2280 4958 2454 5027 prius,
2487 4958 2557 5013 ab
2591 4958 2743 5015 omni
2774 4957 3082 5013 absolutam
3147 4955 3310 5011 alieni
3339 4954 3603 5025 primatus
3627 4945 3730 5003 sub-

482 5044 630 5098 cnim
666 5045 980 5099 conciliatio
1027 5045 1399 5101 Ecclesiarum
1432 5062 1539 5101 non
1575 5047 1909 5112 ostenditur,
1942 5064 2070 5119 per-
2172 5046 2416 5122 jectione
2441 5064 2500 5106 se
2535 5050 2700 5105 ﬁxum
2738 5050 3015 5105 habebant
3046 5049 3311 5110 tuituros,
3348 5062 3419 5101 ne
3446 5035 3731 5110 caupo’num‘

483 5148 592 5192 stat
630 5138 949 5192 scandalum
978 5151 1156 5202 vetus,
1184 5150 1238 5194 et
1273 5138 1659 5194 conventionis
1698 5140 1883 5195 omnis
1923 5141 2068 5196 viam
2177 5155 2232 5200 et
2258 5144 2542 5200 illiberalis
2566 5142 2732 5198 sortis
2780 5141 3213 5198 homnncionum
3272 5137 3469 5209 subjici
3516 5145 3725 5200 unquam

484 5228 1117 5299 obstruitlapisqnidam
1150 5232 1391 5300 antiqua;
1431 5230 2075 5296 oﬂ‘eusionis,invctera-
2179 5237 2330 5306 ipsos
2379 5237 2551 5305 (quod
2584 5234 3069 5305 abominabantur)
3121 5232 3333 5303 judicio
3394 5228 3723 5295 contingeret

486 5335 647 5393 taque
665 5322 1236 5379 Latiniscousuetudo
1258 5322 1476 5381 Graecos
1494 5324 1851 5381 existimandi
1874 5344 2069 5383 vocan-
2179 5329 2536 5384 Dissimulare
2572 5338 2756 5383 autem
2810 5328 2866 5381 in
2896 5327 3017 5382 istis
3042 5324 3219 5380 initiis
3262 5332 3378 5378 tuto
3403 5337 3462 5377 se
3499 5319 3727 5389 putatum

482 5419 650 5487 dique
681 5416 1017 5472 Sarracenos
1058 5418 1253 5484 albos;
1300 5417 1392 5487 qui
1417 5433 1615 5474 sensus
1642 5422 1824 5489 quoad
1847 5419 1900 5474 in
1927 5424 2078 5490 ipso-
2183 5436 2367 5491 posse,
2422 5421 2665 5490 primum
2718 5419 2849 5491 quia
2888 5418 3172 5488 nunquam
3237 5415 3370 5483 ipsis
3405 5414 3458 5467 in
3518 5418 3723 5466 mentem

484 5525 609 5565 rum
640 5508 873 5578 viguerit
895 5509 1119 5576 animis,
1145 5508 1348 5566 frustra
1379 5520 1631 5581 speretur
1646 5512 1809 5567 ullam
1830 5528 2072 5583 unquam
2180 5514 2329 5569 venit
2362 5528 2472 5568 uno
2490 5514 2569 5568 sic
2593 5508 3383 5566 momentoeonsumm‘andam
3416 5520 3549 5568 rem,
3583 5509 3721 5569 quam

484 5616 867 5671 processuram
906 5602 1152 5672 cujusvis
1209 5618 1336 5657 cum
1371 5602 1439 5657 iis
1479 5604 1791 5659 concordia:
1820 5603 2072 5660 ineundas
2184 5622 2408 5662 movere
2468 5600 2772 5676 incipiebat
2826 5604 3145 5673 imperator.
3196 5614 3383 5654 verum
3432 5602 3720 5650 eventurum

485 5694 777 5749 rationem.
812 5693 997 5761 Quare
1028 5711 1131 5751 suo
1157 5695 1401 5750 serviens
1425 5697 1657 5766 tempori
1689 5697 1919 5752 omnino
1945 5713 2076 5753 con-
2182 5714 2333 5756 nunc
2355 5695 2961 5769 quoque,confldebant
2982 5694 3129 5765 quod
3158 5707 3301 5764 saepe
3334 5691 3456 5746 aliis
3488 5687 3614 5744 alias
3638 5683 3723 5737 im-

486 5784 666 5839 stituit
697 5785 802 5840 hoc
828 5777 1161 5841 aeternorum
1214 5784 1574 5841 dissidiorum
1610 5800 1799 5841 semen
1863 5795 1920 5840 et
1978 5802 2074 5843 ne-
2182 5791 2533 5862 peratoribus
2564 5791 2706 5846 idem
2726 5789 3000 5863 aggressis
3035 5803 3136 5842 usu
3170 5793 3414 5847 venerat,
3471 5790 3650 5846 nempe
3676 5778 3722 5824 ιιι

494 5881 750 5938 cesserim
769 5879 1179 5940 conciliationis
1215 5882 1438 5940 unicum
1464 5882 1675 5940 obicem
1692 5881 1916 5953 tollere,
1943 5898 2077 5957 pace
2181 5882 2587 5941 disturbaretur
2623 5897 2720 5953 per
2752 5894 2873 5938 sese
2913 5877 3220 5953 negotium,
3281 5883 3472 5948 sponte
3500 5867 3648 5933 natis,
3673 5866 3719 5917 ιιι
