  <div class='ocr_page' id='page_1' title='image "/cluster/home/n/w/nwhite01/storage/ocr_20150623/143/hvd.32044019208321/449.png"; bbox 0 0 3964 6520; ppageno 0'>
   <div class='ocr_carea' id='block_1_1' title="bbox 445 346 550 411">
    <p class='ocr_par' dir='ltr' id='par_1_1' title="bbox 445 346 550 411">
     <span class='ocr_line' id='line_1_1' title="bbox 445 346 550 411; baseline -0.019 0"><span class='ocrx_word' id='word_1_1' title='bbox 445 346 550 411; x_wconf 66' lang='lat'><strong>823</strong></span> 
     </span>
    </p>
   </div>
   <div class='ocr_carea' id='block_1_2' title="bbox 1653 347 2499 412">
    <p class='ocr_par' dir='ltr' id='par_1_2' title="bbox 1653 347 2499 412">
     <span class='ocr_line' id='line_1_2' title="bbox 1653 347 2499 412; baseline 0.001 -3"><span class='ocrx_word' id='word_1_2' title='bbox 1653 347 1976 409; x_wconf 80' lang='lat' dir='ltr'><strong>GEORGII</strong></span> <span class='ocrx_word' id='word_1_3' title='bbox 2015 348 2499 412; x_wconf 69' lang='grc' dir='ltr'><strong>ΡΑΠΠΥΜΕιὶίΕ</strong></span> 
     </span>
    </p>
   </div>
   <div class='ocr_carea' id='block_1_3' title="bbox 3588 351 3701 417">
    <p class='ocr_par' dir='ltr' id='par_1_3' title="bbox 3588 351 3701 417">
     <span class='ocr_line' id='line_1_3' title="bbox 3588 351 3701 417; baseline 0 -1"><span class='ocrx_word' id='word_1_4' title='bbox 3588 351 3701 417; x_wconf 64' lang='grc' dir='ltr'>εει·</span> 
     </span>
    </p>
   </div>
   <div class='ocr_carea' id='block_1_4' title="bbox 445 444 3683 537">
    <p class='ocr_par' dir='ltr' id='par_1_4' title="bbox 445 444 3683 537">
     <span class='ocr_line' id='line_1_4' title="bbox 445 444 3683 537; baseline 0.001 -16"><span class='ocrx_word' id='word_1_5' title='bbox 445 467 720 536; x_wconf 79' lang='grc' dir='ltr'><strong>ἀδελφοῖς,</strong></span> <span class='ocrx_word' id='word_1_6' title='bbox 748 465 781 536; x_wconf 80' lang='grc' dir='ltr'>ἢ</span> <span class='ocrx_word' id='word_1_7' title='bbox 809 465 918 536; x_wconf 79' lang='grc' dir='ltr'>μὴν</span> <span class='ocrx_word' id='word_1_8' title='bbox 951 465 1010 520; x_wconf 66' lang='grc' dir='ltr'>ἐν</span> <span class='ocrx_word' id='word_1_9' title='bbox 1039 465 1150 530; x_wconf 85' lang='grc' dir='ltr'>τοῖς</span> <span class='ocrx_word' id='word_1_10' title='bbox 1177 464 1330 528; x_wconf 75' lang='grc' dir='ltr'>ἰδίοις</span> <span class='ocrx_word' id='word_1_11' title='bbox 1353 465 1628 535; x_wconf 80' lang='grc' dir='ltr'>ὁφφικίοις</span> <span class='ocrx_word' id='word_1_12' title='bbox 1655 466 1868 529; x_wconf 49' lang='grc' dir='ltr'>εἶτ’,ουν</span> <span class='ocrx_word' id='word_1_13' title='bbox 1899 480 2029 535; x_wconf 83' lang='grc' dir='ltr'>προ·</span> <span class='ocrx_word' id='word_1_14' title='bbox 2060 467 2100 518; x_wconf 84' lang='grc' dir='ltr'>Α</span> <span class='ocrx_word' id='word_1_15' title='bbox 2134 464 2324 535; x_wconf 77' lang='grc' dir='ltr'>ρήνης,</span> <span class='ocrx_word' id='word_1_16' title='bbox 2351 465 2379 518; x_wconf 79' lang='grc' dir='ltr'>ὅ</span> <span class='ocrx_word' id='word_1_17' title='bbox 2408 467 2473 537; x_wconf 78' lang='grc' dir='ltr'>δὴ</span> <span class='ocrx_word' id='word_1_18' title='bbox 2505 466 2597 521; x_wconf 68' lang='grc' dir='ltr'><strong>καὶ</strong></span> <span class='ocrx_word' id='word_1_19' title='bbox 2628 466 2840 536; x_wconf 83' lang='grc' dir='ltr'>γίνεται</span> <span class='ocrx_word' id='word_1_20' title='bbox 2892 464 3141 536; x_wconf 67' lang='grc' dir='ltr'>ὕστερον.</span> <span class='ocrx_word' id='word_1_21' title='bbox 3197 461 3362 520; x_wconf 91' lang='grc' dir='ltr'>Ταῦτ’</span> <span class='ocrx_word' id='word_1_22' title='bbox 3395 465 3564 532; x_wconf 72' lang='grc' dir='ltr'>ἔλεγε,</span> <span class='ocrx_word' id='word_1_23' title='bbox 3597 444 3683 523; x_wconf 76' lang='grc' dir='ltr'>καὶ</span> 
     </span>
    </p>
   </div>
   <div class='ocr_carea' id='block_1_5' title="bbox 444 551 2022 628">
    <p class='ocr_par' dir='ltr' id='par_1_5' title="bbox 444 551 2022 628">
     <span class='ocr_line' id='line_1_5' title="bbox 444 551 2022 628; baseline -0.003 -17"><span class='ocrx_word' id='word_1_24' title='bbox 444 557 654 628; x_wconf 83' lang='grc' dir='ltr'>νομίοις</span> <span class='ocrx_word' id='word_1_25' title='bbox 686 556 798 610; x_wconf 76' lang='grc' dir='ltr'>ὄνθ’</span> <span class='ocrx_word' id='word_1_26' title='bbox 839 556 1099 625; x_wconf 80' lang='grc' dir='ltr'>ἑκάτερον</span> <span class='ocrx_word' id='word_1_27' title='bbox 1139 553 1225 627; x_wconf 84' lang='grc' dir='ltr'><strong>[Ρ.</strong></span> <span class='ocrx_word' id='word_1_28' title='bbox 1274 555 1407 628; x_wconf 65' lang='lat'><strong>252]</strong></span> <span class='ocrx_word' id='word_1_29' title='bbox 1447 556 1524 626; x_wconf 79' lang='grc' dir='ltr'>μὴ</span> <span class='ocrx_word' id='word_1_30' title='bbox 1575 551 1719 608; x_wconf 72' lang='grc' dir='ltr'>οὕτω</span> <span class='ocrx_word' id='word_1_31' title='bbox 1750 553 2022 625; x_wconf 79' lang='grc' dir='ltr'><strong>διαφόρως</strong></span> 
     </span>
    </p>
   </div>
   <div class='ocr_carea' id='block_1_6' title="bbox 444 647 2026 721">
    <p class='ocr_par' dir='ltr' id='par_1_6' title="bbox 444 647 2026 721">
     <span class='ocr_line' id='line_1_6' title="bbox 444 647 2026 721; baseline -0.003 -18"><span class='ocrx_word' id='word_1_32' title='bbox 444 652 591 721; x_wconf 80' lang='grc' dir='ltr'>ἔχειν</span> <span class='ocrx_word' id='word_1_33' title='bbox 639 651 731 704; x_wconf 80' lang='grc' dir='ltr'>καὶ</span> <span class='ocrx_word' id='word_1_34' title='bbox 771 649 1102 720; x_wconf 76' lang='grc' dir='ltr'>ἀκηρύκτως</span> <span class='ocrx_word' id='word_1_35' title='bbox 1147 649 1398 719; x_wconf 84' lang='grc' dir='ltr'>ἀλλήλοις</span> <span class='ocrx_word' id='word_1_36' title='bbox 1441 647 1892 718; x_wconf 80' lang='grc' dir='ltr'>ἀπεχθάνεσθαι·</span> <span class='ocrx_word' id='word_1_37' title='bbox 1927 647 2026 714; x_wconf 87' lang='grc' dir='ltr'>ἀρ-</span> 
     </span>
    </p>
   </div>
   <div class='ocr_carea' id='block_1_7' title="bbox 445 729 2024 813">
    <p class='ocr_par' dir='ltr' id='par_1_7' title="bbox 445 729 2024 813">
     <span class='ocr_line' id='line_1_7' title="bbox 445 729 2024 813; baseline -0.005 -17"><span class='ocrx_word' id='word_1_38' title='bbox 445 747 566 797; x_wconf 85' lang='grc' dir='ltr'>κεῖν</span> <span class='ocrx_word' id='word_1_39' title='bbox 593 745 702 812; x_wconf 83' lang='grc' dir='ltr'><strong>γὰρ</strong></span> <span class='ocrx_word' id='word_1_40' title='bbox 737 742 1064 813; x_wconf 76' lang='grc' dir='ltr'>ἀμφοτέροις</span> <span class='ocrx_word' id='word_1_41' title='bbox 1113 742 1237 804; x_wconf 82' lang='grc' dir='ltr'>τοὺς</span> <span class='ocrx_word' id='word_1_42' title='bbox 1266 739 1493 813; x_wconf 74' lang='grc' dir='ltr'>ἐχθροὺς</span> <span class='ocrx_word' id='word_1_43' title='bbox 1521 741 1616 794; x_wconf 85' lang='grc' dir='ltr'><strong>τοῦ</strong></span> <span class='ocrx_word' id='word_1_44' title='bbox 1645 737 1903 810; x_wconf 85' lang='grc' dir='ltr'>σταυροῦ,</span> <span class='ocrx_word' id='word_1_45' title='bbox 1948 729 2024 789; x_wconf 83' lang='grc' dir='ltr'>ὧν</span> 
     </span>
    </p>
   </div>
   <div class='ocr_carea' id='block_1_8' title="bbox 445 832 2024 906">
    <p class='ocr_par' dir='ltr' id='par_1_8' title="bbox 445 832 2024 906">
     <span class='ocr_line' id='line_1_8' title="bbox 445 832 2024 906; baseline -0.004 -18"><span class='ocrx_word' id='word_1_46' title='bbox 445 836 504 889; x_wconf 72' lang='grc' dir='ltr'><strong>τὸ</strong></span> <span class='ocrx_word' id='word_1_47' title='bbox 535 837 687 899; x_wconf 79' lang='grc' dir='ltr'>τέλος</span> <span class='ocrx_word' id='word_1_48' title='bbox 712 834 980 902; x_wconf 79' lang='grc' dir='ltr'><strong>ἀπώλεια,</strong></span> <span class='ocrx_word' id='word_1_49' title='bbox 1003 837 1098 889; x_wconf 73' lang='grc' dir='ltr'><strong>καὶ</strong></span> <span class='ocrx_word' id='word_1_50' title='bbox 1124 837 1408 906; x_wconf 72' lang='grc' dir='ltr'>ἀγαπητὸν</span> <span class='ocrx_word' id='word_1_51' title='bbox 1432 832 1802 904; x_wconf 84' lang='grc' dir='ltr'>ἀποχρώντως</span> <span class='ocrx_word' id='word_1_52' title='bbox 1829 832 2024 902; x_wconf 81' lang='grc' dir='ltr'>φέρον-</span> 
     </span>
    </p>
   </div>
   <div class='ocr_carea' id='block_1_9' title="bbox 443 924 2024 1000">
    <p class='ocr_par' dir='ltr' id='par_1_9' title="bbox 443 924 2024 1000">
     <span class='ocr_line' id='line_1_9' title="bbox 443 924 2024 1000; baseline -0.004 -20"><span class='ocrx_word' id='word_1_53' title='bbox 443 945 544 988; x_wconf 81' lang='grc' dir='ltr'><strong>τας</strong></span> <span class='ocrx_word' id='word_1_54' title='bbox 576 929 746 997; x_wconf 77' lang='grc' dir='ltr'>ὄνομα</span> <span class='ocrx_word' id='word_1_55' title='bbox 792 929 886 982; x_wconf 81' lang='grc' dir='ltr'><strong>τοῦ</strong></span> <span class='ocrx_word' id='word_1_56' title='bbox 940 928 1183 1000; x_wconf 81' lang='grc' dir='ltr'><strong>Χριστοῦ</strong></span> <span class='ocrx_word' id='word_1_57' title='bbox 1235 929 1370 999; x_wconf 71' lang='grc' dir='ltr'>πρὸς</span> <span class='ocrx_word' id='word_1_58' title='bbox 1421 927 1664 989; x_wconf 77' lang='grc' dir='ltr'><strong>ἐκείνους</strong></span> <span class='ocrx_word' id='word_1_59' title='bbox 1728 924 2024 994; x_wconf 83' lang='grc' dir='ltr'>μάχεσθαι,</span> 
     </span>
    </p>
   </div>
   <div class='ocr_carea' id='block_1_10' title="bbox 443 1018 2028 1093">
    <p class='ocr_par' dir='ltr' id='par_1_10' title="bbox 443 1018 2028 1093">
     <span class='ocr_line' id='line_1_10' title="bbox 443 1018 2028 1093; baseline -0.003 -21"><span class='ocrx_word' id='word_1_60' title='bbox 443 1022 578 1074; x_wconf 81' lang='grc' dir='ltr'>ὅπου</span> <span class='ocrx_word' id='word_1_61' title='bbox 613 1022 706 1074; x_wconf 74' lang='grc' dir='ltr'>καὶ</span> <span class='ocrx_word' id='word_1_62' title='bbox 738 1022 798 1075; x_wconf 84' lang='grc' dir='ltr'>τὸ</span> <span class='ocrx_word' id='word_1_63' title='bbox 851 1023 1008 1093; x_wconf 79' lang='grc' dir='ltr'>νικᾷν</span> <span class='ocrx_word' id='word_1_64' title='bbox 1044 1021 1328 1074; x_wconf 72' lang='grc' dir='ltr'>ἐπαινετὸν</span> <span class='ocrx_word' id='word_1_65' title='bbox 1383 1020 1477 1074; x_wconf 72' lang='grc' dir='ltr'>καὶ</span> <span class='ocrx_word' id='word_1_66' title='bbox 1527 1018 1587 1072; x_wconf 80' lang='grc' dir='ltr'>τὸ</span> <span class='ocrx_word' id='word_1_67' title='bbox 1625 1020 2028 1086; x_wconf 73' lang='grc' dir='ltr'><strong>ἀποτυγχάνειν</strong></span> 
     </span>
    </p>
   </div>
   <div class='ocr_carea' id='block_1_11' title="bbox 447 1109 2026 1187">
    <p class='ocr_par' dir='ltr' id='par_1_11' title="bbox 447 1109 2026 1187">
     <span class='ocr_line' id='line_1_11' title="bbox 447 1109 2026 1187; baseline -0.004 -20"><span class='ocrx_word' id='word_1_68' title='bbox 447 1116 734 1184; x_wconf 71' lang='grc' dir='ltr'>σωτήριον,</span> <span class='ocrx_word' id='word_1_69' title='bbox 768 1115 913 1185; x_wconf 75' lang='grc' dir='ltr'>ἔργῳ</span> <span class='ocrx_word' id='word_1_70' title='bbox 947 1115 1044 1187; x_wconf 82' lang='grc' dir='ltr'>τὴν</span> <span class='ocrx_word' id='word_1_71' title='bbox 1079 1115 1393 1186; x_wconf 78' lang='grc' dir='ltr'>προθυμίαν</span> <span class='ocrx_word' id='word_1_72' title='bbox 1423 1112 1680 1177; x_wconf 80' lang='grc' dir='ltr'>δείξασιν.</span> <span class='ocrx_word' id='word_1_73' title='bbox 1740 1109 1898 1163; x_wconf 76' lang='grc' dir='ltr'>Οὕτω</span> <span class='ocrx_word' id='word_1_74' title='bbox 1928 1109 2026 1178; x_wconf 85' lang='grc' dir='ltr'>μὲν</span> 
     </span>
    </p>
   </div>
   <div class='ocr_carea' id='block_1_12' title="bbox 443 1199 2026 1276">
    <p class='ocr_par' dir='ltr' id='par_1_12' title="bbox 443 1199 2026 1276">
     <span class='ocr_line' id='line_1_12' title="bbox 443 1199 2026 1276; baseline -0.004 -20"><span class='ocrx_word' id='word_1_75' title='bbox 443 1199 536 1257; x_wconf 66' lang='grc' dir='ltr'>οὖν</span> <span class='ocrx_word' id='word_1_76' title='bbox 578 1206 712 1274; x_wconf 73' lang='grc' dir='ltr'>πρὸς</span> <span class='ocrx_word' id='word_1_77' title='bbox 751 1205 1014 1275; x_wconf 77' lang='grc' dir='ltr'>ἀλλήλους</span> <span class='ocrx_word' id='word_1_78' title='bbox 1039 1205 1254 1276; x_wconf 83' lang='grc' dir='ltr'>ἔχοντες</span> <span class='ocrx_word' id='word_1_79' title='bbox 1291 1203 1548 1274; x_wconf 77' lang='grc' dir='ltr'>βασιλεὺς</span> <span class='ocrx_word' id='word_1_80' title='bbox 1574 1202 1667 1254; x_wconf 70' lang='grc' dir='ltr'>καὶ</span> <span class='ocrx_word' id='word_1_81' title='bbox 1704 1199 2026 1270; x_wconf 72' lang='grc' dir='ltr'>Γρηγόριος,</span> 
     </span>
    </p>
   </div>
   <div class='ocr_carea' id='block_1_13' title="bbox 445 1293 2024 1368">
    <p class='ocr_par' dir='ltr' id='par_1_13' title="bbox 445 1293 2024 1368">
     <span class='ocr_line' id='line_1_13' title="bbox 445 1293 2024 1368; baseline -0.003 -20"><span class='ocrx_word' id='word_1_82' title='bbox 445 1299 472 1348; x_wconf 89' lang='grc' dir='ltr'>ὁ</span> <span class='ocrx_word' id='word_1_83' title='bbox 507 1297 602 1366; x_wconf 71' lang='grc' dir='ltr'><strong>μὲν</strong></span> <span class='ocrx_word' id='word_1_84' title='bbox 633 1299 751 1366; x_wconf 77' lang='grc' dir='ltr'>ἠῖεν</span> <span class='ocrx_word' id='word_1_85' title='bbox 781 1299 860 1360; x_wconf 78' lang='grc' dir='ltr'><strong>είς</strong></span> <span class='ocrx_word' id='word_1_86' title='bbox 896 1298 954 1350; x_wconf 78' lang='grc' dir='ltr'>τὸ</span> <span class='ocrx_word' id='word_1_87' title='bbox 985 1299 1173 1365; x_wconf 72' lang='grc' dir='ltr'>πρὸσω</span> <span class='ocrx_word' id='word_1_88' title='bbox 1195 1297 1294 1368; x_wconf 80' lang='grc' dir='ltr'>τὴν</span> <span class='ocrx_word' id='word_1_89' title='bbox 1337 1296 1675 1368; x_wconf 80' lang='grc' dir='ltr'>χειροτονίαν</span> <span class='ocrx_word' id='word_1_90' title='bbox 1716 1293 2024 1362; x_wconf 79' lang='grc' dir='ltr'>δεξόμενος,</span> 
     </span>
    </p>
   </div>
   <div class='ocr_carea' id='block_1_14' title="bbox 448 1385 2028 1461">
    <p class='ocr_par' dir='ltr' id='par_1_14' title="bbox 448 1385 2028 1461">
     <span class='ocr_line' id='line_1_14' title="bbox 448 1385 2028 1461; baseline -0.004 -20"><span class='ocrx_word' id='word_1_91' title='bbox 448 1387 705 1456; x_wconf 67' lang='grc' dir='ltr'>βασιλεὶς</span> <span class='ocrx_word' id='word_1_92' title='bbox 737 1390 795 1443; x_wconf 79' lang='grc' dir='ltr'>δὲ</span> <span class='ocrx_word' id='word_1_93' title='bbox 832 1390 998 1454; x_wconf 78' lang='grc' dir='ltr'>πολὺς</span> <span class='ocrx_word' id='word_1_94' title='bbox 1027 1385 1098 1461; x_wconf 77' lang='grc' dir='ltr'>ἦν</span> <span class='ocrx_word' id='word_1_95' title='bbox 1153 1389 1403 1443; x_wconf 75' lang='grc' dir='ltr'>ἐντεῦθεν</span> <span class='ocrx_word' id='word_1_96' title='bbox 1439 1391 1502 1459; x_wconf 73' lang='grc' dir='ltr'><strong>τῇ</strong></span> <span class='ocrx_word' id='word_1_97' title='bbox 1557 1387 1760 1455; x_wconf 73' lang='grc' dir='ltr'>συνόδρ</span> <span class='ocrx_word' id='word_1_98' title='bbox 1815 1386 2028 1456; x_wconf 77' lang='grc' dir='ltr'>ἐπέχων</span> 
     </span>
    </p>
   </div>
   <div class='ocr_carea' id='block_1_15' title="bbox 445 1482 2029 1556">
    <p class='ocr_par' dir='ltr' id='par_1_15' title="bbox 445 1482 2029 1556">
     <span class='ocr_line' id='line_1_15' title="bbox 445 1482 2029 1556; baseline -0.002 -20"><span class='ocrx_word' id='word_1_99' title='bbox 445 1485 540 1536; x_wconf 73' lang='grc' dir='ltr'>καὶ</span> <span class='ocrx_word' id='word_1_100' title='bbox 565 1484 652 1536; x_wconf 67' lang='grc' dir='ltr'><strong>τδν</strong></span> <span class='ocrx_word' id='word_1_101' title='bbox 688 1486 1035 1556; x_wconf 80' lang='grc' dir='ltr'>πατριάρχην</span> <span class='ocrx_word' id='word_1_102' title='bbox 1073 1485 1431 1547; x_wconf 80' lang='grc' dir='ltr'>Θωπευτικῶς</span> <span class='ocrx_word' id='word_1_103' title='bbox 1487 1483 1864 1554; x_wconf 69' lang='grc' dir='ltr'><strong>ὑπερχόμενος</strong></span> <span class='ocrx_word' id='word_1_104' title='bbox 1895 1482 2029 1535; x_wconf 86' lang='grc' dir='ltr'>ὑπο-</span> 
     </span>
    </p>
   </div>
   <div class='ocr_carea' id='block_1_16' title="bbox 446 1569 2031 1649">
    <p class='ocr_par' dir='ltr' id='par_1_16' title="bbox 446 1569 2031 1649">
     <span class='ocr_line' id='line_1_16' title="bbox 446 1569 2031 1649; baseline -0.003 -17"><span class='ocrx_word' id='word_1_105' title='bbox 446 1579 649 1632; x_wconf 78' lang='grc' dir='ltr'>κλίνειν</span> <span class='ocrx_word' id='word_1_106' title='bbox 679 1579 773 1632; x_wconf 73' lang='grc' dir='ltr'>καὶ</span> <span class='ocrx_word' id='word_1_107' title='bbox 799 1579 984 1634; x_wconf 79' lang='grc' dir='ltr'>ἀνύειν</span> <span class='ocrx_word' id='word_1_108' title='bbox 1015 1579 1076 1632; x_wconf 72' lang='grc' dir='ltr'><strong>τδ</strong></span> <span class='ocrx_word' id='word_1_109' title='bbox 1109 1569 1546 1649; x_wconf 76' lang='grc' dir='ltr'>σπουδαζόμενον</span> <span class='ocrx_word' id='word_1_110' title='bbox 1571 1594 1585 1608; x_wconf 86' lang='grc'>⁶</span> <span class='ocrx_word' id='word_1_111' title='bbox 1620 1571 1898 1647; x_wconf 75' lang='grc' dir='ltr'>εἶναιγὰρ</span> <span class='ocrx_word' id='word_1_112' title='bbox 1933 1574 2031 1627; x_wconf 59' lang='grc' dir='ltr'><strong>καὶ⁹</strong></span> 
     </span>
    </p>
   </div>
   <div class='ocr_carea' id='block_1_17' title="bbox 447 1661 2030 1745">
    <p class='ocr_par' dir='ltr' id='par_1_17' title="bbox 447 1661 2030 1745">
     <span class='ocr_line' id='line_1_17' title="bbox 447 1661 2030 1745; baseline -0.002 -19"><span class='ocrx_word' id='word_1_113' title='bbox 447 1673 618 1744; x_wconf 85' lang='grc' dir='ltr'>ἄνδρα</span> <span class='ocrx_word' id='word_1_114' title='bbox 652 1675 748 1743; x_wconf 77' lang='grc' dir='ltr'>τῆς</span> <span class='ocrx_word' id='word_1_115' title='bbox 796 1676 1021 1745; x_wconf 75' lang='grc' dir='ltr'>εἰρήνης</span> <span class='ocrx_word' id='word_1_116' title='bbox 1054 1676 1145 1728; x_wconf 80' lang='grc' dir='ltr'>τὸν</span> <span class='ocrx_word' id='word_1_117' title='bbox 1195 1661 1429 1729; x_wconf 79' lang='grc' dir='ltr'>πάππαν</span> <span class='ocrx_word' id='word_1_118' title='bbox 1461 1676 1552 1728; x_wconf 72' lang='grc' dir='ltr'>καὶ</span> <span class='ocrx_word' id='word_1_119' title='bbox 1590 1673 1890 1743; x_wconf 77' lang='grc' dir='ltr'>ἐπιθυμίας</span> <span class='ocrx_word' id='word_1_120' title='bbox 1926 1670 2030 1741; x_wconf 81' lang='grc' dir='ltr'>τῆς</span> 
     </span>
    </p>
   </div>
   <div class='ocr_carea' id='block_1_18' title="bbox 446 1763 2027 1833">
    <p class='ocr_par' dir='ltr' id='par_1_18' title="bbox 446 1763 2027 1833">
     <span class='ocr_line' id='line_1_18' title="bbox 446 1763 2027 1833; baseline 0 -17"><span class='ocrx_word' id='word_1_121' title='bbox 446 1766 783 1833; x_wconf 70' lang='grc' dir='ltr'>κρείττονος.</span> <span class='ocrx_word' id='word_1_122' title='bbox 820 1767 957 1818; x_wconf 84' lang='grc' dir='ltr'>Μετ’</span> <span class='ocrx_word' id='word_1_123' title='bbox 983 1765 1046 1818; x_wconf 77' lang='grc' dir='ltr'>οὐ</span> <span class='ocrx_word' id='word_1_124' title='bbox 1077 1766 1209 1819; x_wconf 74' lang='grc' dir='ltr'>πολὺ</span> <span class='ocrx_word' id='word_1_125' title='bbox 1263 1766 1319 1819; x_wconf 87' lang='grc' dir='ltr'>δὲ</span> <span class='ocrx_word' id='word_1_126' title='bbox 1352 1766 1723 1826; x_wconf 73' lang='grc' dir='ltr'>καταστάντος</span> <span class='ocrx_word' id='word_1_127' title='bbox 1752 1763 1847 1816; x_wconf 88' lang='grc' dir='ltr'><strong>τοῦ</strong></span> <span class='ocrx_word' id='word_1_128' title='bbox 1883 1764 2027 1832; x_wconf 76' lang='grc' dir='ltr'>Γρηο</span> 
     </span>
    </p>
   </div>
   <div class='ocr_carea' id='block_1_19' title="bbox 2127 553 3681 630">
    <p class='ocr_par' dir='ltr' id='par_1_19' title="bbox 2127 553 3681 630">
     <span class='ocr_line' id='line_1_19' title="bbox 2127 553 3681 630; baseline 0.003 -22"><span class='ocrx_word' id='word_1_129' title='bbox 2127 559 2246 620; x_wconf 84' lang='grc' dir='ltr'>ταῖς</span> <span class='ocrx_word' id='word_1_130' title='bbox 2273 558 2559 628; x_wconf 83' lang='grc' dir='ltr'>ἀληθείαις</span> <span class='ocrx_word' id='word_1_131' title='bbox 2620 558 2968 628; x_wconf 80' lang='grc' dir='ltr'>σπουδαστὴς</span> <span class='ocrx_word' id='word_1_132' title='bbox 2998 553 3067 630; x_wconf 85' lang='grc' dir='ltr'>ἦν</span> <span class='ocrx_word' id='word_1_133' title='bbox 3109 557 3209 625; x_wconf 81' lang='grc' dir='ltr'>τῆς</span> <span class='ocrx_word' id='word_1_134' title='bbox 3239 559 3463 628; x_wconf 74' lang='grc' dir='ltr'>εἰρήνης</span> <span class='ocrx_word' id='word_1_135' title='bbox 3496 558 3681 629; x_wconf 80' lang='grc' dir='ltr'>θερμό-</span> 
     </span>
    </p>
   </div>
   <div class='ocr_carea' id='block_1_20' title="bbox 2127 650 3684 724">
    <p class='ocr_par' dir='ltr' id='par_1_20' title="bbox 2127 650 3684 724">
     <span class='ocr_line' id='line_1_20' title="bbox 2127 650 3684 724; baseline 0.003 -25"><span class='ocrx_word' id='word_1_136' title='bbox 2127 663 2307 713; x_wconf 88' lang='grc' dir='ltr'>τατος,</span> <span class='ocrx_word' id='word_1_137' title='bbox 2343 650 2485 704; x_wconf 83' lang='grc' dir='ltr'>ὥστε</span> <span class='ocrx_word' id='word_1_138' title='bbox 2533 651 2796 715; x_wconf 83' lang='grc' dir='ltr'>πολλάκις</span> <span class='ocrx_word' id='word_1_139' title='bbox 2847 653 2944 706; x_wconf 79' lang='grc' dir='ltr'>καὶ</span> <span class='ocrx_word' id='word_1_140' title='bbox 2980 650 3352 723; x_wconf 76' lang='grc' dir='ltr'>παραϐάλλων</span> <span class='ocrx_word' id='word_1_141' title='bbox 3379 651 3684 724; x_wconf 76' lang='grc' dir='ltr'>πατριάρχῃ</span> 
     </span>
    </p>
   </div>
   <div class='ocr_carea' id='block_1_21' title="bbox 2125 741 3688 815">
    <p class='ocr_par' dir='ltr' id='par_1_21' title="bbox 2125 741 3688 815">
     <span class='ocr_line' id='line_1_21' title="bbox 2125 741 3688 815; baseline 0.003 -23"><span class='ocrx_word' id='word_1_142' title='bbox 2125 758 2186 794; x_wconf 82' lang='grc' dir='ltr'><strong>τε</strong></span> <span class='ocrx_word' id='word_1_143' title='bbox 2222 742 2316 796; x_wconf 73' lang='grc' dir='ltr'>καὶ</span> <span class='ocrx_word' id='word_1_144' title='bbox 2339 745 2406 814; x_wconf 78' lang='grc' dir='ltr'><strong>τῇ</strong></span> <span class='ocrx_word' id='word_1_145' title='bbox 2438 745 2642 815; x_wconf 80' lang='grc' dir='ltr'>συνόδῳ</span> <span class='ocrx_word' id='word_1_146' title='bbox 2669 744 3029 814; x_wconf 80' lang='grc' dir='ltr'>κατελιπάρει</span> <span class='ocrx_word' id='word_1_147' title='bbox 3059 744 3154 795; x_wconf 79' lang='grc' dir='ltr'>καὶ</span> <span class='ocrx_word' id='word_1_148' title='bbox 3186 741 3393 808; x_wconf 83' lang='grc' dir='ltr'>ταύτην</span> <span class='ocrx_word' id='word_1_149' title='bbox 3434 742 3688 796; x_wconf 76' lang='grc' dir='ltr'>ἐπέσπευ-</span> 
     </span>
    </p>
   </div>
   <div class='ocr_carea' id='block_1_22' title="bbox 2125 834 3685 908">
    <p class='ocr_par' dir='ltr' id='par_1_22' title="bbox 2125 834 3685 908">
     <span class='ocr_line' id='line_1_22' title="bbox 2125 834 3685 908; baseline 0.002 -22"><span class='ocrx_word' id='word_1_150' title='bbox 2125 835 2204 900; x_wconf 72' lang='grc' dir='ltr'>δοε,</span> <span class='ocrx_word' id='word_1_151' title='bbox 2233 834 2300 888; x_wconf 86' lang='grc' dir='ltr'><strong>τά</strong></span> <span class='ocrx_word' id='word_1_152' title='bbox 2341 835 2443 905; x_wconf 79' lang='grc' dir='ltr'>μὲν</span> <span class='ocrx_word' id='word_1_153' title='bbox 2473 835 2596 890; x_wconf 85' lang='grc' dir='ltr'>καθ’</span> <span class='ocrx_word' id='word_1_154' title='bbox 2619 839 2767 908; x_wconf 78' lang='grc' dir='ltr'>ἡμᾶς</span> <span class='ocrx_word' id='word_1_155' title='bbox 2817 835 3125 902; x_wconf 72' lang='grc' dir='ltr'>ἐκθειάζων</span> <span class='ocrx_word' id='word_1_156' title='bbox 3152 876 3168 900; x_wconf 96' lang='grc'><strong>,</strong></span> <span class='ocrx_word' id='word_1_157' title='bbox 3226 834 3356 888; x_wconf 87' lang='grc' dir='ltr'>ὥστ’</span> <span class='ocrx_word' id='word_1_158' title='bbox 3409 835 3574 888; x_wconf 78' lang='grc' dir='ltr'>ἐνίοτε</span> <span class='ocrx_word' id='word_1_159' title='bbox 3604 837 3685 890; x_wconf 80' lang='grc' dir='ltr'>καὶ</span> 
     </span>
    </p>
   </div>
   <div class='ocr_carea' id='block_1_23' title="bbox 2128 929 3710 1003">
    <p class='ocr_par' dir='ltr' id='par_1_23' title="bbox 2128 929 3710 1003">
     <span class='ocr_line' id='line_1_23' title="bbox 2128 929 3710 1003; baseline -0.001 -21"><span class='ocrx_word' id='word_1_160' title='bbox 2128 930 2217 983; x_wconf 80' lang='grc' dir='ltr'>ὅτε</span> <span class='ocrx_word' id='word_1_161' title='bbox 2244 929 2281 981; x_wconf 75' lang='grc' dir='ltr'>ὁ</span> <span class='ocrx_word' id='word_1_162' title='bbox 2305 933 2654 1003; x_wconf 79' lang='grc' dir='ltr'>πατριάρχης</span> <span class='ocrx_word' id='word_1_163' title='bbox 2698 932 3063 1002; x_wconf 83' lang='grc' dir='ltr'>λειτουργοίη,</span> <span class='ocrx_word' id='word_1_164' title='bbox 3119 930 3284 984; x_wconf 77' lang='grc' dir='ltr'>αὐτὸν</span> <span class='ocrx_word' id='word_1_165' title='bbox 3309 929 3710 998; x_wconf 73' lang='grc' dir='ltr'>ἀποτιθέμενον’</span> 
     </span>
    </p>
   </div>
   <div class='ocr_carea' id='block_1_24' title="bbox 2127 1020 3689 1094">
    <p class='ocr_par' dir='ltr' id='par_1_24' title="bbox 2127 1020 3689 1094">
     <span class='ocr_line' id='line_1_24' title="bbox 2127 1020 3689 1094; baseline 0.001 -21"><span class='ocrx_word' id='word_1_166' title='bbox 2127 1020 2226 1092; x_wconf 80' lang='grc' dir='ltr'>τὴν</span> <span class='ocrx_word' id='word_1_167' title='bbox 2255 1022 2595 1092; x_wconf 79' lang='grc' dir='ltr'>καλύπτραν,</span> <span class='ocrx_word' id='word_1_168' title='bbox 2625 1022 2685 1076; x_wconf 80' lang='grc' dir='ltr'><strong>οῦ</strong></span> <span class='ocrx_word' id='word_1_169' title='bbox 2721 1023 2826 1094; x_wconf 80' lang='grc' dir='ltr'>μὴν</span> <span class='ocrx_word' id='word_1_170' title='bbox 2848 1024 2903 1077; x_wconf 75' lang='grc' dir='ltr'>δὲ</span> <span class='ocrx_word' id='word_1_171' title='bbox 2928 1023 3066 1077; x_wconf 82' lang='grc' dir='ltr'><strong>άλλά</strong></span> <span class='ocrx_word' id='word_1_172' title='bbox 3093 1025 3190 1077; x_wconf 71' lang='grc' dir='ltr'>καὶ</span> <span class='ocrx_word' id='word_1_173' title='bbox 3235 1023 3364 1085; x_wconf 79' lang='grc' dir='ltr'>τοὺς</span> <span class='ocrx_word' id='word_1_174' title='bbox 3395 1025 3512 1092; x_wconf 89' lang='grc' dir='ltr'>μετ’</span> <span class='ocrx_word' id='word_1_175' title='bbox 3538 1023 3689 1076; x_wconf 80' lang='grc' dir='ltr'>αὑτοῦ</span> 
     </span>
    </p>
   </div>
   <div class='ocr_carea' id='block_1_25' title="bbox 2131 1115 3694 1187">
    <p class='ocr_par' dir='ltr' id='par_1_25' title="bbox 2131 1115 3694 1187">
     <span class='ocr_line' id='line_1_25' title="bbox 2131 1115 3694 1187; baseline 0.001 -19"><span class='ocrx_word' id='word_1_176' title='bbox 2131 1115 2602 1185; x_wconf 77' lang='grc' dir='ltr'>συλλαμϐάνοντα,</span> <span class='ocrx_word' id='word_1_177' title='bbox 2626 1115 2974 1187; x_wconf 80' lang='grc' dir='ltr'>εἰσέρχεσθαι</span> <span class='ocrx_word' id='word_1_178' title='bbox 3000 1117 3069 1171; x_wconf 82' lang='grc' dir='ltr'><strong>τά</strong></span> <span class='ocrx_word' id='word_1_179' title='bbox 3097 1117 3294 1182; x_wconf 77' lang='grc' dir='ltr'>ἄδυτα,</span> <span class='ocrx_word' id='word_1_180' title='bbox 3322 1116 3422 1169; x_wconf 69' lang='grc' dir='ltr'>καὶ</span> <span class='ocrx_word' id='word_1_181' title='bbox 3451 1116 3597 1184; x_wconf 83' lang='grc' dir='ltr'><strong>παρά</strong></span> <span class='ocrx_word' id='word_1_182' title='bbox 3614 1116 3694 1169; x_wconf 77' lang='grc' dir='ltr'><strong>τδν</strong></span> 
     </span>
    </p>
   </div>
   <div class='ocr_carea' id='block_1_26' title="bbox 2129 1203 3692 1277">
    <p class='ocr_par' dir='ltr' id='par_1_26' title="bbox 2129 1203 3692 1277">
     <span class='ocr_line' id='line_1_26' title="bbox 2129 1203 3692 1277; baseline -0.001 -19"><span class='ocrx_word' id='word_1_183' title='bbox 2129 1207 2365 1275; x_wconf 81' lang='grc' dir='ltr'>τυχόντα</span> <span class='ocrx_word' id='word_1_184' title='bbox 2387 1207 2654 1277; x_wconf 82' lang='grc' dir='ltr'>ἀρχιερέα</span> <span class='ocrx_word' id='word_1_185' title='bbox 2683 1207 2978 1275; x_wconf 75' lang='grc' dir='ltr'>ἱστάμενον</span> <span class='ocrx_word' id='word_1_186' title='bbox 3013 1205 3113 1269; x_wconf 86' lang='grc' dir='ltr'><strong>τὰς</strong></span> <span class='ocrx_word' id='word_1_187' title='bbox 3149 1203 3429 1274; x_wconf 82' lang='grc' dir='ltr'>μυστικὰς</span> <span class='ocrx_word' id='word_1_188' title='bbox 3475 1223 3692 1259; x_wconf 88' lang='grc' dir='ltr'>συνανα-</span> 
     </span>
    </p>
   </div>
   <div class='ocr_carea' id='block_1_27' title="bbox 2130 1297 3697 1370">
    <p class='ocr_par' dir='ltr' id='par_1_27' title="bbox 2130 1297 3697 1370">
     <span class='ocr_line' id='line_1_27' title="bbox 2130 1297 3697 1370; baseline -0.001 -19"><span class='ocrx_word' id='word_1_189' title='bbox 2130 1297 2421 1366; x_wconf 86' lang='grc' dir='ltr'>γινώσκειν</span> <span class='ocrx_word' id='word_1_190' title='bbox 2446 1300 2612 1370; x_wconf 83' lang='grc' dir='ltr'>εὐχὰς</span> <span class='ocrx_word' id='word_1_191' title='bbox 2634 1300 2773 1370; x_wconf 82' lang='grc' dir='ltr'>μετὰ</span> <span class='ocrx_word' id='word_1_192' title='bbox 2798 1301 2980 1370; x_wconf 83' lang='grc' dir='ltr'>πάσης</span> <span class='ocrx_word' id='word_1_193' title='bbox 3003 1299 3433 1370; x_wconf 76' lang='grc' dir='ltr'>ἐνθουσιότητος.</span> <span class='ocrx_word' id='word_1_194' title='bbox 3465 1298 3586 1360; x_wconf 80' lang='grc' dir='ltr'>Τοῖς</span> <span class='ocrx_word' id='word_1_195' title='bbox 3611 1299 3697 1367; x_wconf 75' lang='grc' dir='ltr'>μὲν</span> 
     </span>
    </p>
   </div>
   <div class='ocr_carea' id='block_1_28' title="bbox 2130 1391 3700 1464">
    <p class='ocr_par' dir='ltr' id='par_1_28' title="bbox 2130 1391 3700 1464">
     <span class='ocr_line' id='line_1_28' title="bbox 2130 1391 3700 1464; baseline -0.001 -18"><span class='ocrx_word' id='word_1_196' title='bbox 2130 1391 2224 1447; x_wconf 75' lang='grc' dir='ltr'>οὖν</span> <span class='ocrx_word' id='word_1_197' title='bbox 2251 1392 2545 1464; x_wconf 72' lang='grc' dir='ltr'>ἡμετέροις</span> <span class='ocrx_word' id='word_1_198' title='bbox 2571 1393 2715 1446; x_wconf 77' lang='grc' dir='ltr'>οὕτω</span> <span class='ocrx_word' id='word_1_199' title='bbox 2744 1394 2990 1464; x_wconf 85' lang='grc' dir='ltr'>κοσμίως</span> <span class='ocrx_word' id='word_1_200' title='bbox 3027 1393 3126 1447; x_wconf 79' lang='grc' dir='ltr'>καὶ</span> <span class='ocrx_word' id='word_1_201' title='bbox 3151 1393 3400 1457; x_wconf 79' lang='grc' dir='ltr'>εὐλασῶς</span> <span class='ocrx_word' id='word_1_202' title='bbox 3445 1393 3700 1464; x_wconf 85' lang='grc' dir='ltr'>προσεφέ-</span> 
     </span>
    </p>
   </div>
   <div class='ocr_carea' id='block_1_29' title="bbox 2134 1483 3703 1555">
    <p class='ocr_par' dir='ltr' id='par_1_29' title="bbox 2134 1483 3703 1555">
     <span class='ocr_line' id='line_1_29' title="bbox 2134 1483 3703 1555; baseline 0.001 -18"><span class='ocrx_word' id='word_1_203' title='bbox 2134 1501 2277 1554; x_wconf 88' lang='grc' dir='ltr'>ρετο,</span> <span class='ocrx_word' id='word_1_204' title='bbox 2307 1485 2443 1554; x_wconf 80' lang='grc' dir='ltr'>πρὸς</span> <span class='ocrx_word' id='word_1_205' title='bbox 2469 1485 2514 1538; x_wconf 90' lang='grc' dir='ltr'><strong>δ’</strong></span> <span class='ocrx_word' id='word_1_206' title='bbox 2555 1485 2789 1549; x_wconf 74' lang='grc' dir='ltr'>Ἰταλοὺς</span> <span class='ocrx_word' id='word_1_207' title='bbox 2805 1487 3030 1555; x_wconf 80' lang='grc' dir='ltr'>ἀφορῶν</span> <span class='ocrx_word' id='word_1_208' title='bbox 3055 1486 3222 1539; x_wconf 78' lang='grc' dir='ltr'>καλὸν</span> <span class='ocrx_word' id='word_1_209' title='bbox 3250 1483 3394 1539; x_wconf 75' lang='grc' dir='ltr'>εἶναι</span> <span class='ocrx_word' id='word_1_210' title='bbox 3424 1484 3518 1536; x_wconf 82' lang='grc' dir='ltr'><strong>καὶ</strong></span> <span class='ocrx_word' id='word_1_211' title='bbox 3545 1487 3703 1550; x_wconf 78' lang='grc' dir='ltr'>ἀσφα-</span> 
     </span>
    </p>
   </div>
   <div class='ocr_carea' id='block_1_30' title="bbox 2131 1575 3702 1651">
    <p class='ocr_par' dir='ltr' id='par_1_30' title="bbox 2131 1575 3702 1651">
     <span class='ocr_line' id='line_1_30' title="bbox 2131 1575 3702 1651; baseline -0.001 -22"><span class='ocrx_word' id='word_1_212' title='bbox 2131 1577 2223 1640; x_wconf 85' lang='grc' dir='ltr'>λὲς</span> <span class='ocrx_word' id='word_1_213' title='bbox 2252 1576 2438 1644; x_wconf 73' lang='grc' dir='ltr'>ἔλεγεν</span> <span class='ocrx_word' id='word_1_214' title='bbox 2468 1576 2779 1647; x_wconf 83' lang='grc' dir='ltr'>ἀφεμένους</span> <span class='ocrx_word' id='word_1_215' title='bbox 2811 1581 2913 1648; x_wconf 77' lang='grc' dir='ltr'>τῆς</span> <span class='ocrx_word' id='word_1_216' title='bbox 2944 1578 3268 1651; x_wconf 81' lang='grc' dir='ltr'>προσθήκης</span> <span class='ocrx_word' id='word_1_217' title='bbox 3309 1580 3391 1640; x_wconf 87' lang='grc' dir='ltr'><strong>εἰς</strong></span> <span class='ocrx_word' id='word_1_218' title='bbox 3423 1575 3702 1630; x_wconf 75' lang='grc' dir='ltr'>σκάνδιλον</span> 
     </span>
    </p>
   </div>
   <div class='ocr_carea' id='block_1_31' title="bbox 2137 1666 3702 1741">
    <p class='ocr_par' dir='ltr' id='par_1_31' title="bbox 2137 1666 3702 1741">
     <span class='ocr_line' id='line_1_31' title="bbox 2137 1666 3702 1741; baseline -0.003 -19"><span class='ocrx_word' id='word_1_219' title='bbox 2137 1671 2466 1741; x_wconf 81' lang='grc' dir='ltr'>προειμένης</span> <span class='ocrx_word' id='word_1_220' title='bbox 2501 1671 2615 1732; x_wconf 86' lang='grc' dir='ltr'>τοῖς</span> <span class='ocrx_word' id='word_1_221' title='bbox 2671 1669 2922 1738; x_wconf 81' lang='grc' dir='ltr'>ἀδελφοῖς</span> <span class='ocrx_word' id='word_1_222' title='bbox 2971 1669 3146 1734; x_wconf 76' lang='grc' dir='ltr'>οὕτως</span> <span class='ocrx_word' id='word_1_223' title='bbox 3199 1667 3528 1739; x_wconf 77' lang='grc' dir='ltr'>εἰρηνεύειν.</span> <span class='ocrx_word' id='word_1_224' title='bbox 3570 1666 3629 1720; x_wconf 83' lang='lat' dir='ltr'><strong>Ei</strong></span> <span class='ocrx_word' id='word_1_225' title='bbox 3662 1666 3702 1719; x_wconf 91' lang='grc' dir='ltr'><strong>δ’</strong></span> 
     </span>
    </p>
   </div>
   <div class='ocr_carea' id='block_1_32' title="bbox 2133 1757 3704 1832">
    <p class='ocr_par' dir='ltr' id='par_1_32' title="bbox 2133 1757 3704 1832">
     <span class='ocr_line' id='line_1_32' title="bbox 2133 1757 3704 1832; baseline -0.003 -16"><span class='ocrx_word' id='word_1_226' title='bbox 2133 1761 2247 1828; x_wconf 81' lang='grc' dir='ltr'>οὖν,</span> <span class='ocrx_word' id='word_1_227' title='bbox 2276 1763 2372 1816; x_wconf 85' lang='grc' dir='ltr'>καὶ</span> <span class='ocrx_word' id='word_1_228' title='bbox 2405 1757 2626 1826; x_wconf 56' lang='grc' dir='ltr'>αὑτοῦς²</span> <span class='ocrx_word' id='word_1_229' title='bbox 2649 1761 3127 1831; x_wconf 81' lang='grc' dir='ltr'>ἀπολογουμένους</span> <span class='ocrx_word' id='word_1_230' title='bbox 3157 1763 3250 1816; x_wconf 69' lang='grc' dir='ltr'><strong>ἐπὶ</strong></span> <span class='ocrx_word' id='word_1_231' title='bbox 3302 1765 3368 1832; x_wconf 83' lang='grc' dir='ltr'><strong>τῇ</strong></span> <span class='ocrx_word' id='word_1_232' title='bbox 3431 1761 3704 1832; x_wconf 74' lang='grc' dir='ltr'>προσθήκῃ</span> 
     </span>
    </p>
   </div>
   <div class='ocr_carea' id='block_1_33' title="bbox 446 1831 3706 1934">
    <p class='ocr_par' dir='ltr' id='par_1_33' title="bbox 446 1831 3706 1934">
     <span class='ocr_line' id='line_1_33' title="bbox 446 1831 3706 1934; baseline -0.001 -26"><span class='ocrx_word' id='word_1_233' title='bbox 446 1831 633 1926; x_wconf 80' lang='grc' dir='ltr'>γορίου</span> <span class='ocrx_word' id='word_1_234' title='bbox 669 1857 930 1928; x_wconf 78' lang='grc' dir='ltr'>πρέσϐεις</span> <span class='ocrx_word' id='word_1_235' title='bbox 963 1859 1172 1911; x_wconf 84' lang='grc' dir='ltr'>ἐκεῖθεν</span> <span class='ocrx_word' id='word_1_236' title='bbox 1205 1858 1691 1926; x_wconf 75' lang='grc' dir='ltr'>καταλαμϐάνουσι</span> <span class='ocrx_word' id='word_1_237' title='bbox 1730 1858 1791 1910; x_wconf 72' lang='grc' dir='ltr'><strong>τὺ</strong></span> <span class='ocrx_word' id='word_1_238' title='bbox 1822 1855 2032 1920; x_wconf 79' lang='grc' dir='ltr'>Βυζάν-</span> <span class='ocrx_word' id='word_1_239' title='bbox 2067 1831 2108 1886; x_wconf 78' lang='grc' dir='ltr'><strong><em>Β</em></strong></span> <span class='ocrx_word' id='word_1_240' title='bbox 2135 1857 2343 1911; x_wconf 82' lang='grc' dir='ltr'>δίκαιον</span> <span class='ocrx_word' id='word_1_241' title='bbox 2371 1857 2628 1926; x_wconf 82' lang='grc' dir='ltr'>δέχεσθαι</span> <span class='ocrx_word' id='word_1_242' title='bbox 2656 1896 2672 1920; x_wconf 88' lang='grc'><strong>,</strong></span> <span class='ocrx_word' id='word_1_243' title='bbox 2735 1856 2878 1910; x_wconf 82' lang='grc' dir='ltr'>ὥστε</span> <span class='ocrx_word' id='word_1_244' title='bbox 2909 1855 3006 1909; x_wconf 79' lang='grc' dir='ltr'>καὶ</span> <span class='ocrx_word' id='word_1_245' title='bbox 3055 1856 3188 1934; x_wconf 64' lang='grc' dir='ltr'>τοὺς</span> <span class='ocrx_word' id='word_1_246' title='bbox 3227 1854 3330 1924; x_wconf 72' lang='grc' dir='ltr'>μὲν</span> <span class='ocrx_word' id='word_1_247' title='bbox 3359 1831 3620 1923; x_wconf 12' lang='grc' dir='ltr'>’λέγοντας</span> <span class='ocrx_word' id='word_1_248' title='bbox 3650 1855 3706 1907; x_wconf 81' lang='grc' dir='ltr'>ὲκ</span> 
     </span>
    </p>
   </div>
   <div class='ocr_carea' id='block_1_34' title="bbox 445 1943 2032 2022">
    <p class='ocr_par' dir='ltr' id='par_1_34' title="bbox 445 1943 2032 2022">
     <span class='ocr_line' id='line_1_34' title="bbox 445 1943 2032 2022; baseline 0 -22"><span class='ocrx_word' id='word_1_249' title='bbox 445 1967 584 2013; x_wconf 84' lang='grc' dir='ltr'>τιον,</span> <span class='ocrx_word' id='word_1_250' title='bbox 614 1951 708 2002; x_wconf 68' lang='grc' dir='ltr'>καὶ</span> <span class='ocrx_word' id='word_1_251' title='bbox 759 1951 805 2004; x_wconf 77' lang='grc' dir='ltr'>οἱ</span> <span class='ocrx_word' id='word_1_252' title='bbox 834 1951 1096 2019; x_wconf 75' lang='grc' dir='ltr'>πρέσϐεις</span> <span class='ocrx_word' id='word_1_253' title='bbox 1129 1953 1365 2022; x_wconf 83' lang='grc' dir='ltr'>φρέριοι,</span> <span class='ocrx_word' id='word_1_254' title='bbox 1427 1943 1501 2004; x_wconf 83' lang='grc' dir='ltr'>ὧν</span> <span class='ocrx_word' id='word_1_255' title='bbox 1553 1946 1631 2013; x_wconf 80' lang='grc' dir='ltr'>εἷς</span> <span class='ocrx_word' id='word_1_256' title='bbox 1679 1945 1744 2022; x_wconf 77' lang='grc' dir='ltr'>ἦν</span> <span class='ocrx_word' id='word_1_257' title='bbox 1776 1949 2032 2016; x_wconf 85' lang='grc' dir='ltr'>Ἰωάννης</span> 
     </span>
    </p>
   </div>
   <div class='ocr_carea' id='block_1_35' title="bbox 447 2041 2031 2116">
    <p class='ocr_par' dir='ltr' id='par_1_35' title="bbox 447 2041 2031 2116">
     <span class='ocr_line' id='line_1_35' title="bbox 447 2041 2031 2116; baseline 0.002 -24"><span class='ocrx_word' id='word_1_258' title='bbox 447 2041 787 2114; x_wconf 81' lang='grc' dir='ltr'>Παράστρων</span> <span class='ocrx_word' id='word_1_259' title='bbox 815 2043 1228 2114; x_wconf 73' lang='grc' dir='ltr'>ὠνομασμένος,</span> <span class='ocrx_word' id='word_1_260' title='bbox 1254 2045 1478 2116; x_wconf 78' lang='grc' dir='ltr'>πολίτης</span> <span class='ocrx_word' id='word_1_261' title='bbox 1509 2045 1747 2115; x_wconf 81' lang='grc' dir='ltr'>ἀρχῆθεν</span> <span class='ocrx_word' id='word_1_262' title='bbox 1779 2043 1873 2097; x_wconf 76' lang='grc' dir='ltr'>καὶ</span> <span class='ocrx_word' id='word_1_263' title='bbox 1905 2041 2031 2108; x_wconf 63' lang='grc' dir='ltr'>ξυνα</span> 
     </span>
    </p>
   </div>
   <div class='ocr_carea' id='block_1_36' title="bbox 445 2131 2032 2209">
    <p class='ocr_par' dir='ltr' id='par_1_36' title="bbox 445 2131 2032 2209">
     <span class='ocr_line' id='line_1_36' title="bbox 445 2131 2032 2209; baseline 0 -22"><span class='ocrx_word' id='word_1_264' title='bbox 445 2134 562 2198; x_wconf 73' lang='lat' dir='ltr'><strong>ato;</strong></span> <span class='ocrx_word' id='word_1_265' title='bbox 630 2137 694 2189; x_wconf 77' lang='grc' dir='ltr'><strong>τὰ</strong></span> <span class='ocrx_word' id='word_1_266' title='bbox 731 2137 789 2198; x_wconf 84' lang='grc' dir='ltr'>ἐς</span> <span class='ocrx_word' id='word_1_267' title='bbox 843 2137 1096 2204; x_wconf 79' lang='grc' dir='ltr'>γλῶσσαν</span> <span class='ocrx_word' id='word_1_268' title='bbox 1153 2138 1414 2206; x_wconf 76' lang='grc' dir='ltr'>Ἕλληνα,</span> <span class='ocrx_word' id='word_1_269' title='bbox 1538 2138 1602 2209; x_wconf 76' lang='grc' dir='ltr'>δὴ</span> <span class='ocrx_word' id='word_1_270' title='bbox 1632 2139 1725 2190; x_wconf 72' lang='grc' dir='ltr'><strong>καὶ</strong></span> <span class='ocrx_word' id='word_1_271' title='bbox 1755 2135 1916 2206; x_wconf 77' lang='grc' dir='ltr'>ζῆλος</span> <span class='ocrx_word' id='word_1_272' title='bbox 1962 2131 2032 2206; x_wconf 82' lang='grc' dir='ltr'>ἦν</span> 
     </span>
    </p>
   </div>
   <div class='ocr_carea' id='block_1_37' title="bbox 448 2227 2032 2300">
    <p class='ocr_par' dir='ltr' id='par_1_37' title="bbox 448 2227 2032 2300">
     <span class='ocr_line' id='line_1_37' title="bbox 448 2227 2032 2300; baseline 0.002 -22"><span class='ocrx_word' id='word_1_273' title='bbox 448 2227 591 2297; x_wconf 79' lang='grc' dir='ltr'>ὑπὲρ</span> <span class='ocrx_word' id='word_1_274' title='bbox 625 2227 722 2296; x_wconf 75' lang='grc' dir='ltr'>τῆς</span> <span class='ocrx_word' id='word_1_275' title='bbox 770 2228 879 2281; x_wconf 85' lang='grc' dir='ltr'>τῶν</span> <span class='ocrx_word' id='word_1_276' title='bbox 924 2229 1262 2300; x_wconf 84' lang='grc' dir='ltr'>Ἐκκλησιῶν</span> <span class='ocrx_word' id='word_1_277' title='bbox 1293 2229 1560 2291; x_wconf 77' lang='grc' dir='ltr'>ὲνώσεως,</span> <span class='ocrx_word' id='word_1_278' title='bbox 1601 2230 1677 2292; x_wconf 85' lang='grc' dir='ltr'><strong>ὡς</strong></span> <span class='ocrx_word' id='word_1_279' title='bbox 1705 2230 1914 2291; x_wconf 80' lang='grc' dir='ltr'>ἐκεῖνος</span> <span class='ocrx_word' id='word_1_280' title='bbox 1942 2229 2032 2281; x_wconf 84' lang='grc' dir='ltr'><strong>λέ-</strong></span> 
     </span>
    </p>
   </div>
   <div class='ocr_carea' id='block_1_38' title="bbox 445 2321 2032 2392">
    <p class='ocr_par' dir='ltr' id='par_1_38' title="bbox 445 2321 2032 2392">
     <span class='ocr_line' id='line_1_38' title="bbox 445 2321 2032 2392; baseline 0.001 -19"><span class='ocrx_word' id='word_1_281' title='bbox 445 2337 560 2386; x_wconf 86' lang='grc' dir='ltr'><strong>γων</strong></span> <span class='ocrx_word' id='word_1_282' title='bbox 586 2321 850 2390; x_wconf 82' lang='grc' dir='ltr'>παρίστα,</span> <span class='ocrx_word' id='word_1_283' title='bbox 883 2321 1026 2376; x_wconf 85' lang='grc' dir='ltr'>ὥστε</span> <span class='ocrx_word' id='word_1_284' title='bbox 1053 2326 1148 2376; x_wconf 72' lang='grc' dir='ltr'><strong>καὶ</strong></span> <span class='ocrx_word' id='word_1_285' title='bbox 1193 2323 1456 2385; x_wconf 83' lang='grc' dir='ltr'>πολλάκις</span> <span class='ocrx_word' id='word_1_286' title='bbox 1485 2321 1849 2392; x_wconf 68' lang='grc' dir='ltr'>κατεύχεσθαι</span> <span class='ocrx_word' id='word_1_287' title='bbox 1899 2323 2032 2374; x_wconf 81' lang='grc' dir='ltr'>ἐαυ-</span> 
     </span>
    </p>
   </div>
   <div class='ocr_carea' id='block_1_39' title="bbox 447 2413 2033 2489">
    <p class='ocr_par' dir='ltr' id='par_1_39' title="bbox 447 2413 2033 2489">
     <span class='ocr_line' id='line_1_39' title="bbox 447 2413 2033 2489; baseline 0.004 -25"><span class='ocrx_word' id='word_1_288' title='bbox 447 2413 540 2489; x_wconf 75' lang='grc' dir='ltr'><strong>τοῦ</strong></span> <span class='ocrx_word' id='word_1_289' title='bbox 573 2414 773 2468; x_wconf 72' lang='grc' dir='ltr'>αὐτίκα</span> <span class='ocrx_word' id='word_1_290' title='bbox 807 2415 1058 2481; x_wconf 86' lang='grc' dir='ltr'>θάνατον,</span> <span class='ocrx_word' id='word_1_291' title='bbox 1095 2416 1161 2487; x_wconf 69' lang='grc' dir='ltr'>ἢν</span> <span class='ocrx_word' id='word_1_292' title='bbox 1219 2416 1380 2486; x_wconf 82' lang='grc' dir='ltr'>μόνον</span> <span class='ocrx_word' id='word_1_293' title='bbox 1433 2416 1674 2486; x_wconf 78' lang='grc' dir='ltr'>προδαίη</span> <span class='ocrx_word' id='word_1_294' title='bbox 1705 2416 1773 2468; x_wconf 70' lang='grc' dir='ltr'>τὰ</span> <span class='ocrx_word' id='word_1_295' title='bbox 1819 2414 1917 2485; x_wconf 68' lang='grc' dir='ltr'>τῆς</span> <span class='ocrx_word' id='word_1_296' title='bbox 1955 2415 2033 2467; x_wconf 83' lang='grc' dir='ltr'><strong>εἱ-</strong></span> 
     </span>
    </p>
   </div>
   <div class='ocr_carea' id='block_1_40' title="bbox 447 2592 2032 2665">
    <p class='ocr_par' dir='ltr' id='par_1_40' title="bbox 447 2592 2032 2665">
     <span class='ocr_line' id='line_1_40' title="bbox 447 2592 2032 2665; baseline 0.001 -18"><span class='ocrx_word' id='word_1_297' title='bbox 447 2592 580 2647; x_wconf 80' lang='lat' dir='ltr'><strong>boni</strong></span> <span class='ocrx_word' id='word_1_298' title='bbox 611 2609 676 2648; x_wconf 79' lang='lat' dir='ltr'><strong>ex</strong></span> <span class='ocrx_word' id='word_1_299' title='bbox 709 2609 772 2648; x_wconf 91' lang='lat' dir='ltr'><strong>ea</strong></span> <span class='ocrx_word' id='word_1_300' title='bbox 788 2594 1174 2650; x_wconf 72' lang='lat' dir='ltr'><strong>conciliatione</strong></span> <span class='ocrx_word' id='word_1_301' title='bbox 1207 2595 1635 2650; x_wconf 85' lang='lat' dir='ltr'><strong>redundaturum</strong></span> <span class='ocrx_word' id='word_1_302' title='bbox 1669 2596 1721 2650; x_wconf 92' lang='lat' dir='ltr'><strong>in</strong></span> <span class='ocrx_word' id='word_1_303' title='bbox 1755 2595 2032 2665; x_wconf 85' lang='lat' dir='ltr'><strong>publicam</strong></span> 
     </span>
    </p>
   </div>
   <div class='ocr_carea' id='block_1_41' title="bbox 453 2686 2036 2759">
    <p class='ocr_par' dir='ltr' id='par_1_41' title="bbox 453 2686 2036 2759">
     <span class='ocr_line' id='line_1_41' title="bbox 453 2686 2036 2759; baseline 0.004 -21"><span class='ocrx_word' id='word_1_304' title='bbox 453 2686 770 2740; x_wconf 81' lang='lat' dir='ltr'><strong>felicitatem</strong></span> <span class='ocrx_word' id='word_1_305' title='bbox 830 2687 994 2754; x_wconf 88' lang='lat' dir='ltr'><strong>foret,</strong></span> <span class='ocrx_word' id='word_1_306' title='bbox 1046 2699 1439 2759; x_wconf 86' lang='lat' dir='ltr'><strong>reputaretque</strong></span> <span class='ocrx_word' id='word_1_307' title='bbox 1491 2706 1587 2744; x_wconf 90' lang='lat' dir='ltr'><strong>uec</strong></span> <span class='ocrx_word' id='word_1_308' title='bbox 1645 2693 1855 2756; x_wconf 89' lang='lat' dir='ltr'><strong>justum</strong></span> <span class='ocrx_word' id='word_1_309' title='bbox 1936 2705 2036 2744; x_wconf 89' lang='lat' dir='ltr'><strong>nec</strong></span> 
     </span>
    </p>
   </div>
   <div class='ocr_carea' id='block_1_42' title="bbox 450 2779 2037 2850">
    <p class='ocr_par' dir='ltr' id='par_1_42' title="bbox 450 2779 2037 2850">
     <span class='ocr_line' id='line_1_42' title="bbox 450 2779 2037 2850; baseline 0.001 -17"><span class='ocrx_word' id='word_1_310' title='bbox 450 2779 786 2833; x_wconf 76' lang='lat' dir='ltr'><strong>conveniens</strong></span> <span class='ocrx_word' id='word_1_311' title='bbox 837 2795 962 2836; x_wconf 84' lang='lat' dir='ltr'><strong>esse</strong></span> <span class='ocrx_word' id='word_1_312' title='bbox 1034 2784 1172 2836; x_wconf 81' lang='lat' dir='ltr'><strong>tales</strong></span> <span class='ocrx_word' id='word_1_313' title='bbox 1223 2797 1287 2836; x_wconf 89' lang='lat' dir='ltr'><strong>ac</strong></span> <span class='ocrx_word' id='word_1_314' title='bbox 1339 2791 1518 2836; x_wconf 85' lang='lat' dir='ltr'><strong>tantas</strong></span> <span class='ocrx_word' id='word_1_315' title='bbox 1582 2790 1770 2850; x_wconf 88' lang='lat' dir='ltr'><strong>gentes</strong></span> <span class='ocrx_word' id='word_1_316' title='bbox 1822 2779 2037 2847; x_wconf 81' lang='lat' dir='ltr'><strong>exiguis</strong></span> 
     </span>
    </p>
   </div>
   <div class='ocr_carea' id='block_1_43' title="bbox 449 2868 2038 2940">
    <p class='ocr_par' dir='ltr' id='par_1_43' title="bbox 449 2868 2038 2940">
     <span class='ocr_line' id='line_1_43' title="bbox 449 2868 2038 2940; baseline 0.001 -18"><span class='ocrx_word' id='word_1_317' title='bbox 449 2869 634 2924; x_wconf 84' lang='lat' dir='ltr'><strong>causis</strong></span> <span class='ocrx_word' id='word_1_318' title='bbox 664 2868 714 2921; x_wconf 91' lang='lat' dir='ltr'><strong>in</strong></span> <span class='ocrx_word' id='word_1_319' title='bbox 739 2879 972 2923; x_wconf 67' lang='lat' dir='ltr'><strong>mtcrnas</strong></span> <span class='ocrx_word' id='word_1_320' title='bbox 1010 2870 1277 2939; x_wconf 90' lang='lat' dir='ltr'><strong>implicari</strong></span> <span class='ocrx_word' id='word_1_321' title='bbox 1331 2871 1666 2936; x_wconf 73' lang='lat' dir='ltr'><strong>simultates,</strong></span> <span class='ocrx_word' id='word_1_322' title='bbox 1719 2879 2038 2940; x_wconf 88' lang='lat' dir='ltr'><strong>quantoque</strong></span> 
     </span>
    </p>
   </div>
   <div class='ocr_carea' id='block_1_44' title="bbox 455 2960 2037 3031">
    <p class='ocr_par' dir='ltr' id='par_1_44' title="bbox 455 2960 2037 3031">
     <span class='ocr_line' id='line_1_44' title="bbox 455 2960 2037 3031; baseline -0.001 -17"><span class='ocrx_word' id='word_1_323' title='bbox 455 2960 867 3015; x_wconf 85' lang='lat' dir='ltr'><strong>conducibilius</strong></span> <span class='ocrx_word' id='word_1_324' title='bbox 909 2961 1155 3014; x_wconf 89' lang='lat' dir='ltr'><strong>futurum</strong></span> <span class='ocrx_word' id='word_1_325' title='bbox 1212 2970 1379 3026; x_wconf 92' lang='lat' dir='ltr'><strong>esset,</strong></span> <span class='ocrx_word' id='word_1_326' title='bbox 1418 2975 1760 3031; x_wconf 60' lang='lat' dir='ltr'><strong>quaecunque</strong></span> <span class='ocrx_word' id='word_1_327' title='bbox 1793 2960 2037 3029; x_wconf 89' lang='lat' dir='ltr'><strong>ipsarum</strong></span> 
     </span>
    </p>
   </div>
   <div class='ocr_carea' id='block_1_45' title="bbox 453 3045 2036 3118">
    <p class='ocr_par' dir='ltr' id='par_1_45' title="bbox 453 3045 2036 3118">
     <span class='ocr_line' id='line_1_45' title="bbox 453 3045 2036 3118; baseline 0.001 -17"><span class='ocrx_word' id='word_1_328' title='bbox 453 3050 508 3101; x_wconf 92' lang='lat' dir='ltr'><strong>in</strong></span> <span class='ocrx_word' id='word_1_329' title='bbox 539 3048 695 3117; x_wconf 88' lang='lat' dir='ltr'><strong>culpa</strong></span> <span class='ocrx_word' id='word_1_330' title='bbox 728 3047 1262 3118; x_wconf 75' lang='lat' dir='ltr'><strong>deprehenderetur,</strong></span> <span class='ocrx_word' id='word_1_331' title='bbox 1297 3063 1415 3102; x_wconf 89' lang='lat' dir='ltr'><strong>eam</strong></span> <span class='ocrx_word' id='word_1_332' title='bbox 1438 3049 1580 3102; x_wconf 82' lang='lat' dir='ltr'><strong>bena</strong></span> <span class='ocrx_word' id='word_1_333' title='bbox 1605 3047 1710 3103; x_wconf 87' lang='lat' dir='ltr'><strong>fide</strong></span> <span class='ocrx_word' id='word_1_334' title='bbox 1739 3045 2036 3102; x_wconf 89' lang='lat' dir='ltr'><strong>emendare</strong></span> 
     </span>
    </p>
   </div>
   <div class='ocr_carea' id='block_1_46' title="bbox 451 3141 2038 3212">
    <p class='ocr_par' dir='ltr' id='par_1_46' title="bbox 451 3141 2038 3212">
     <span class='ocr_line' id='line_1_46' title="bbox 451 3141 2038 3212; baseline 0 -14"><span class='ocrx_word' id='word_1_335' title='bbox 451 3156 517 3198; x_wconf 85' lang='lat' dir='ltr'><strong>ac</strong></span> <span class='ocrx_word' id='word_1_336' title='bbox 566 3156 801 3212; x_wconf 88' lang='lat' dir='ltr'><strong>purgare</strong></span> <span class='ocrx_word' id='word_1_337' title='bbox 856 3141 1065 3195; x_wconf 85' lang='lat' dir='ltr'><strong>crimen</strong></span> <span class='ocrx_word' id='word_1_338' title='bbox 1123 3157 1308 3206; x_wconf 89' lang='lat' dir='ltr'><strong>suum,</strong></span> <span class='ocrx_word' id='word_1_339' title='bbox 1362 3142 1691 3211; x_wconf 85' lang='lat' dir='ltr'><strong>sublataque</strong></span> <span class='ocrx_word' id='word_1_340' title='bbox 1733 3141 2038 3198; x_wconf 78' lang='lat' dir='ltr'><strong>offensione</strong></span> 
     </span>
    </p>
   </div>
   <div class='ocr_carea' id='block_1_47' title="bbox 451 3231 2032 3305">
    <p class='ocr_par' dir='ltr' id='par_1_47' title="bbox 451 3231 2032 3305">
     <span class='ocr_line' id='line_1_47' title="bbox 451 3231 2032 3305; baseline 0.002 -19"><span class='ocrx_word' id='word_1_341' title='bbox 451 3233 700 3303; x_wconf 75' lang='lat' dir='ltr'><strong>przebere</strong></span> <span class='ocrx_word' id='word_1_342' title='bbox 760 3231 1025 3287; x_wconf 79' lang='lat' dir='ltr'><strong>fratribus</strong></span> <span class='ocrx_word' id='word_1_343' title='bbox 1058 3248 1271 3301; x_wconf 84' lang='lat' dir='ltr'><strong>pacem,</strong></span> <span class='ocrx_word' id='word_1_344' title='bbox 1327 3233 1685 3304; x_wconf 82' lang='lat' dir='ltr'><strong>vicissimque</strong></span> <span class='ocrx_word' id='word_1_345' title='bbox 1752 3243 2032 3305; x_wconf 81' lang='lat' dir='ltr'><strong>acceptam</strong></span> 
     </span>
    </p>
   </div>
   <div class='ocr_carea' id='block_1_48' title="bbox 453 3327 2046 3399">
    <p class='ocr_par' dir='ltr' id='par_1_48' title="bbox 453 3327 2046 3399">
     <span class='ocr_line' id='line_1_48' title="bbox 453 3327 2046 3399; baseline 0.002 -19"><span class='ocrx_word' id='word_1_346' title='bbox 453 3327 672 3382; x_wconf 86' lang='lat' dir='ltr'><strong>sincera</strong></span> <span class='ocrx_word' id='word_1_347' title='bbox 704 3335 884 3380; x_wconf 87' lang='lat' dir='ltr'><strong>mente</strong></span> <span class='ocrx_word' id='word_1_348' title='bbox 908 3327 1123 3393; x_wconf 88' lang='lat' dir='ltr'><strong>colere;</strong></span> <span class='ocrx_word' id='word_1_349' title='bbox 1171 3337 1267 3381; x_wconf 90' lang='lat' dir='ltr'><strong>aut</strong></span> <span class='ocrx_word' id='word_1_350' title='bbox 1289 3339 1436 3384; x_wconf 87' lang='lat' dir='ltr'><strong>certe</strong></span> <span class='ocrx_word' id='word_1_351' title='bbox 1460 3329 1507 3384; x_wconf 89' lang='lat' dir='ltr'><strong>si</strong></span> <span class='ocrx_word' id='word_1_352' title='bbox 1544 3335 1667 3399; x_wconf 86' lang='lat' dir='ltr'><strong>post</strong></span> <span class='ocrx_word' id='word_1_353' title='bbox 1703 3328 2046 3399; x_wconf 87' lang='lat' dir='ltr'><strong>disquisitio-</strong></span> 
     </span>
    </p>
   </div>
   <div class='ocr_carea' id='block_1_49' title="bbox 455 3419 2047 3494">
    <p class='ocr_par' dir='ltr' id='par_1_49' title="bbox 455 3419 2047 3494">
     <span class='ocr_line' id='line_1_49' title="bbox 455 3419 2047 3494; baseline 0.004 -23"><span class='ocrx_word' id='word_1_354' title='bbox 455 3432 581 3471; x_wconf 88' lang='lat' dir='ltr'><strong>nem</strong></span> <span class='ocrx_word' id='word_1_355' title='bbox 635 3428 917 3474; x_wconf 84' lang='lat' dir='ltr'><strong>constaret</strong></span> <span class='ocrx_word' id='word_1_356' title='bbox 943 3419 1079 3473; x_wconf 86' lang='lat' dir='ltr'><strong>nihil</strong></span> <span class='ocrx_word' id='word_1_357' title='bbox 1115 3421 1168 3474; x_wconf 93' lang='lat' dir='ltr'><strong>in</strong></span> <span class='ocrx_word' id='word_1_358' title='bbox 1203 3423 1409 3478; x_wconf 82' lang='lat' dir='ltr'><strong>utravis</strong></span> <span class='ocrx_word' id='word_1_359' title='bbox 1441 3438 1566 3479; x_wconf 90' lang='lat' dir='ltr'><strong>esse</strong></span> <span class='ocrx_word' id='word_1_360' title='bbox 1596 3423 1742 3492; x_wconf 92' lang='lat' dir='ltr'><strong>quod</strong></span> <span class='ocrx_word' id='word_1_361' title='bbox 1774 3424 1901 3494; x_wconf 82' lang='lat' dir='ltr'><strong>jure</strong></span> <span class='ocrx_word' id='word_1_362' title='bbox 1928 3423 2047 3478; x_wconf 83' lang='lat' dir='ltr'><strong>cul-</strong></span> 
     </span>
    </p>
   </div>
   <div class='ocr_carea' id='block_1_50' title="bbox 454 3513 2047 3586">
    <p class='ocr_par' dir='ltr' id='par_1_50' title="bbox 454 3513 2047 3586">
     <span class='ocr_line' id='line_1_50' title="bbox 454 3513 2047 3586; baseline 0.006 -25"><span class='ocrx_word' id='word_1_363' title='bbox 454 3519 707 3577; x_wconf 86' lang='lat' dir='ltr'><strong>paretur,</strong></span> <span class='ocrx_word' id='word_1_364' title='bbox 745 3525 1102 3579; x_wconf 86' lang='lat' dir='ltr'><strong>perseverare</strong></span> <span class='ocrx_word' id='word_1_365' title='bbox 1136 3513 1435 3582; x_wconf 90' lang='lat' dir='ltr'><strong>tranquille</strong></span> <span class='ocrx_word' id='word_1_366' title='bbox 1490 3515 1682 3570; x_wconf 85' lang='lat' dir='ltr'><strong>ambas</strong></span> <span class='ocrx_word' id='word_1_367' title='bbox 1725 3516 1776 3570; x_wconf 92' lang='lat' dir='ltr'><strong>in</strong></span> <span class='ocrx_word' id='word_1_368' title='bbox 1808 3517 2047 3586; x_wconf 81' lang='lat' dir='ltr'><strong>propriis</strong></span> 
     </span>
    </p>
   </div>
   <div class='ocr_carea' id='block_1_51' title="bbox 459 3601 2048 3678">
    <p class='ocr_par' dir='ltr' id='par_1_51' title="bbox 459 3601 2048 3678">
     <span class='ocr_line' id='line_1_51' title="bbox 459 3601 2048 3678; baseline 0.006 -24"><span class='ocrx_word' id='word_1_369' title='bbox 459 3615 917 3671; x_wconf 81' lang='lat' dir='ltr'><strong>unamquamque</strong></span> <span class='ocrx_word' id='word_1_370' title='bbox 989 3601 1184 3658; x_wconf 75' lang='lat' dir='ltr'><strong>officiis</strong></span> <span class='ocrx_word' id='word_1_371' title='bbox 1230 3620 1295 3659; x_wconf 91' lang='lat' dir='ltr'><strong>ac</strong></span> <span class='ocrx_word' id='word_1_372' title='bbox 1343 3605 1545 3661; x_wconf 90' lang='lat' dir='ltr'><strong>ritihus</strong></span> <span class='ocrx_word' id='word_1_373' title='bbox 1635 3623 1738 3662; x_wconf 92' lang='lat' dir='ltr'><strong>usu</strong></span> <span class='ocrx_word' id='word_1_374' title='bbox 1803 3607 2048 3678; x_wconf 88' lang='lat' dir='ltr'><strong>legitimo</strong></span> 
     </span>
    </p>
   </div>
   <div class='ocr_carea' id='block_1_52' title="bbox 455 3694 2050 3764">
    <p class='ocr_par' dir='ltr' id='par_1_52' title="bbox 455 3694 2050 3764">
     <span class='ocr_line' id='line_1_52' title="bbox 455 3694 2050 3764; baseline 0.006 -17"><span class='ocrx_word' id='word_1_375' title='bbox 455 3694 699 3758; x_wconf 73' lang='lat' dir='ltr'><strong>statutis,</strong></span> <span class='ocrx_word' id='word_1_376' title='bbox 736 3694 870 3749; x_wconf 81' lang='lat' dir='ltr'><strong>nihil</strong></span> <span class='ocrx_word' id='word_1_377' title='bbox 903 3695 1054 3750; x_wconf 81' lang='lat' dir='ltr'><strong>alteri</strong></span> <span class='ocrx_word' id='word_1_378' title='bbox 1080 3707 1518 3764; x_wconf 87' lang='lat' dir='ltr'><strong>suecenseutem,</strong></span> <span class='ocrx_word' id='word_1_379' title='bbox 1548 3713 1646 3753; x_wconf 91' lang='lat' dir='ltr'><strong>nec</strong></span> <span class='ocrx_word' id='word_1_380' title='bbox 1673 3697 2050 3764; x_wconf 88' lang='lat' dir='ltr'><strong>internecinis,</strong></span> 
     </span>
    </p>
   </div>
   <div class='ocr_carea' id='block_1_53' title="bbox 458 3786 2048 3863">
    <p class='ocr_par' dir='ltr' id='par_1_53' title="bbox 458 3786 2048 3863">
     <span class='ocr_line' id='line_1_53' title="bbox 458 3786 2048 3863; baseline 0.006 -27"><span class='ocrx_word' id='word_1_381' title='bbox 458 3793 520 3838; x_wconf 84' lang='lat' dir='ltr'><strong>ut</strong></span> <span class='ocrx_word' id='word_1_382' title='bbox 549 3786 832 3844; x_wconf 84' lang='lat' dir='ltr'><strong>hactenus.</strong></span> <span class='ocrx_word' id='word_1_383' title='bbox 877 3787 1110 3852; x_wconf 76' lang='lat' dir='ltr'><strong>invicem</strong></span> <span class='ocrx_word' id='word_1_384' title='bbox 1133 3789 1273 3844; x_wconf 87' lang='lat' dir='ltr'><strong>odiis</strong></span> <span class='ocrx_word' id='word_1_385' title='bbox 1308 3791 1864 3863; x_wconf 86' lang='lat' dir='ltr'><strong>contentionibusque</strong></span> <span class='ocrx_word' id='word_1_386' title='bbox 1895 3808 2048 3848; x_wconf 90' lang='lat' dir='ltr'><strong>com-</strong></span> 
     </span>
    </p>
   </div>
   <div class='ocr_carea' id='block_1_54' title="bbox 454 3878 2044 3955">
    <p class='ocr_par' dir='ltr' id='par_1_54' title="bbox 454 3878 2044 3955">
     <span class='ocr_line' id='line_1_54' title="bbox 454 3878 2044 3955; baseline 0.006 -25"><span class='ocrx_word' id='word_1_387' title='bbox 454 3878 654 3932; x_wconf 78' lang='lat' dir='ltr'><strong>missas</strong></span> <span class='ocrx_word' id='word_1_388' title='bbox 685 3878 1111 3947; x_wconf 90' lang='lat' dir='ltr'><strong>implacabilium</strong></span> <span class='ocrx_word' id='word_1_389' title='bbox 1137 3892 1190 3937; x_wconf 92' lang='lat' dir='ltr'><strong>et</strong></span> <span class='ocrx_word' id='word_1_390' title='bbox 1209 3883 1566 3938; x_wconf 80' lang='lat' dir='ltr'><strong>exitiosarum</strong></span> <span class='ocrx_word' id='word_1_391' title='bbox 1590 3886 1806 3955; x_wconf 88' lang='lat' dir='ltr'><strong>utrique</strong></span> <span class='ocrx_word' id='word_1_392' title='bbox 1837 3885 2044 3940; x_wconf 58' lang='lat' dir='ltr'><strong>discor.</strong></span> 
     </span>
    </p>
   </div>
   <div class='ocr_carea' id='block_1_55' title="bbox 458 3971 2050 4049">
    <p class='ocr_par' dir='ltr' id='par_1_55' title="bbox 458 3971 2050 4049">
     <span class='ocr_line' id='line_1_55' title="bbox 458 3971 2050 4049; baseline 0.005 -24"><span class='ocrx_word' id='word_1_393' title='bbox 458 3971 678 4026; x_wconf 86' lang='lat' dir='ltr'><strong>diarum</strong></span> <span class='ocrx_word' id='word_1_394' title='bbox 711 3972 901 4028; x_wconf 80' lang='lat' dir='ltr'><strong>funem</strong></span> <span class='ocrx_word' id='word_1_395' title='bbox 935 3978 1172 4040; x_wconf 86' lang='lat' dir='ltr'><strong>ducere;</strong></span> <span class='ocrx_word' id='word_1_396' title='bbox 1230 3977 1499 4032; x_wconf 82' lang='lat' dir='ltr'><strong>sulficere‘</strong></span> <span class='ocrx_word' id='word_1_397' title='bbox 1549 3978 1748 4049; x_wconf 87' lang='lat' dir='ltr'><strong>quippe</strong></span> <span class='ocrx_word' id='word_1_398' title='bbox 1803 3980 2050 4048; x_wconf 90' lang='lat' dir='ltr'><strong>utrisque</strong></span> 
     </span>
    </p>
   </div>
   <div class='ocr_carea' id='block_1_56' title="bbox 459 4067 2052 4138">
    <p class='ocr_par' dir='ltr' id='par_1_56' title="bbox 459 4067 2052 4138">
     <span class='ocr_line' id='line_1_56' title="bbox 459 4067 2052 4138; baseline 0.006 -24"><span class='ocrx_word' id='word_1_399' title='bbox 459 4068 644 4120; x_wconf 74' lang='lat' dir='ltr'><strong>hostes</strong></span> <span class='ocrx_word' id='word_1_400' title='bbox 677 4067 879 4132; x_wconf 81' lang='lat' dir='ltr'><strong>crucis,</strong></span> <span class='ocrx_word' id='word_1_401' title='bbox 911 4082 1148 4138; x_wconf 89' lang='lat' dir='ltr'><strong>quorum</strong></span> <span class='ocrx_word' id='word_1_402' title='bbox 1191 4068 1318 4124; x_wconf 88' lang='lat' dir='ltr'><strong>finis</strong></span> <span class='ocrx_word' id='word_1_403' title='bbox 1362 4069 1638 4126; x_wconf 89' lang='lat' dir='ltr'><strong>interitus.</strong></span> <span class='ocrx_word' id='word_1_404' title='bbox 1687 4071 1940 4133; x_wconf 82' lang='lat' dir='ltr'><strong>Abunde.</strong></span> <span class='ocrx_word' id='word_1_405' title='bbox 1967 4070 2052 4124; x_wconf 85' lang='lat' dir='ltr'><strong>in-</strong></span> 
     </span>
    </p>
   </div>
   <div class='ocr_carea' id='block_1_57' title="bbox 457 4161 2048 4236">
    <p class='ocr_par' dir='ltr' id='par_1_57' title="bbox 457 4161 2048 4236">
     <span class='ocr_line' id='line_1_57' title="bbox 457 4161 2048 4236; baseline 0.005 -25"><span class='ocrx_word' id='word_1_406' title='bbox 457 4176 648 4228; x_wconf 88' lang='lat' dir='ltr'><strong>quam,</strong></span> <span class='ocrx_word' id='word_1_407' title='bbox 687 4177 748 4214; x_wconf 91' lang='lat' dir='ltr'><strong>ac</strong></span> <span class='ocrx_word' id='word_1_408' title='bbox 781 4161 956 4215; x_wconf 89' lang='lat' dir='ltr'><strong>multo</strong></span> <span class='ocrx_word' id='word_1_409' title='bbox 991 4164 1112 4232; x_wconf 91' lang='lat' dir='ltr'><strong>plus</strong></span> <span class='ocrx_word' id='word_1_410' title='bbox 1148 4179 1312 4234; x_wconf 83' lang='lat' dir='ltr'><strong>quam</strong></span> <span class='ocrx_word' id='word_1_411' title='bbox 1342 4164 1568 4220; x_wconf 89' lang='lat' dir='ltr'><strong>sitsatis</strong></span> <span class='ocrx_word' id='word_1_412' title='bbox 1597 4177 1889 4236; x_wconf 87' lang='lat' dir='ltr'><strong>suppetere</strong></span> <span class='ocrx_word' id='word_1_413' title='bbox 1917 4181 2048 4236; x_wconf 86' lang='lat' dir='ltr'><strong>gen-</strong></span> 
     </span>
    </p>
   </div>
   <div class='ocr_carea' id='block_1_58' title="bbox 461 4253 2050 4330">
    <p class='ocr_par' dir='ltr' id='par_1_58' title="bbox 461 4253 2050 4330">
     <span class='ocr_line' id='line_1_58' title="bbox 461 4253 2050 4330; baseline 0.004 -25"><span class='ocrx_word' id='word_1_414' title='bbox 461 4253 594 4307; x_wconf 89' lang='lat' dir='ltr'><strong>tium</strong></span> <span class='ocrx_word' id='word_1_415' title='bbox 626 4253 990 4322; x_wconf 82' lang='lat' dir='ltr'><strong>iufensarum,</strong></span> <span class='ocrx_word' id='word_1_416' title='bbox 1042 4255 1094 4309; x_wconf 89' lang='lat' dir='ltr'><strong>iu</strong></span> <span class='ocrx_word' id='word_1_417' title='bbox 1122 4255 1324 4324; x_wconf 83' lang='lat' dir='ltr'><strong>quibus</strong></span> <span class='ocrx_word' id='word_1_418' title='bbox 1355 4260 1733 4329; x_wconf 75' lang='lat' dir='ltr'><strong>oppugnandis</strong></span> <span class='ocrx_word' id='word_1_419' title='bbox 1762 4259 1856 4330; x_wconf 89' lang='lat' dir='ltr'><strong>qui</strong></span> <span class='ocrx_word' id='word_1_420' title='bbox 1887 4259 2050 4314; x_wconf 86' lang='lat' dir='ltr'><strong>Chri-</strong></span> 
     </span>
    </p>
   </div>
   <div class='ocr_carea' id='block_1_59' title="bbox 459 4347 2050 4408">
    <p class='ocr_par' dir='ltr' id='par_1_59' title="bbox 459 4347 2050 4408">
     <span class='ocr_line' id='line_1_59' title="bbox 459 4347 2050 4408; baseline 0.004 -7"><span class='ocrx_word' id='word_1_421' title='bbox 459 4347 527 4402; x_wconf 89' lang='lat' dir='ltr'><strong>sti</strong></span> <span class='ocrx_word' id='word_1_422' title='bbox 568 4349 788 4402; x_wconf 86' lang='lat' dir='ltr'><strong>nomine</strong></span> <span class='ocrx_word' id='word_1_423' title='bbox 815 4358 1112 4404; x_wconf 88' lang='lat' dir='ltr'><strong>censentur</strong></span> <span class='ocrx_word' id='word_1_424' title='bbox 1146 4349 1402 4404; x_wconf 81' lang='lat' dir='ltr'><strong>virtutem</strong></span> <span class='ocrx_word' id='word_1_425' title='bbox 1439 4366 1596 4405; x_wconf 90' lang='lat' dir='ltr'><strong>suam</strong></span> <span class='ocrx_word' id='word_1_426' title='bbox 1650 4351 1900 4408; x_wconf 87' lang='lat' dir='ltr'><strong>bellicam</strong></span> <span class='ocrx_word' id='word_1_427' title='bbox 1951 4368 2050 4408; x_wconf 85' lang='lat' dir='ltr'><strong>ex-</strong></span> 
     </span>
    </p>
   </div>
   <div class='ocr_carea' id='block_1_60' title="bbox 457 4439 2052 4516">
    <p class='ocr_par' dir='ltr' id='par_1_60' title="bbox 457 4439 2052 4516">
     <span class='ocr_line' id='line_1_60' title="bbox 457 4439 2052 4516; baseline 0.004 -25"><span class='ocrx_word' id='word_1_428' title='bbox 457 4439 791 4508; x_wconf 81' lang='lat' dir='ltr'><strong>perirentur,</strong></span> <span class='ocrx_word' id='word_1_429' title='bbox 826 4441 1027 4511; x_wconf 86' lang='lat' dir='ltr'><strong>quibus</strong></span> <span class='ocrx_word' id='word_1_430' title='bbox 1085 4441 1240 4496; x_wconf 87' lang='lat' dir='ltr'><strong>bellis</strong></span> <span class='ocrx_word' id='word_1_431' title='bbox 1293 4453 1349 4498; x_wconf 89' lang='lat' dir='ltr'><strong>et</strong></span> <span class='ocrx_word' id='word_1_432' title='bbox 1395 4443 1615 4499; x_wconf 85' lang='lat' dir='ltr'><strong>vincere</strong></span> <span class='ocrx_word' id='word_1_433' title='bbox 1659 4444 1956 4516; x_wconf 87' lang='lat' dir='ltr'><strong>gloriosum</strong></span> <span class='ocrx_word' id='word_1_434' title='bbox 1997 4455 2052 4498; x_wconf 84' lang='lat' dir='ltr'><strong>et</strong></span> 
     </span>
    </p>
   </div>
   <div class='ocr_carea' id='block_1_61' title="bbox 2134 1945 3706 2018">
    <p class='ocr_par' dir='ltr' id='par_1_61' title="bbox 2134 1945 3706 2018">
     <span class='ocr_line' id='line_1_61' title="bbox 2134 1945 3706 2018; baseline -0.001 -18"><span class='ocrx_word' id='word_1_435' title='bbox 2134 1946 2347 2016; x_wconf 75' lang='grc' dir='ltr'>Πατρδς</span> <span class='ocrx_word' id='word_1_436' title='bbox 2373 1945 2507 1999; x_wconf 80' lang='grc' dir='ltr'>Υίοῦ</span> <span class='ocrx_word' id='word_1_437' title='bbox 2528 1963 2610 2013; x_wconf 81' lang='grc' dir='ltr'><strong>τε,</strong></span> <span class='ocrx_word' id='word_1_438' title='bbox 2644 1947 2791 2016; x_wconf 79' lang='grc' dir='ltr'>ὑμᾶς</span> <span class='ocrx_word' id='word_1_439' title='bbox 2818 1947 2882 2000; x_wconf 81' lang='grc' dir='ltr'>ὲκ</span> <span class='ocrx_word' id='word_1_440' title='bbox 2900 1947 3114 2018; x_wconf 80' lang='grc' dir='ltr'>ιΙατρδς</span> <span class='ocrx_word' id='word_1_441' title='bbox 3139 1947 3208 2001; x_wconf 87' lang='grc' dir='ltr'><strong>δι’</strong></span> <span class='ocrx_word' id='word_1_442' title='bbox 3232 1945 3366 1999; x_wconf 79' lang='grc' dir='ltr'>Υίοῦ</span> <span class='ocrx_word' id='word_1_443' title='bbox 3400 1946 3464 1999; x_wconf 81' lang='grc' dir='ltr'>τὸ</span> <span class='ocrx_word' id='word_1_444' title='bbox 3497 1946 3706 2016; x_wconf 83' lang='grc' dir='ltr'>Πνεῦμα</span> 
     </span>
    </p>
   </div>
   <div class='ocr_carea' id='block_1_62' title="bbox 2133 2039 3708 2113">
    <p class='ocr_par' dir='ltr' id='par_1_62' title="bbox 2133 2039 3708 2113">
     <span class='ocr_line' id='line_1_62' title="bbox 2133 2039 3708 2113; baseline -0.002 -19"><span class='ocrx_word' id='word_1_445' title='bbox 2133 2039 2191 2094; x_wconf 78' lang='grc' dir='ltr'>τὸ</span> <span class='ocrx_word' id='word_1_446' title='bbox 2226 2039 2385 2108; x_wconf 75' lang='grc' dir='ltr'>ἅγιον</span> <span class='ocrx_word' id='word_1_447' title='bbox 2434 2039 2862 2113; x_wconf 71' lang='grc' dir='ltr'>ἐκπορεύεσθαι,</span> <span class='ocrx_word' id='word_1_448' title='bbox 2910 2039 3395 2111; x_wconf 78' lang='grc' dir='ltr'>παραπληκτίζειν</span> <span class='ocrx_word' id='word_1_449' title='bbox 3436 2041 3532 2092; x_wconf 80' lang='grc' dir='ltr'>καὶ</span> <span class='ocrx_word' id='word_1_450' title='bbox 3554 2039 3708 2107; x_wconf 73' lang='grc' dir='ltr'>ἄμφω</span> 
     </span>
    </p>
   </div>
   <div class='ocr_carea' id='block_1_63' title="bbox 2133 2131 3708 2204">
    <p class='ocr_par' dir='ltr' id='par_1_63' title="bbox 2133 2131 3708 2204">
     <span class='ocr_line' id='line_1_63' title="bbox 2133 2131 3708 2204; baseline -0.003 -18"><span class='ocrx_word' id='word_1_451' title='bbox 2133 2133 2213 2196; x_wconf 87' lang='grc' dir='ltr'><strong>εἰς</strong></span> <span class='ocrx_word' id='word_1_452' title='bbox 2242 2131 2377 2185; x_wconf 81' lang='grc' dir='ltr'>Θεοῦ</span> <span class='ocrx_word' id='word_1_453' title='bbox 2440 2133 2726 2204; x_wconf 84' lang='grc' dir='ltr'>μυστήρια</span> <span class='ocrx_word' id='word_1_454' title='bbox 2784 2132 3276 2204; x_wconf 85' lang='grc' dir='ltr'>παρακύπτοντας.</span> <span class='ocrx_word' id='word_1_455' title='bbox 3332 2131 3577 2194; x_wconf 74' lang='grc' dir='ltr'>Ἐκεῖνος</span> <span class='ocrx_word' id='word_1_456' title='bbox 3623 2133 3708 2200; x_wconf 81' lang='grc' dir='ltr'>μὲν</span> 
     </span>
    </p>
   </div>
   <div class='ocr_carea' id='block_1_64' title="bbox 2134 2223 3711 2295">
    <p class='ocr_par' dir='ltr' id='par_1_64' title="bbox 2134 2223 3711 2295">
     <span class='ocr_line' id='line_1_64' title="bbox 2134 2223 3711 2295; baseline -0.001 -17"><span class='ocrx_word' id='word_1_457' title='bbox 2134 2223 2292 2278; x_wconf 88' lang='grc' dir='ltr'>ταῦτ’</span> <span class='ocrx_word' id='word_1_458' title='bbox 2321 2225 2473 2294; x_wconf 74' lang='grc' dir='ltr'>ἔλεγε</span> <span class='ocrx_word' id='word_1_459' title='bbox 2499 2227 2596 2279; x_wconf 71' lang='grc' dir='ltr'>καὶ</span> <span class='ocrx_word' id='word_1_460' title='bbox 2633 2226 2944 2290; x_wconf 79' lang='grc' dir='ltr'>συσκιάζων</span> <span class='ocrx_word' id='word_1_461' title='bbox 2984 2226 3046 2279; x_wconf 76' lang='grc' dir='ltr'>τὸ</span> <span class='ocrx_word' id='word_1_462' title='bbox 3068 2226 3161 2279; x_wconf 77' lang='grc' dir='ltr'><strong>ἐπὶ</strong></span> <span class='ocrx_word' id='word_1_463' title='bbox 3188 2223 3264 2295; x_wconf 83' lang='grc' dir='ltr'><strong>τῷ</strong></span> <span class='ocrx_word' id='word_1_464' title='bbox 3295 2224 3563 2294; x_wconf 76' lang='grc' dir='ltr'>Συμϐόλῳ</span> <span class='ocrx_word' id='word_1_465' title='bbox 3605 2223 3711 2276; x_wconf 81' lang='grc' dir='ltr'>τόλ-</span> 
     </span>
    </p>
   </div>
   <div class='ocr_carea' id='block_1_65' title="bbox 2137 2315 3712 2388">
    <p class='ocr_par' dir='ltr' id='par_1_65' title="bbox 2137 2315 3712 2388">
     <span class='ocr_line' id='line_1_65' title="bbox 2137 2315 3712 2388; baseline -0.003 -16"><span class='ocrx_word' id='word_1_466' title='bbox 2137 2333 2318 2387; x_wconf 84' lang='grc' dir='ltr'>μημα,</span> <span class='ocrx_word' id='word_1_467' title='bbox 2351 2315 2583 2388; x_wconf 80' lang='grc' dir='ltr'>πρέσϐις</span> <span class='ocrx_word' id='word_1_468' title='bbox 2612 2317 2690 2371; x_wconf 83' lang='grc' dir='ltr'>ὢν</span> <span class='ocrx_word' id='word_1_469' title='bbox 2747 2319 2840 2371; x_wconf 77' lang='grc' dir='ltr'>καὶ</span> <span class='ocrx_word' id='word_1_470' title='bbox 2873 2316 3166 2387; x_wconf 81' lang='grc' dir='ltr'>προῦργου</span> <span class='ocrx_word' id='word_1_471' title='bbox 3201 2317 3408 2388; x_wconf 83' lang='grc' dir='ltr'>μᾶλλον</span> <span class='ocrx_word' id='word_1_472' title='bbox 3437 2316 3632 2379; x_wconf 84' lang='grc' dir='ltr'>παντὸς</span> <span class='ocrx_word' id='word_1_473' title='bbox 3660 2315 3712 2369; x_wconf 75' lang='grc' dir='ltr'>τὸ</span> 
     </span>
    </p>
   </div>
   <div class='ocr_carea' id='block_1_66' title="bbox 2137 2409 3711 2482">
    <p class='ocr_par' dir='ltr' id='par_1_66' title="bbox 2137 2409 3711 2482">
     <span class='ocr_line' id='line_1_66' title="bbox 2137 2409 3711 2482; baseline 0 -18"><span class='ocrx_word' id='word_1_474' title='bbox 2137 2410 2576 2482; x_wconf 80' lang='grc' dir='ltr'>πρεσϐευόμενον</span> <span class='ocrx_word' id='word_1_475' title='bbox 2607 2410 2779 2466; x_wconf 83' lang='grc' dir='ltr'>θέλων</span> <span class='ocrx_word' id='word_1_476' title='bbox 2804 2410 3025 2465; x_wconf 78' lang='grc' dir='ltr'>ἀνύτειν</span> <span class='ocrx_word' id='word_1_477' title='bbox 3047 2428 3061 2442; x_wconf 78' lang='grc' dir='ltr'><strong>ο</strong></span> <span class='ocrx_word' id='word_1_478' title='bbox 3096 2412 3146 2464; x_wconf 80' lang='grc' dir='ltr'>οἱ</span> <span class='ocrx_word' id='word_1_479' title='bbox 3172 2411 3230 2465; x_wconf 76' lang='grc' dir='ltr'>δὲ</span> <span class='ocrx_word' id='word_1_480' title='bbox 3259 2411 3364 2482; x_wconf 80' lang='grc' dir='ltr'>τῆς</span> <span class='ocrx_word' id='word_1_481' title='bbox 3397 2409 3711 2482; x_wconf 82' lang='grc' dir='ltr'>Ἐκκλησιας</span> 
     </span>
    </p>
   </div>
   <div class='ocr_carea' id='block_1_67' title="bbox 2136 2579 3718 2658">
    <p class='ocr_par' dir='ltr' id='par_1_67' title="bbox 2136 2579 3718 2658">
     <span class='ocr_line' id='line_1_67' title="bbox 2136 2579 3718 2658; baseline 0.003 -23"><span class='ocrx_word' id='word_1_482' title='bbox 2136 2579 2492 2654; x_wconf 88' lang='lat' dir='ltr'><strong>prudensque</strong></span> <span class='ocrx_word' id='word_1_483' title='bbox 2523 2598 2588 2640; x_wconf 92' lang='lat' dir='ltr'><strong>ac</strong></span> <span class='ocrx_word' id='word_1_484' title='bbox 2621 2583 2867 2642; x_wconf 88' lang='lat' dir='ltr'><strong>disertus</strong></span> <span class='ocrx_word' id='word_1_485' title='bbox 2904 2584 3094 2642; x_wconf 83' lang='lat' dir='ltr'><strong>Graeca</strong></span> <span class='ocrx_word' id='word_1_486' title='bbox 3125 2585 3340 2658; x_wconf 82' lang='lat' dir='ltr'><strong>lingua.</strong></span> <span class='ocrx_word' id='word_1_487' title='bbox 3393 2584 3496 2642; x_wconf 86' lang='lat' dir='ltr'><strong>Hic</strong></span> <span class='ocrx_word' id='word_1_488' title='bbox 3529 2598 3582 2642; x_wconf 85' lang='lat' dir='ltr'><strong>et</strong></span> <span class='ocrx_word' id='word_1_489' title='bbox 3611 2600 3718 2640; x_wconf 76' lang='lat' dir='ltr'><strong>vcr-</strong></span> 
     </span>
    </p>
   </div>
   <div class='ocr_carea' id='block_1_68' title="bbox 2139 2674 3714 2748">
    <p class='ocr_par' dir='ltr' id='par_1_68' title="bbox 2139 2674 3714 2748">
     <span class='ocr_line' id='line_1_68' title="bbox 2139 2674 3714 2748; baseline 0.001 -20"><span class='ocrx_word' id='word_1_490' title='bbox 2139 2674 2210 2728; x_wconf 92' lang='lat' dir='ltr'><strong>bo</strong></span> <span class='ocrx_word' id='word_1_491' title='bbox 2251 2675 2564 2731; x_wconf 83' lang='lat' dir='ltr'><strong>affirmabat</strong></span> <span class='ocrx_word' id='word_1_492' title='bbox 2608 2686 2663 2732; x_wconf 93' lang='lat' dir='ltr'><strong>et</strong></span> <span class='ocrx_word' id='word_1_493' title='bbox 2709 2677 2872 2733; x_wconf 86' lang='lat' dir='ltr'><strong>factis</strong></span> <span class='ocrx_word' id='word_1_494' title='bbox 2905 2693 3017 2748; x_wconf 71' lang='lat' dir='ltr'><strong>pra:</strong></span> <span class='ocrx_word' id='word_1_495' title='bbox 3066 2693 3127 2733; x_wconf 90' lang='lat' dir='ltr'><strong>se</strong></span> <span class='ocrx_word' id='word_1_496' title='bbox 3182 2678 3398 2734; x_wconf 89' lang='lat' dir='ltr'><strong>ferebat</strong></span> <span class='ocrx_word' id='word_1_497' title='bbox 3445 2677 3714 2748; x_wconf 81' lang='lat' dir='ltr'><strong>ingentise</strong></span> 
     </span>
    </p>
   </div>
   <div class='ocr_carea' id='block_1_69' title="bbox 2139 2767 3716 2840">
    <p class='ocr_par' dir='ltr' id='par_1_69' title="bbox 2139 2767 3716 2840">
     <span class='ocr_line' id='line_1_69' title="bbox 2139 2767 3716 2840; baseline 0.001 -17"><span class='ocrx_word' id='word_1_498' title='bbox 2139 2769 2326 2823; x_wconf 91' lang='lat' dir='ltr'><strong>studio</strong></span> <span class='ocrx_word' id='word_1_499' title='bbox 2376 2767 2611 2840; x_wconf 88' lang='lat' dir='ltr'><strong>flagrare</strong></span> <span class='ocrx_word' id='word_1_500' title='bbox 2646 2770 3013 2825; x_wconf 76' lang='lat' dir='ltr'><strong>concilianda:</strong></span> <span class='ocrx_word' id='word_1_501' title='bbox 3048 2771 3191 2826; x_wconf 90' lang='lat' dir='ltr'><strong>inter</strong></span> <span class='ocrx_word' id='word_1_502' title='bbox 3221 2771 3512 2828; x_wconf 78' lang='lat' dir='ltr'><strong>discordes</strong></span> <span class='ocrx_word' id='word_1_503' title='bbox 3543 2769 3716 2824; x_wconf 81' lang='lat' dir='ltr'><strong>Eccle-</strong></span> 
     </span>
    </p>
   </div>
   <div class='ocr_carea' id='block_1_70' title="bbox 2139 2861 3718 2934">
    <p class='ocr_par' dir='ltr' id='par_1_70' title="bbox 2139 2861 3718 2934">
     <span class='ocr_line' id='line_1_70' title="bbox 2139 2861 3718 2934; baseline 0.001 -18"><span class='ocrx_word' id='word_1_504' title='bbox 2139 2862 2253 2917; x_wconf 87' lang='lat' dir='ltr'><strong>sias</strong></span> <span class='ocrx_word' id='word_1_505' title='bbox 2274 2861 2446 2931; x_wconf 87' lang='lat' dir='ltr'><strong>pacis,</strong></span> <span class='ocrx_word' id='word_1_506' title='bbox 2479 2865 2618 2916; x_wconf 88' lang='lat' dir='ltr'><strong>adeo</strong></span> <span class='ocrx_word' id='word_1_507' title='bbox 2648 2874 2708 2917; x_wconf 90' lang='lat' dir='ltr'><strong>ut</strong></span> <span class='ocrx_word' id='word_1_508' title='bbox 2737 2878 2882 2933; x_wconf 69' lang='lat' dir='ltr'><strong>Saepe</strong></span> <span class='ocrx_word' id='word_1_509' title='bbox 2908 2865 3194 2919; x_wconf 83' lang='lat' dir='ltr'><strong>audiretur</strong></span> <span class='ocrx_word' id='word_1_510' title='bbox 3221 2874 3416 2934; x_wconf 85' lang='lat' dir='ltr'><strong>optare</strong></span> <span class='ocrx_word' id='word_1_511' title='bbox 3439 2874 3603 2934; x_wconf 90' lang='lat' dir='ltr'><strong>atque</strong></span> <span class='ocrx_word' id='word_1_512' title='bbox 3628 2864 3718 2917; x_wconf 86' lang='lat' dir='ltr'><strong>im-</strong></span> 
     </span>
    </p>
   </div>
   <div class='ocr_carea' id='block_1_71' title="bbox 2139 2954 3716 3028">
    <p class='ocr_par' dir='ltr' id='par_1_71' title="bbox 2139 2954 3716 3028">
     <span class='ocr_line' id='line_1_71' title="bbox 2139 2954 3716 3028; baseline 0.001 -20"><span class='ocrx_word' id='word_1_513' title='bbox 2139 2954 2350 3025; x_wconf 90' lang='lat' dir='ltr'><strong>precari</strong></span> <span class='ocrx_word' id='word_1_514' title='bbox 2385 2954 2491 3009; x_wconf 90' lang='lat' dir='ltr'><strong>sibi</strong></span> <span class='ocrx_word' id='word_1_515' title='bbox 2527 2965 2754 3012; x_wconf 87' lang='lat' dir='ltr'><strong>tnortem</strong></span> <span class='ocrx_word' id='word_1_516' title='bbox 2805 2968 3070 3028; x_wconf 82' lang='lat' dir='ltr'><strong>tanquam</strong></span> <span class='ocrx_word' id='word_1_517' title='bbox 3129 2958 3266 3011; x_wconf 90' lang='lat' dir='ltr'><strong>nihil</strong></span> <span class='ocrx_word' id='word_1_518' title='bbox 3307 2957 3556 3012; x_wconf 83' lang='lat' dir='ltr'><strong>censenti</strong></span> <span class='ocrx_word' id='word_1_519' title='bbox 3620 2954 3716 3010; x_wconf 76' lang='lat' dir='ltr'><strong>sibi</strong></span> 
     </span>
    </p>
   </div>
   <div class='ocr_carea' id='block_1_72' title="bbox 2142 3048 3748 3120">
    <p class='ocr_par' dir='ltr' id='par_1_72' title="bbox 2142 3048 3748 3120">
     <span class='ocr_line' id='line_1_72' title="bbox 2142 3048 3748 3120; baseline 0.001 -17"><span class='ocrx_word' id='word_1_520' title='bbox 2142 3058 2351 3103; x_wconf 89' lang='lat' dir='ltr'><strong>restare</strong></span> <span class='ocrx_word' id='word_1_521' title='bbox 2407 3048 2644 3119; x_wconf 90' lang='lat' dir='ltr'><strong>amplius</strong></span> <span class='ocrx_word' id='word_1_522' title='bbox 2685 3050 2834 3118; x_wconf 89' lang='lat' dir='ltr'><strong>quod</strong></span> <span class='ocrx_word' id='word_1_523' title='bbox 2891 3051 2944 3105; x_wconf 93' lang='lat' dir='ltr'><strong>in</strong></span> <span class='ocrx_word' id='word_1_524' title='bbox 3013 3052 3121 3105; x_wconf 90' lang='lat' dir='ltr'><strong>vita</strong></span> <span class='ocrx_word' id='word_1_525' title='bbox 3168 3059 3426 3120; x_wconf 87' lang='lat' dir='ltr'><strong>cuperet,</strong></span> <span class='ocrx_word' id='word_1_526' title='bbox 3467 3050 3513 3106; x_wconf 89' lang='lat' dir='ltr'><strong>si</strong></span> <span class='ocrx_word' id='word_1_527' title='bbox 3570 3051 3748 3118; x_wconf 49' lang='lat' dir='ltr'><strong>modo,</strong></span> 
     </span>
    </p>
   </div>
   <div class='ocr_carea' id='block_1_73' title="bbox 2141 3126 3756 3212">
    <p class='ocr_par' dir='ltr' id='par_1_73' title="bbox 2141 3126 3756 3212">
     <span class='ocr_line' id='line_1_73' title="bbox 2141 3126 3756 3212; baseline 0.001 -16"><span class='ocrx_word' id='word_1_528' title='bbox 2141 3141 2460 3212; x_wconf 81' lang='lat' dir='ltr'><strong>contigisset</strong></span> <span class='ocrx_word' id='word_1_529' title='bbox 2491 3144 2790 3212; x_wconf 82' lang='lat' dir='ltr'><strong>procedere</strong></span> <span class='ocrx_word' id='word_1_530' title='bbox 2813 3142 3049 3198; x_wconf 87' lang='lat' dir='ltr'><strong>feiiciter</strong></span> <span class='ocrx_word' id='word_1_531' title='bbox 3079 3145 3144 3200; x_wconf 90' lang='lat' dir='ltr'><strong>ad</strong></span> <span class='ocrx_word' id='word_1_532' title='bbox 3171 3145 3548 3200; x_wconf 89' lang='lat' dir='ltr'><strong>desideratum</strong></span> <span class='ocrx_word' id='word_1_533' title='bbox 3569 3144 3714 3200; x_wconf 85' lang='lat' dir='ltr'><strong>finem</strong></span> <span class='ocrx_word' id='word_1_534' title='bbox 3752 3126 3756 3130; x_wconf 52' lang='grc'><strong>’</strong></span> 
     </span>
    </p>
   </div>
   <div class='ocr_carea' id='block_1_74' title="bbox 2147 3231 3827 3307">
    <p class='ocr_par' dir='ltr' id='par_1_74' title="bbox 2147 3231 3827 3307">
     <span class='ocr_line' id='line_1_74' title="bbox 2147 3231 3827 3307; baseline 0.001 -19"><span class='ocrx_word' id='word_1_535' title='bbox 2147 3233 2422 3305; x_wconf 82' lang='lat' dir='ltr'><strong>negotium</strong></span> <span class='ocrx_word' id='word_1_536' title='bbox 2467 3233 2612 3303; x_wconf 92' lang='lat' dir='ltr'><strong>quod</strong></span> <span class='ocrx_word' id='word_1_537' title='bbox 2652 3242 2984 3290; x_wconf 88' lang='lat' dir='ltr'><strong>tractaretur</strong></span> <span class='ocrx_word' id='word_1_538' title='bbox 3021 3237 3203 3304; x_wconf 87' lang='lat' dir='ltr'><strong>pacis;</strong></span> <span class='ocrx_word' id='word_1_539' title='bbox 3235 3235 3398 3305; x_wconf 87' lang='lat' dir='ltr'><strong>cujus</strong></span> <span class='ocrx_word' id='word_1_540' title='bbox 3426 3247 3480 3290; x_wconf 87' lang='lat' dir='ltr'><strong>et</strong></span> <span class='ocrx_word' id='word_1_541' title='bbox 3514 3249 3719 3306; x_wconf 86' lang='lat' dir='ltr'><strong>compos</strong></span> <span class='ocrx_word' id='word_1_542' title='bbox 3751 3231 3761 3247; x_wconf 69' lang='lat'><strong><em>&quot;</em></strong></span> <span class='ocrx_word' id='word_1_543' title='bbox 3813 3239 3827 3307; x_wconf 31' lang='grc' dir='ltr'><strong>γ</strong></span> 
     </span>
    </p>
   </div>
   <div class='ocr_carea' id='block_1_75' title="bbox 2146 3321 3825 3400">
    <p class='ocr_par' dir='ltr' id='par_1_75' title="bbox 2146 3321 3825 3400">
     <span class='ocr_line' id='line_1_75' title="bbox 2146 3321 3825 3400; baseline 0.002 -18"><span class='ocrx_word' id='word_1_544' title='bbox 2146 3327 2257 3382; x_wconf 89' lang='lat' dir='ltr'><strong>voti</strong></span> <span class='ocrx_word' id='word_1_545' title='bbox 2281 3326 2480 3382; x_wconf 90' lang='lat' dir='ltr'><strong>deinde</strong></span> <span class='ocrx_word' id='word_1_546' title='bbox 2524 3328 2702 3382; x_wconf 86' lang='lat' dir='ltr'><strong>factus</strong></span> <span class='ocrx_word' id='word_1_547' title='bbox 2730 3336 2834 3385; x_wconf 85' lang='lat' dir='ltr'><strong>est.</strong></span> <span class='ocrx_word' id='word_1_548' title='bbox 2899 3328 3023 3382; x_wconf 75' lang='lat' dir='ltr'><strong>llaec</strong></span> <span class='ocrx_word' id='word_1_549' title='bbox 3055 3329 3145 3383; x_wconf 91' lang='lat' dir='ltr'><strong>ille</strong></span> <span class='ocrx_word' id='word_1_550' title='bbox 3177 3329 3534 3400; x_wconf 88' lang='lat' dir='ltr'><strong>loquebatur,</strong></span> <span class='ocrx_word' id='word_1_551' title='bbox 3565 3339 3619 3384; x_wconf 89' lang='lat' dir='ltr'><strong>et</strong></span> <span class='ocrx_word' id='word_1_552' title='bbox 3646 3345 3720 3385; x_wconf 83' lang='lat' dir='ltr'><strong>re-</strong></span> <span class='ocrx_word' id='word_1_553' title='bbox 3820 3321 3825 3336; x_wconf 84' lang='grc'><strong>’</strong></span> 
     </span>
    </p>
   </div>
   <div class='ocr_carea' id='block_1_76' title="bbox 2148 3422 3715 3490">
    <p class='ocr_par' dir='ltr' id='par_1_76' title="bbox 2148 3422 3715 3490">
     <span class='ocr_line' id='line_1_76' title="bbox 2148 3422 3715 3490; baseline 0.004 -18"><span class='ocrx_word' id='word_1_554' title='bbox 2148 3435 2275 3474; x_wconf 90' lang='lat' dir='ltr'><strong>vera</strong></span> <span class='ocrx_word' id='word_1_555' title='bbox 2339 3426 2624 3490; x_wconf 90' lang='lat' dir='ltr'><strong>promotor</strong></span> <span class='ocrx_word' id='word_1_556' title='bbox 2684 3431 2804 3475; x_wconf 87' lang='lat' dir='ltr'><strong>erat</strong></span> <span class='ocrx_word' id='word_1_557' title='bbox 2853 3422 3282 3478; x_wconf 90' lang='lat' dir='ltr'><strong>ardentissimus</strong></span> <span class='ocrx_word' id='word_1_558' title='bbox 3337 3423 3715 3480; x_wconf 69' lang='lat' dir='ltr'><strong>ecclesiastica:</strong></span> 
     </span>
    </p>
   </div>
   <div class='ocr_carea' id='block_1_77' title="bbox 2149 3513 3816 3584">
    <p class='ocr_par' dir='ltr' id='par_1_77' title="bbox 2149 3513 3816 3584">
     <span class='ocr_line' id='line_1_77' title="bbox 2149 3513 3816 3584; baseline 0.002 -16"><span class='ocrx_word' id='word_1_559' title='bbox 2149 3513 2478 3579; x_wconf 63' lang='lat' dir='ltr'><strong>concordiae,</strong></span> <span class='ocrx_word' id='word_1_560' title='bbox 2531 3513 2666 3569; x_wconf 91' lang='lat' dir='ltr'><strong>adeo</strong></span> <span class='ocrx_word' id='word_1_561' title='bbox 2699 3523 2758 3569; x_wconf 87' lang='grc' dir='ltr'><strong>ιιι</strong></span> <span class='ocrx_word' id='word_1_562' title='bbox 2787 3530 2930 3584; x_wconf 76' lang='lat' dir='ltr'><strong>saepe</strong></span> <span class='ocrx_word' id='word_1_563' title='bbox 2961 3519 3029 3570; x_wconf 89' lang='lat' dir='ltr'><strong>de</strong></span> <span class='ocrx_word' id='word_1_564' title='bbox 3067 3517 3287 3584; x_wconf 83' lang='lat' dir='ltr'><strong>negotio</strong></span> <span class='ocrx_word' id='word_1_565' title='bbox 3333 3527 3582 3573; x_wconf 88' lang='lat' dir='ltr'><strong>tractans</strong></span> <span class='ocrx_word' id='word_1_566' title='bbox 3607 3532 3718 3572; x_wconf 87' lang='lat' dir='ltr'><strong>cum</strong></span> <span class='ocrx_word' id='word_1_567' title='bbox 3811 3575 3816 3582; x_wconf 91' lang='lat'><strong>_</strong></span> 
     </span>
    </p>
   </div>
   <div class='ocr_carea' id='block_1_78' title="bbox 2155 3605 3718 3677">
    <p class='ocr_par' dir='ltr' id='par_1_78' title="bbox 2155 3605 3718 3677">
     <span class='ocr_line' id='line_1_78' title="bbox 2155 3605 3718 3677; baseline 0.004 -19"><span class='ocrx_word' id='word_1_568' title='bbox 2155 3605 2470 3676; x_wconf 88' lang='lat' dir='ltr'><strong>patriarcha</strong></span> <span class='ocrx_word' id='word_1_569' title='bbox 2517 3613 2570 3660; x_wconf 90' lang='lat' dir='ltr'><strong>et</strong></span> <span class='ocrx_word' id='word_1_570' title='bbox 2624 3607 2834 3677; x_wconf 80' lang='lat' dir='ltr'><strong>synodo</strong></span> <span class='ocrx_word' id='word_1_571' title='bbox 2867 3607 3060 3664; x_wconf 86' lang='lat' dir='ltr'><strong>Patres</strong></span> <span class='ocrx_word' id='word_1_572' title='bbox 3099 3609 3224 3664; x_wconf 89' lang='lat' dir='ltr'><strong>illos</strong></span> <span class='ocrx_word' id='word_1_573' title='bbox 3253 3610 3718 3666; x_wconf 80' lang='lat' dir='ltr'><strong>vehementissime</strong></span> 
     </span>
    </p>
   </div>
   <div class='ocr_carea' id='block_1_79' title="bbox 2150 3703 3714 3774">
    <p class='ocr_par' dir='ltr' id='par_1_79' title="bbox 2150 3703 3714 3774">
     <span class='ocr_line' id='line_1_79' title="bbox 2150 3703 3714 3774; baseline 0.003 -21"><span class='ocrx_word' id='word_1_574' title='bbox 2150 3709 2358 3765; x_wconf 91' lang='lat' dir='ltr'><strong>oraret,</strong></span> <span class='ocrx_word' id='word_1_575' title='bbox 2390 3708 2449 3754; x_wconf 90' lang='lat' dir='ltr'><strong>ut</strong></span> <span class='ocrx_word' id='word_1_576' title='bbox 2487 3713 2607 3769; x_wconf 67' lang='lat' dir='ltr'><strong>quae</strong></span> <span class='ocrx_word' id='word_1_577' title='bbox 2662 3714 2886 3755; x_wconf 83' lang='lat' dir='ltr'><strong>suarum</strong></span> <span class='ocrx_word' id='word_1_578' title='bbox 2921 3713 3110 3756; x_wconf 89' lang='lat' dir='ltr'><strong>essent</strong></span> <span class='ocrx_word' id='word_1_579' title='bbox 3160 3703 3436 3774; x_wconf 89' lang='lat' dir='ltr'><strong>cujusque</strong></span> <span class='ocrx_word' id='word_1_580' title='bbox 3495 3704 3714 3772; x_wconf 83' lang='lat' dir='ltr'><strong>partium</strong></span> 
     </span>
    </p>
   </div>
   <div class='ocr_carea' id='block_1_80' title="bbox 2153 3792 3715 3865">
    <p class='ocr_par' dir='ltr' id='par_1_80' title="bbox 2153 3792 3715 3865">
     <span class='ocr_line' id='line_1_80' title="bbox 2153 3792 3715 3865; baseline -0.002 -18"><span class='ocrx_word' id='word_1_581' title='bbox 2153 3792 2208 3849; x_wconf 89' lang='lat' dir='ltr'><strong>in</strong></span> <span class='ocrx_word' id='word_1_582' title='bbox 2245 3811 2358 3850; x_wconf 90' lang='lat' dir='ltr'><strong>rem</strong></span> <span class='ocrx_word' id='word_1_583' title='bbox 2416 3795 2600 3850; x_wconf 90' lang='lat' dir='ltr'><strong>studio</strong></span> <span class='ocrx_word' id='word_1_584' title='bbox 2629 3794 2908 3850; x_wconf 90' lang='lat' dir='ltr'><strong>communi</strong></span> <span class='ocrx_word' id='word_1_585' title='bbox 2969 3793 3215 3850; x_wconf 90' lang='lat' dir='ltr'><strong>conferre</strong></span> <span class='ocrx_word' id='word_1_586' title='bbox 3255 3811 3325 3851; x_wconf 91' lang='lat' dir='ltr'><strong>ne</strong></span> <span class='ocrx_word' id='word_1_587' title='bbox 3353 3803 3715 3865; x_wconf 75' lang='lat' dir='ltr'><strong>gravarentur,</strong></span> 
     </span>
    </p>
   </div>
   <div class='ocr_carea' id='block_1_81' title="bbox 2155 3887 3718 3957">
    <p class='ocr_par' dir='ltr' id='par_1_81' title="bbox 2155 3887 3718 3957">
     <span class='ocr_line' id='line_1_81' title="bbox 2155 3887 3718 3957; baseline -0.001 -17"><span class='ocrx_word' id='word_1_588' title='bbox 2155 3902 2246 3942; x_wconf 87' lang='lat' dir='ltr'><strong>res</strong></span> <span class='ocrx_word' id='word_1_589' title='bbox 2281 3887 2498 3942; x_wconf 89' lang='lat' dir='ltr'><strong>interim</strong></span> <span class='ocrx_word' id='word_1_590' title='bbox 2542 3897 2761 3942; x_wconf 88' lang='lat' dir='ltr'><strong>nostras</strong></span> <span class='ocrx_word' id='word_1_591' title='bbox 2799 3887 2981 3957; x_wconf 90' lang='lat' dir='ltr'><strong>magni</strong></span> <span class='ocrx_word' id='word_1_592' title='bbox 3033 3887 3268 3951; x_wconf 90' lang='lat' dir='ltr'><strong>faciens,</strong></span> <span class='ocrx_word' id='word_1_593' title='bbox 3295 3904 3455 3952; x_wconf 90' lang='lat' dir='ltr'><strong>usus,</strong></span> <span class='ocrx_word' id='word_1_594' title='bbox 3489 3889 3718 3957; x_wconf 88' lang='lat' dir='ltr'><strong>inquam.</strong></span> 
     </span>
    </p>
   </div>
   <div class='ocr_carea' id='block_1_82' title="bbox 2153 3979 3696 4048">
    <p class='ocr_par' dir='ltr' id='par_1_82' title="bbox 2153 3979 3696 4048">
     <span class='ocr_line' id='line_1_82' title="bbox 2153 3979 3696 4048; baseline -0.001 -13"><span class='ocrx_word' id='word_1_595' title='bbox 2153 3979 2622 4048; x_wconf 66' lang='lat' dir='ltr'><strong>cmremoniasque</strong></span> <span class='ocrx_word' id='word_1_596' title='bbox 2664 3979 2840 4035; x_wconf 90' lang='lat' dir='ltr'><strong>nostri</strong></span> <span class='ocrx_word' id='word_1_597' title='bbox 2883 3980 3022 4034; x_wconf 89' lang='lat' dir='ltr'><strong>ritus</strong></span> <span class='ocrx_word' id='word_1_598' title='bbox 3053 3981 3346 4035; x_wconf 87' lang='lat' dir='ltr'><strong>dilaudans</strong></span> <span class='ocrx_word' id='word_1_599' title='bbox 3417 3989 3474 4035; x_wconf 91' lang='lat' dir='ltr'><strong>et</strong></span> <span class='ocrx_word' id='word_1_600' title='bbox 3513 3995 3696 4034; x_wconf 88' lang='lat' dir='ltr'><strong>venera</strong></span> 
     </span>
    </p>
   </div>
   <div class='ocr_carea' id='block_1_83' title="bbox 2155 4073 3718 4143">
    <p class='ocr_par' dir='ltr' id='par_1_83' title="bbox 2155 4073 3718 4143">
     <span class='ocr_line' id='line_1_83' title="bbox 2155 4073 3718 4143; baseline -0.003 -15"><span class='ocrx_word' id='word_1_601' title='bbox 2155 4075 2300 4128; x_wconf 90' lang='lat' dir='ltr'><strong>tione</strong></span> <span class='ocrx_word' id='word_1_602' title='bbox 2360 4073 2538 4142; x_wconf 89' lang='lat' dir='ltr'><strong>palam</strong></span> <span class='ocrx_word' id='word_1_603' title='bbox 2577 4087 2918 4143; x_wconf 86' lang='lat' dir='ltr'><strong>prosequens</strong></span> <span class='ocrx_word' id='word_1_604' title='bbox 2969 4087 3210 4138; x_wconf 90' lang='lat' dir='ltr'><strong>summa,</strong></span> <span class='ocrx_word' id='word_1_605' title='bbox 3259 4073 3335 4127; x_wconf 89' lang='lat' dir='ltr'><strong>ita</strong></span> <span class='ocrx_word' id='word_1_606' title='bbox 3371 4083 3431 4128; x_wconf 90' lang='lat' dir='ltr'><strong>ut</strong></span> <span class='ocrx_word' id='word_1_607' title='bbox 3465 4073 3718 4128; x_wconf 86' lang='lat' dir='ltr'><strong>interdum</strong></span> 
     </span>
    </p>
   </div>
   <div class='ocr_carea' id='block_1_84' title="bbox 2155 4163 3722 4236">
    <p class='ocr_par' dir='ltr' id='par_1_84' title="bbox 2155 4163 3722 4236">
     <span class='ocr_line' id='line_1_84' title="bbox 2155 4163 3722 4236; baseline -0.003 -16"><span class='ocrx_word' id='word_1_608' title='bbox 2155 4181 2374 4221; x_wconf 90' lang='lat' dir='ltr'><strong>sacrum</strong></span> <span class='ocrx_word' id='word_1_609' title='bbox 2448 4163 2686 4218; x_wconf 87' lang='lat' dir='ltr'><strong>faciente</strong></span> <span class='ocrx_word' id='word_1_610' title='bbox 2733 4164 3069 4234; x_wconf 86' lang='lat' dir='ltr'><strong>patriarcha,</strong></span> <span class='ocrx_word' id='word_1_611' title='bbox 3143 4165 3352 4220; x_wconf 89' lang='lat' dir='ltr'><strong>nudato</strong></span> <span class='ocrx_word' id='word_1_612' title='bbox 3394 4167 3511 4236; x_wconf 89' lang='lat' dir='ltr'><strong>ipse</strong></span> <span class='ocrx_word' id='word_1_613' title='bbox 3564 4165 3722 4234; x_wconf 85' lang='lat' dir='ltr'><strong>capite</strong></span> 
     </span>
    </p>
   </div>
   <div class='ocr_carea' id='block_1_85' title="bbox 2155 4255 3720 4327">
    <p class='ocr_par' dir='ltr' id='par_1_85' title="bbox 2155 4255 3720 4327">
     <span class='ocr_line' id='line_1_85' title="bbox 2155 4255 3720 4327; baseline -0.004 -15"><span class='ocrx_word' id='word_1_614' title='bbox 2155 4267 2464 4327; x_wconf 69' lang='lat' dir='ltr'><strong>czeteraque</strong></span> <span class='ocrx_word' id='word_1_615' title='bbox 2495 4255 2739 4310; x_wconf 91' lang='lat' dir='ltr'><strong>adhibita</strong></span> <span class='ocrx_word' id='word_1_616' title='bbox 2781 4255 3190 4326; x_wconf 76' lang='lat' dir='ltr'><strong>significatione</strong></span> <span class='ocrx_word' id='word_1_617' title='bbox 3248 4255 3454 4310; x_wconf 59' lang='lat' dir='ltr'><strong>infima&#39;</strong></span> <span class='ocrx_word' id='word_1_618' title='bbox 3487 4271 3720 4311; x_wconf 85' lang='lat' dir='ltr'><strong>reveren-</strong></span> 
     </span>
    </p>
   </div>
   <div class='ocr_carea' id='block_1_86' title="bbox 2155 4349 3724 4420">
    <p class='ocr_par' dir='ltr' id='par_1_86' title="bbox 2155 4349 3724 4420">
     <span class='ocr_line' id='line_1_86' title="bbox 2155 4349 3724 4420; baseline -0.004 -14"><span class='ocrx_word' id='word_1_619' title='bbox 2155 4352 2244 4406; x_wconf 67' lang='lat' dir='ltr'><strong>tia:</strong></span> <span class='ocrx_word' id='word_1_620' title='bbox 2281 4353 2397 4407; x_wconf 88' lang='lat' dir='ltr'><strong>suis</strong></span> <span class='ocrx_word' id='word_1_621' title='bbox 2421 4366 2607 4408; x_wconf 90' lang='lat' dir='ltr'><strong>secum</strong></span> <span class='ocrx_word' id='word_1_622' title='bbox 2664 4351 2957 4408; x_wconf 90' lang='lat' dir='ltr'><strong>comitibus</strong></span> <span class='ocrx_word' id='word_1_623' title='bbox 3007 4351 3308 4418; x_wconf 84' lang='lat' dir='ltr'><strong>assumptis</strong></span> <span class='ocrx_word' id='word_1_624' title='bbox 3363 4349 3724 4420; x_wconf 77' lang='lat' dir='ltr'><strong>ingrederetur</strong></span> 
     </span>
    </p>
   </div>
   <div class='ocr_carea' id='block_1_87' title="bbox 2156 4437 3722 4513">
    <p class='ocr_par' dir='ltr' id='par_1_87' title="bbox 2156 4437 3722 4513">
     <span class='ocr_line' id='line_1_87' title="bbox 2156 4437 3722 4513; baseline -0.005 -18"><span class='ocrx_word' id='word_1_625' title='bbox 2156 4442 2340 4513; x_wconf 82' lang='lat' dir='ltr'><strong>adyta,</strong></span> <span class='ocrx_word' id='word_1_626' title='bbox 2399 4451 2454 4496; x_wconf 91' lang='lat' dir='ltr'><strong>et</strong></span> <span class='ocrx_word' id='word_1_627' title='bbox 2515 4456 2702 4498; x_wconf 92' lang='lat' dir='ltr'><strong>coram</strong></span> <span class='ocrx_word' id='word_1_628' title='bbox 2757 4453 3087 4511; x_wconf 88' lang='lat' dir='ltr'><strong>quocunque</strong></span> <span class='ocrx_word' id='word_1_629' title='bbox 3127 4437 3238 4492; x_wconf 90' lang='lat' dir='ltr'><strong>illic</strong></span> <span class='ocrx_word' id='word_1_630' title='bbox 3285 4450 3504 4507; x_wconf 88' lang='lat' dir='ltr'><strong>reperto</strong></span> <span class='ocrx_word' id='word_1_631' title='bbox 3553 4447 3722 4490; x_wconf 87' lang='lat' dir='ltr'><strong>astans</strong></span> 
     </span>
    </p>
   </div>
   <div class='ocr_carea' id='block_1_88' title="bbox 459 4530 2038 4606">
    <p class='ocr_par' dir='ltr' id='par_1_88' title="bbox 459 4530 2038 4606">
     <span class='ocr_line' id='line_1_88' title="bbox 459 4530 2038 4606; baseline 0.008 -24"><span class='ocrx_word' id='word_1_632' title='bbox 459 4530 609 4584; x_wconf 87' lang='lat' dir='ltr'><strong>vinci</strong></span> <span class='ocrx_word' id='word_1_633' title='bbox 652 4532 892 4587; x_wconf 85' lang='lat' dir='ltr'><strong>salutare</strong></span> <span class='ocrx_word' id='word_1_634' title='bbox 927 4543 1011 4588; x_wconf 91' lang='lat' dir='ltr'><strong>est</strong></span> <span class='ocrx_word' id='word_1_635' title='bbox 1041 4543 1262 4604; x_wconf 90' lang='lat' dir='ltr'><strong>propter</strong></span> <span class='ocrx_word' id='word_1_636' title='bbox 1293 4536 1564 4606; x_wconf 78' lang='lat' dir='ltr'><strong>ingentem</strong></span> <span class='ocrx_word' id='word_1_637' title='bbox 1601 4539 1909 4593; x_wconf 87' lang='lat' dir='ltr'><strong>mercedem</strong></span> <span class='ocrx_word' id='word_1_638' title='bbox 1941 4541 2038 4596; x_wconf 83' lang='lat' dir='ltr'><strong>illis</strong></span> 
     </span>
    </p>
   </div>
   <div class='ocr_carea' id='block_1_89' title="bbox 2143 4530 3718 4606">
    <p class='ocr_par' dir='ltr' id='par_1_89' title="bbox 2161 4530 3718 4605">
     <span class='ocr_line' id='line_1_89' title="bbox 2161 4530 3718 4605; baseline -0.006 -17"><span class='ocrx_word' id='word_1_639' title='bbox 2161 4534 2392 4604; x_wconf 74' lang='lat' dir='ltr'><strong>przesule</strong></span> <span class='ocrx_word' id='word_1_640' title='bbox 2425 4535 2687 4605; x_wconf 85' lang='lat' dir='ltr'><strong>mysticas</strong></span> <span class='ocrx_word' id='word_1_641' title='bbox 2715 4531 2881 4588; x_wconf 91' lang='lat' dir='ltr'><strong>simul</strong></span> <span class='ocrx_word' id='word_1_642' title='bbox 2912 4546 3035 4585; x_wconf 92' lang='lat' dir='ltr'><strong>cum</strong></span> <span class='ocrx_word' id='word_1_643' title='bbox 3071 4545 3135 4584; x_wconf 92' lang='lat' dir='ltr'><strong>eo</strong></span> <span class='ocrx_word' id='word_1_644' title='bbox 3167 4530 3368 4597; x_wconf 79' lang='lat' dir='ltr'><strong>legeret</strong></span> <span class='ocrx_word' id='word_1_645' title='bbox 3401 4544 3589 4600; x_wconf 88' lang='lat' dir='ltr'><strong>preces</strong></span> <span class='ocrx_word' id='word_1_646' title='bbox 3609 4543 3718 4583; x_wconf 90' lang='lat' dir='ltr'><strong>cum</strong></span> 
     </span>
    </p>
   </div>
   <div class='ocr_carea' id='block_1_90' title="bbox 462 4623 2047 4695">
    <p class='ocr_par' dir='ltr' id='par_1_90' title="bbox 462 4623 2047 4695">
     <span class='ocr_line' id='line_1_90' title="bbox 462 4623 2047 4695; baseline 0.004 -19"><span class='ocrx_word' id='word_1_647' title='bbox 462 4623 558 4689; x_wconf 79' lang='lat' dir='ltr'><strong>qui</strong></span> <span class='ocrx_word' id='word_1_648' title='bbox 616 4639 778 4677; x_wconf 84' lang='lat' dir='ltr'><strong>suum</strong></span> <span class='ocrx_word' id='word_1_649' title='bbox 813 4623 1076 4690; x_wconf 91' lang='lat' dir='ltr'><strong>studium,</strong></span> <span class='ocrx_word' id='word_1_650' title='bbox 1137 4641 1300 4695; x_wconf 91' lang='lat' dir='ltr'><strong>opera</strong></span> <span class='ocrx_word' id='word_1_651' title='bbox 1340 4627 1500 4680; x_wconf 91' lang='lat' dir='ltr'><strong>etiam</strong></span> <span class='ocrx_word' id='word_1_652' title='bbox 1552 4642 1814 4683; x_wconf 87' lang='lat' dir='ltr'><strong>successu</strong></span> <span class='ocrx_word' id='word_1_653' title='bbox 1870 4645 2047 4695; x_wconf 85' lang='lat' dir='ltr'><strong>cassa,</strong></span> 
     </span>
    </p>
   </div>
   <div class='ocr_carea' id='block_1_91' title="bbox 462 4715 2050 4790">
    <p class='ocr_par' dir='ltr' id='par_1_91' title="bbox 462 4715 2050 4790">
     <span class='ocr_line' id='line_1_91' title="bbox 462 4715 2050 4790; baseline 0.006 -22"><span class='ocrx_word' id='word_1_654' title='bbox 462 4715 808 4770; x_wconf 89' lang='lat' dir='ltr'><strong>ostenderint</strong></span> <span class='ocrx_word' id='word_1_655' title='bbox 835 4732 862 4769; x_wconf 90' lang='lat' dir='ltr'><strong>a</strong></span> <span class='ocrx_word' id='word_1_656' title='bbox 896 4715 1006 4771; x_wconf 84' lang='lat' dir='ltr'><strong>Deo</strong></span> <span class='ocrx_word' id='word_1_657' title='bbox 1034 4717 1349 4773; x_wconf 85' lang='lat' dir='ltr'><strong>fidelissime</strong></span> <span class='ocrx_word' id='word_1_658' title='bbox 1385 4723 1904 4790; x_wconf 67' lang='lat' dir='ltr'><strong>repraesentandam.</strong></span> <span class='ocrx_word' id='word_1_659' title='bbox 1957 4721 2050 4778; x_wconf 91' lang='lat' dir='ltr'><strong>Sic</strong></span> 
     </span>
    </p>
   </div>
   <div class='ocr_carea' id='block_1_92' title="bbox 462 4807 2049 4886">
    <p class='ocr_par' dir='ltr' id='par_1_92' title="bbox 462 4807 2049 4886">
     <span class='ocr_line' id='line_1_92' title="bbox 462 4807 2049 4886; baseline 0.006 -25"><span class='ocrx_word' id='word_1_660' title='bbox 462 4808 699 4862; x_wconf 89' lang='lat' dir='ltr'><strong>invicem</strong></span> <span class='ocrx_word' id='word_1_661' title='bbox 725 4807 904 4862; x_wconf 77' lang='lat' dir='ltr'><strong>affecti</strong></span> <span class='ocrx_word' id='word_1_662' title='bbox 943 4809 1144 4864; x_wconf 90' lang='lat' dir='ltr'><strong>animis</strong></span> <span class='ocrx_word' id='word_1_663' title='bbox 1170 4811 1471 4880; x_wconf 90' lang='lat' dir='ltr'><strong>imperator</strong></span> <span class='ocrx_word' id='word_1_664' title='bbox 1500 4822 1554 4868; x_wconf 89' lang='lat' dir='ltr'><strong>et</strong></span> <span class='ocrx_word' id='word_1_665' title='bbox 1583 4811 1907 4886; x_wconf 85' lang='lat' dir='ltr'><strong>Gregorius,</strong></span> <span class='ocrx_word' id='word_1_666' title='bbox 1958 4815 2049 4871; x_wconf 87' lang='lat' dir='ltr'><strong>hic</strong></span> 
     </span>
    </p>
   </div>
   <div class='ocr_carea' id='block_1_93' title="bbox 462 4897 2046 4969">
    <p class='ocr_par' dir='ltr' id='par_1_93' title="bbox 462 4897 2046 4969">
     <span class='ocr_line' id='line_1_93' title="bbox 462 4897 2046 4969; baseline 0.003 -18"><span class='ocrx_word' id='word_1_667' title='bbox 462 4897 684 4968; x_wconf 85' lang='lat' dir='ltr'><strong>quidem</strong></span> <span class='ocrx_word' id='word_1_668' title='bbox 737 4908 917 4969; x_wconf 71' lang='lat' dir='ltr'><strong>empta</strong></span> <span class='ocrx_word' id='word_1_669' title='bbox 955 4899 1042 4954; x_wconf 83' lang='lat' dir='ltr'><strong>via</strong></span> <span class='ocrx_word' id='word_1_670' title='bbox 1109 4901 1582 4969; x_wconf 83' lang='lat' dir='ltr'><strong>progrediebatur,</strong></span> <span class='ocrx_word' id='word_1_671' title='bbox 1641 4903 2046 4957; x_wconf 87' lang='lat' dir='ltr'><strong>ordinationem</strong></span> 
     </span>
    </p>
   </div>
   <div class='ocr_carea' id='block_1_94' title="bbox 461 4994 2049 5062">
    <p class='ocr_par' dir='ltr' id='par_1_94' title="bbox 461 4994 2049 5062">
     <span class='ocr_line' id='line_1_94' title="bbox 461 4994 2049 5062; baseline 0.003 -16"><span class='ocrx_word' id='word_1_672' title='bbox 461 5003 824 5062; x_wconf 85' lang='lat' dir='ltr'><strong>percepturus</strong></span> <span class='ocrx_word' id='word_1_673' title='bbox 859 5009 1050 5061; x_wconf 88' lang='lat' dir='ltr'><strong>suam;</strong></span> <span class='ocrx_word' id='word_1_674' title='bbox 1089 4994 1182 5048; x_wconf 91' lang='lat' dir='ltr'><strong>ille</strong></span> <span class='ocrx_word' id='word_1_675' title='bbox 1219 5006 1400 5050; x_wconf 88' lang='lat' dir='ltr'><strong>autem</strong></span> <span class='ocrx_word' id='word_1_676' title='bbox 1437 4998 1642 5052; x_wconf 91' lang='lat' dir='ltr'><strong>multus</strong></span> <span class='ocrx_word' id='word_1_677' title='bbox 1676 5005 1795 5050; x_wconf 82' lang='lat' dir='ltr'><strong>erat</strong></span> <span class='ocrx_word' id='word_1_678' title='bbox 1829 4999 1882 5051; x_wconf 94' lang='lat' dir='ltr'><strong>in</strong></span> <span class='ocrx_word' id='word_1_679' title='bbox 1933 5013 2049 5051; x_wconf 91' lang='lat' dir='ltr'><strong>am-</strong></span> 
     </span>
    </p>
   </div>
   <div class='ocr_carea' id='block_1_95' title="bbox 462 5085 2047 5156">
    <p class='ocr_par' dir='ltr' id='par_1_95' title="bbox 462 5085 2047 5156">
     <span class='ocr_line' id='line_1_95' title="bbox 462 5085 2047 5156; baseline 0.002 -18"><span class='ocrx_word' id='word_1_680' title='bbox 462 5085 658 5139; x_wconf 83' lang='lat' dir='ltr'><strong>bicuda</strong></span> <span class='ocrx_word' id='word_1_681' title='bbox 685 5085 895 5156; x_wconf 80' lang='lat' dir='ltr'><strong>synodo</strong></span> <span class='ocrx_word' id='word_1_682' title='bbox 925 5086 1397 5156; x_wconf 90' lang='lat' dir='ltr'><strong>eblandiendoque</strong></span> <span class='ocrx_word' id='word_1_683' title='bbox 1422 5089 1748 5156; x_wconf 67' lang='lat' dir='ltr'><strong>patriarcha:</strong></span> <span class='ocrx_word' id='word_1_684' title='bbox 1772 5103 2047 5143; x_wconf 88' lang='lat' dir='ltr'><strong>consensu</strong></span> 
     </span>
    </p>
   </div>
   <div class='ocr_carea' id='block_1_96' title="bbox 462 5179 2049 5249">
    <p class='ocr_par' dir='ltr' id='par_1_96' title="bbox 462 5179 2049 5249">
     <span class='ocr_line' id='line_1_96' title="bbox 462 5179 2049 5249; baseline 0.001 -17"><span class='ocrx_word' id='word_1_685' title='bbox 462 5179 519 5232; x_wconf 89' lang='lat' dir='ltr'><strong>in</strong></span> <span class='ocrx_word' id='word_1_686' title='bbox 551 5194 615 5232; x_wconf 88' lang='lat' dir='ltr'><strong>ea</strong></span> <span class='ocrx_word' id='word_1_687' title='bbox 644 5195 764 5248; x_wconf 69' lang='lat' dir='ltr'><strong>quae</strong></span> <span class='ocrx_word' id='word_1_688' title='bbox 801 5179 1098 5249; x_wconf 76' lang='lat' dir='ltr'><strong>cogitabat,</strong></span> <span class='ocrx_word' id='word_1_689' title='bbox 1131 5181 1337 5248; x_wconf 87' lang='lat' dir='ltr'><strong>passim</strong></span> <span class='ocrx_word' id='word_1_690' title='bbox 1373 5189 1888 5235; x_wconf 80' lang='lat' dir='ltr'><strong>eommemoransct</strong></span> <span class='ocrx_word' id='word_1_691' title='bbox 1913 5196 2049 5235; x_wconf 86' lang='lat' dir='ltr'><strong>cun-</strong></span> 
     </span>
    </p>
   </div>
   <div class='ocr_carea' id='block_1_97' title="bbox 462 5271 2049 5342">
    <p class='ocr_par' dir='ltr' id='par_1_97' title="bbox 462 5271 2049 5342">
     <span class='ocr_line' id='line_1_97' title="bbox 462 5271 2049 5342; baseline 0.001 -18"><span class='ocrx_word' id='word_1_692' title='bbox 462 5271 566 5326; x_wconf 87' lang='lat' dir='ltr'><strong>ctis</strong></span> <span class='ocrx_word' id='word_1_693' title='bbox 597 5271 829 5326; x_wconf 87' lang='lat' dir='ltr'><strong>subinde</strong></span> <span class='ocrx_word' id='word_1_694' title='bbox 861 5272 1177 5335; x_wconf 89' lang='lat' dir='ltr'><strong>iuculcans,</strong></span> <span class='ocrx_word' id='word_1_695' title='bbox 1206 5287 1327 5326; x_wconf 88' lang='lat' dir='ltr'><strong>esse</strong></span> <span class='ocrx_word' id='word_1_696' title='bbox 1356 5271 1680 5342; x_wconf 82' lang='lat' dir='ltr'><strong>Gregorium</strong></span> <span class='ocrx_word' id='word_1_697' title='bbox 1738 5272 2049 5342; x_wconf 81' lang='lat' dir='ltr'><strong>perstudio-</strong></span> 
     </span>
    </p>
   </div>
   <div class='ocr_carea' id='block_1_98' title="bbox 391 5362 2045 5434">
    <p class='ocr_par' dir='ltr' id='par_1_98' title="bbox 391 5362 2045 5434">
     <span class='ocr_line' id='line_1_98' title="bbox 391 5362 2045 5434; baseline -0.001 -18"><span class='ocrx_word' id='word_1_698' title='bbox 391 5399 396 5406; x_wconf 66' lang='grc' dir='ltr'><em>ο</em></span> <span class='ocrx_word' id='word_1_699' title='bbox 463 5379 584 5416; x_wconf 85' lang='lat' dir='ltr'><strong>sum</strong></span> <span class='ocrx_word' id='word_1_700' title='bbox 612 5364 795 5434; x_wconf 71' lang='lat'><strong>[371</strong></span> <span class='ocrx_word' id='word_1_701' title='bbox 839 5365 1112 5417; x_wconf 88' lang='lat' dir='ltr'><strong>hominem</strong></span> <span class='ocrx_word' id='word_1_702' title='bbox 1174 5362 1348 5432; x_wconf 87' lang='lat' dir='ltr'><strong>pacis,</strong></span> <span class='ocrx_word' id='word_1_703' title='bbox 1418 5371 1472 5416; x_wconf 92' lang='lat' dir='ltr'><strong>ct</strong></span> <span class='ocrx_word' id='word_1_704' title='bbox 1522 5377 1650 5415; x_wconf 89' lang='lat' dir='ltr'><strong>vero</strong></span> <span class='ocrx_word' id='word_1_705' title='bbox 1725 5363 2045 5416; x_wconf 88' lang='lat' dir='ltr'><strong>instinctum</strong></span> 
     </span>
    </p>
   </div>
   <div class='ocr_carea' id='block_1_99' title="bbox 465 5451 2048 5524">
    <p class='ocr_par' dir='ltr' id='par_1_99' title="bbox 465 5451 2048 5524">
     <span class='ocr_line' id='line_1_99' title="bbox 465 5451 2048 5524; baseline 0.003 -19"><span class='ocrx_word' id='word_1_706' title='bbox 465 5455 742 5510; x_wconf 81' lang='lat' dir='ltr'><strong>desiderio</strong></span> <span class='ocrx_word' id='word_1_707' title='bbox 768 5455 894 5508; x_wconf 93' lang='lat' dir='ltr'><strong>boui</strong></span> <span class='ocrx_word' id='word_1_708' title='bbox 931 5456 1132 5524; x_wconf 80' lang='lat' dir='ltr'><strong>publici</strong></span> <span class='ocrx_word' id='word_1_709' title='bbox 1169 5470 1231 5509; x_wconf 93' lang='lat' dir='ltr'><strong>ac</strong></span> <span class='ocrx_word' id='word_1_710' title='bbox 1271 5455 1584 5524; x_wconf 80' lang='lat' dir='ltr'><strong>SplendOris</strong></span> <span class='ocrx_word' id='word_1_711' title='bbox 1612 5453 1686 5506; x_wconf 86' lang='lat' dir='ltr'><strong>rei</strong></span> <span class='ocrx_word' id='word_1_712' title='bbox 1721 5451 2048 5509; x_wconf 60' lang='lat' dir='ltr'><strong>Christianae</strong></span> 
     </span>
    </p>
   </div>
   <div class='ocr_carea' id='block_1_100' title="bbox 393 5535 2050 5616">
    <p class='ocr_par' dir='ltr' id='par_1_100' title="bbox 393 5535 2050 5616">
     <span class='ocr_line' id='line_1_100' title="bbox 393 5535 2050 5616; baseline 0.001 -16"><span class='ocrx_word' id='word_1_713' title='bbox 393 5535 412 5554; x_wconf 74' lang='grc'><em>³</em></span> <span class='ocrx_word' id='word_1_714' title='bbox 469 5549 761 5601; x_wconf 62' lang='lat' dir='ltr'><strong>universa}.</strong></span> <span class='ocrx_word' id='word_1_715' title='bbox 819 5547 990 5601; x_wconf 85' lang='lat' dir='ltr'><strong>Paulo</strong></span> <span class='ocrx_word' id='word_1_716' title='bbox 1017 5557 1140 5616; x_wconf 84' lang='lat' dir='ltr'><strong>post</strong></span> <span class='ocrx_word' id='word_1_717' title='bbox 1178 5563 1206 5601; x_wconf 89' lang='lat' dir='ltr'><strong>a</strong></span> <span class='ocrx_word' id='word_1_718' title='bbox 1237 5546 1351 5615; x_wconf 87' lang='lat' dir='ltr'><strong>jam</strong></span> <span class='ocrx_word' id='word_1_719' title='bbox 1387 5547 1713 5616; x_wconf 85' lang='lat' dir='ltr'><strong>inaugurato</strong></span> <span class='ocrx_word' id='word_1_720' title='bbox 1742 5555 1796 5600; x_wconf 79' lang='lat' dir='ltr'><strong>et</strong></span> <span class='ocrx_word' id='word_1_721' title='bbox 1837 5545 1889 5599; x_wconf 89' lang='lat' dir='ltr'><strong>in</strong></span> <span class='ocrx_word' id='word_1_722' title='bbox 1920 5551 2050 5602; x_wconf 89' lang='lat' dir='ltr'><strong>sede</strong></span> 
     </span>
    </p>
   </div>
   <div class='ocr_carea' id='block_1_101' title="bbox 465 5639 2050 5710">
    <p class='ocr_par' dir='ltr' id='par_1_101' title="bbox 465 5639 2050 5710">
     <span class='ocr_line' id='line_1_101' title="bbox 465 5639 2050 5710; baseline 0.001 -16"><span class='ocrx_word' id='word_1_723' title='bbox 465 5641 767 5710; x_wconf 79' lang='lat' dir='ltr'><strong>apostolica</strong></span> <span class='ocrx_word' id='word_1_724' title='bbox 790 5642 894 5694; x_wconf 90' lang='lat' dir='ltr'><strong>rite</strong></span> <span class='ocrx_word' id='word_1_725' title='bbox 923 5643 1224 5695; x_wconf 81' lang='lat' dir='ltr'><strong>constituto</strong></span> <span class='ocrx_word' id='word_1_726' title='bbox 1243 5639 1512 5709; x_wconf 83' lang='lat' dir='ltr'><strong>Gregorio</strong></span> <span class='ocrx_word' id='word_1_727' title='bbox 1537 5639 1725 5692; x_wconf 85' lang='lat' dir='ltr'><strong>eodem</strong></span> <span class='ocrx_word' id='word_1_728' title='bbox 1752 5639 2050 5695; x_wconf 84' lang='lat' dir='ltr'><strong>adfuerunt</strong></span> 
     </span>
    </p>
   </div>
   <div class='ocr_carea' id='block_1_102' title="bbox 463 5731 2048 5803">
    <p class='ocr_par' dir='ltr' id='par_1_102' title="bbox 463 5731 2048 5803">
     <span class='ocr_line' id='line_1_102' title="bbox 463 5731 2048 5803; baseline -0.001 -14"><span class='ocrx_word' id='word_1_729' title='bbox 463 5733 938 5803; x_wconf 85' lang='lat' dir='ltr'><strong>Constantinopoli</strong></span> <span class='ocrx_word' id='word_1_730' title='bbox 980 5733 1138 5802; x_wconf 87' lang='lat' dir='ltr'><strong>legati</strong></span> <span class='ocrx_word' id='word_1_731' title='bbox 1185 5731 1382 5796; x_wconf 84' lang='lat' dir='ltr'><strong>Freril,</strong></span> <span class='ocrx_word' id='word_1_732' title='bbox 1451 5748 1687 5802; x_wconf 89' lang='lat' dir='ltr'><strong>quorum</strong></span> <span class='ocrx_word' id='word_1_733' title='bbox 1723 5749 1866 5787; x_wconf 91' lang='lat' dir='ltr'><strong>unus</strong></span> <span class='ocrx_word' id='word_1_734' title='bbox 1929 5743 2048 5788; x_wconf 88' lang='lat' dir='ltr'><strong>erat</strong></span> 
     </span>
    </p>
   </div>
   <div class='ocr_carea' id='block_1_103' title="bbox 461 5820 2040 5892">
    <p class='ocr_par' dir='ltr' id='par_1_103' title="bbox 461 5820 2040 5892">
     <span class='ocr_line' id='line_1_103' title="bbox 461 5820 2040 5892; baseline -0.001 -15"><span class='ocrx_word' id='word_1_735' title='bbox 461 5823 701 5879; x_wconf 81' lang='lat' dir='ltr'><strong>Joannes</strong></span> <span class='ocrx_word' id='word_1_736' title='bbox 733 5822 1028 5877; x_wconf 85' lang='lat' dir='ltr'><strong>Parastron</strong></span> <span class='ocrx_word' id='word_1_737' title='bbox 1054 5820 1394 5886; x_wconf 83' lang='lat' dir='ltr'><strong>nominatus,</strong></span> <span class='ocrx_word' id='word_1_738' title='bbox 1430 5821 1644 5892; x_wconf 76' lang='lat' dir='ltr'><strong>origine</strong></span> <span class='ocrx_word' id='word_1_739' title='bbox 1675 5822 1809 5878; x_wconf 84' lang='lat' dir='ltr'><strong>civis</strong></span> <span class='ocrx_word' id='word_1_740' title='bbox 1838 5833 2040 5891; x_wconf 80' lang='lat' dir='ltr'><strong>noster,</strong></span> 
     </span>
    </p>
   </div>
   <div class='ocr_carea' id='block_1_104' title="bbox 2153 4621 3724 4696">
    <p class='ocr_par' dir='ltr' id='par_1_104' title="bbox 2153 4621 3724 4696">
     <span class='ocr_line' id='line_1_104' title="bbox 2153 4621 3724 4696; baseline -0.004 -16"><span class='ocrx_word' id='word_1_741' title='bbox 2153 4626 2304 4680; x_wconf 89' lang='lat' dir='ltr'><strong>omni</strong></span> <span class='ocrx_word' id='word_1_742' title='bbox 2332 4625 2545 4681; x_wconf 86' lang='lat' dir='ltr'><strong>fervore</strong></span> <span class='ocrx_word' id='word_1_743' title='bbox 2579 4624 2887 4696; x_wconf 77' lang='lat' dir='ltr'><strong>religionis.</strong></span> <span class='ocrx_word' id='word_1_744' title='bbox 2917 4623 2986 4677; x_wconf 86' lang='lat' dir='ltr'><strong>Et</strong></span> <span class='ocrx_word' id='word_1_745' title='bbox 3022 4623 3114 4677; x_wconf 91' lang='lat' dir='ltr'><strong>ille</strong></span> <span class='ocrx_word' id='word_1_746' title='bbox 3147 4622 3368 4696; x_wconf 83' lang='lat' dir='ltr'><strong>quidem</strong></span> <span class='ocrx_word' id='word_1_747' title='bbox 3411 4639 3536 4693; x_wconf 89' lang='lat' dir='ltr'><strong>erga</strong></span> <span class='ocrx_word' id='word_1_748' title='bbox 3568 4621 3724 4677; x_wconf 84' lang='lat' dir='ltr'><strong>Immi-</strong></span> 
     </span>
    </p>
   </div>
   <div class='ocr_carea' id='block_1_105' title="bbox 2155 4713 3718 4784">
    <p class='ocr_par' dir='ltr' id='par_1_105' title="bbox 2155 4713 3718 4784">
     <span class='ocr_line' id='line_1_105' title="bbox 2155 4713 3718 4784; baseline -0.003 -16"><span class='ocrx_word' id='word_1_749' title='bbox 2155 4729 2254 4769; x_wconf 90' lang='lat' dir='ltr'><strong>nes</strong></span> <span class='ocrx_word' id='word_1_750' title='bbox 2307 4715 2484 4770; x_wconf 90' lang='lat' dir='ltr'><strong>nostri</strong></span> <span class='ocrx_word' id='word_1_751' title='bbox 2529 4716 2667 4771; x_wconf 89' lang='lat' dir='ltr'><strong>ritus</strong></span> <span class='ocrx_word' id='word_1_752' title='bbox 2729 4715 2802 4769; x_wconf 89' lang='lat' dir='ltr'><strong>ita</strong></span> <span class='ocrx_word' id='word_1_753' title='bbox 2837 4713 2924 4784; x_wconf 90' lang='lat' dir='ltr'><strong>pie</strong></span> <span class='ocrx_word' id='word_1_754' title='bbox 2977 4713 3283 4782; x_wconf 86' lang='lat' dir='ltr'><strong>decoreque</strong></span> <span class='ocrx_word' id='word_1_755' title='bbox 3349 4729 3408 4768; x_wconf 90' lang='lat' dir='ltr'><strong>se</strong></span> <span class='ocrx_word' id='word_1_756' title='bbox 3468 4713 3718 4784; x_wconf 75' lang='lat' dir='ltr'><strong>gerebat.</strong></span> 
     </span>
    </p>
   </div>
   <div class='ocr_carea' id='block_1_106' title="bbox 2153 4807 3719 4878">
    <p class='ocr_par' dir='ltr' id='par_1_106' title="bbox 2153 4807 3719 4878">
     <span class='ocr_line' id='line_1_106' title="bbox 2153 4807 3719 4878; baseline -0.005 -16"><span class='ocrx_word' id='word_1_757' title='bbox 2153 4807 2317 4864; x_wconf 89' lang='lat' dir='ltr'><strong>ltalos</strong></span> <span class='ocrx_word' id='word_1_758' title='bbox 2337 4815 2522 4862; x_wconf 91' lang='lat' dir='ltr'><strong>autem</strong></span> <span class='ocrx_word' id='word_1_759' title='bbox 2575 4815 2873 4878; x_wconf 60' lang='lat' dir='ltr'><strong>praisentes</strong></span> <span class='ocrx_word' id='word_1_760' title='bbox 2915 4807 3154 4870; x_wconf 90' lang='lat' dir='ltr'><strong>intuens,</strong></span> <span class='ocrx_word' id='word_1_761' title='bbox 3205 4820 3422 4874; x_wconf 78' lang='lat' dir='ltr'><strong>aequum</strong></span> <span class='ocrx_word' id='word_1_762' title='bbox 3479 4814 3532 4860; x_wconf 88' lang='lat' dir='ltr'><strong>et</strong></span> <span class='ocrx_word' id='word_1_763' title='bbox 3562 4813 3719 4858; x_wconf 88' lang='lat' dir='ltr'><strong>tutum</strong></span> 
     </span>
    </p>
   </div>
   <div class='ocr_carea' id='block_1_107' title="bbox 2155 4895 3720 4968">
    <p class='ocr_par' dir='ltr' id='par_1_107' title="bbox 2155 4895 3720 4968">
     <span class='ocr_line' id='line_1_107' title="bbox 2155 4895 3720 4968; baseline -0.006 -12"><span class='ocrx_word' id='word_1_764' title='bbox 2155 4902 2336 4956; x_wconf 86' lang='lat' dir='ltr'><strong>aiebat</strong></span> <span class='ocrx_word' id='word_1_765' title='bbox 2395 4917 2515 4957; x_wconf 88' lang='lat' dir='ltr'><strong>esse</strong></span> <span class='ocrx_word' id='word_1_766' title='bbox 2558 4900 2788 4956; x_wconf 90' lang='lat' dir='ltr'><strong>dimisso</strong></span> <span class='ocrx_word' id='word_1_767' title='bbox 2837 4915 2934 4955; x_wconf 86' lang='lat' dir='ltr'><strong>eos</strong></span> <span class='ocrx_word' id='word_1_768' title='bbox 2998 4908 3296 4968; x_wconf 82' lang='lat' dir='ltr'><strong>amotoque</strong></span> <span class='ocrx_word' id='word_1_769' title='bbox 3345 4898 3636 4953; x_wconf 90' lang='lat' dir='ltr'><strong>additionis</strong></span> <span class='ocrx_word' id='word_1_770' title='bbox 3664 4895 3720 4950; x_wconf 86' lang='lat' dir='ltr'><strong>ad</strong></span> 
     </span>
    </p>
   </div>
   <div class='ocr_carea' id='block_1_108' title="bbox 2153 4990 3724 5066">
    <p class='ocr_par' dir='ltr' id='par_1_108' title="bbox 2153 4990 3724 5066">
     <span class='ocr_line' id='line_1_108' title="bbox 2153 4990 3724 5066; baseline -0.006 -17"><span class='ocrx_word' id='word_1_771' title='bbox 2153 4994 2464 5066; x_wconf 87' lang='lat' dir='ltr'><strong>symbolum</strong></span> <span class='ocrx_word' id='word_1_772' title='bbox 2502 4992 2762 5048; x_wconf 90' lang='lat' dir='ltr'><strong>scandalo</strong></span> <span class='ocrx_word' id='word_1_773' title='bbox 2805 5008 2928 5048; x_wconf 91' lang='lat' dir='ltr'><strong>cum</strong></span> <span class='ocrx_word' id='word_1_774' title='bbox 2987 4990 3276 5058; x_wconf 85' lang='lat' dir='ltr'><strong>fratribus,</strong></span> <span class='ocrx_word' id='word_1_775' title='bbox 3315 5008 3456 5061; x_wconf 87' lang='lat' dir='ltr'><strong>quos</strong></span> <span class='ocrx_word' id='word_1_776' title='bbox 3497 4993 3724 5044; x_wconf 89' lang='lat' dir='ltr'><strong>viderent</strong></span> 
     </span>
    </p>
   </div>
   <div class='ocr_carea' id='block_1_109' title="bbox 2155 5084 3721 5151">
    <p class='ocr_par' dir='ltr' id='par_1_109' title="bbox 2155 5084 3721 5151">
     <span class='ocr_line' id='line_1_109' title="bbox 2155 5084 3721 5151; baseline -0.006 -9"><span class='ocrx_word' id='word_1_777' title='bbox 2155 5103 2364 5150; x_wconf 89' lang='lat' dir='ltr'><strong>coram,</strong></span> <span class='ocrx_word' id='word_1_778' title='bbox 2392 5085 2596 5141; x_wconf 67' lang='lat' dir='ltr'><strong>Graecis</strong></span> <span class='ocrx_word' id='word_1_779' title='bbox 2628 5086 2936 5151; x_wconf 87' lang='lat' dir='ltr'><strong>conciliari,</strong></span> <span class='ocrx_word' id='word_1_780' title='bbox 2974 5100 3098 5139; x_wconf 86' lang='lat' dir='ltr'><strong>vera</strong></span> <span class='ocrx_word' id='word_1_781' title='bbox 3128 5087 3198 5138; x_wconf 88' lang='lat' dir='ltr'><strong>ita</strong></span> <span class='ocrx_word' id='word_1_782' title='bbox 3225 5085 3448 5139; x_wconf 88' lang='lat' dir='ltr'><strong>demum</strong></span> <span class='ocrx_word' id='word_1_783' title='bbox 3473 5084 3721 5139; x_wconf 87' lang='lat' dir='ltr'><strong>coalitura</strong></span> 
     </span>
    </p>
   </div>
   <div class='ocr_carea' id='block_1_110' title="bbox 2155 5173 3722 5245">
    <p class='ocr_par' dir='ltr' id='par_1_110' title="bbox 2155 5173 3722 5245">
     <span class='ocr_line' id='line_1_110' title="bbox 2155 5173 3722 5245; baseline -0.006 -16"><span class='ocrx_word' id='word_1_784' title='bbox 2155 5191 2304 5245; x_wconf 85' lang='lat' dir='ltr'><strong>pace.</strong></span> <span class='ocrx_word' id='word_1_785' title='bbox 2353 5175 2529 5230; x_wconf 89' lang='lat' dir='ltr'><strong>Simul</strong></span> <span class='ocrx_word' id='word_1_786' title='bbox 2568 5185 2746 5229; x_wconf 87' lang='lat' dir='ltr'><strong>tamen</strong></span> <span class='ocrx_word' id='word_1_787' title='bbox 2813 5173 3144 5229; x_wconf 88' lang='lat' dir='ltr'><strong>admonebat</strong></span> <span class='ocrx_word' id='word_1_788' title='bbox 3194 5183 3434 5233; x_wconf 84' lang='lat' dir='ltr'><strong>nostros.</strong></span> <span class='ocrx_word' id='word_1_789' title='bbox 3499 5188 3591 5242; x_wconf 86' lang='lat' dir='ltr'><strong>par</strong></span> <span class='ocrx_word' id='word_1_790' title='bbox 3618 5184 3722 5223; x_wconf 84' lang='lat' dir='ltr'><strong>esse</strong></span> 
     </span>
    </p>
   </div>
   <div class='ocr_carea' id='block_1_111' title="bbox 2154 5258 3718 5337">
    <p class='ocr_par' dir='ltr' id='par_1_111' title="bbox 2154 5258 3718 5337">
     <span class='ocr_line' id='line_1_111' title="bbox 2154 5258 3718 5337; baseline -0.007 -17"><span class='ocrx_word' id='word_1_791' title='bbox 2154 5269 2306 5336; x_wconf 91' lang='lat' dir='ltr'><strong>ipsos</strong></span> <span class='ocrx_word' id='word_1_792' title='bbox 2336 5282 2556 5337; x_wconf 86' lang='lat' dir='ltr'><strong>quoque</strong></span> <span class='ocrx_word' id='word_1_793' title='bbox 2607 5282 2746 5336; x_wconf 89' lang='lat' dir='ltr'><strong>quas</strong></span> <span class='ocrx_word' id='word_1_794' title='bbox 2802 5265 2981 5320; x_wconf 88' lang='lat' dir='ltr'><strong>Latini</strong></span> <span class='ocrx_word' id='word_1_795' title='bbox 3037 5265 3337 5334; x_wconf 87' lang='lat' dir='ltr'><strong>allegareut</strong></span> <span class='ocrx_word' id='word_1_796' title='bbox 3386 5258 3718 5317; x_wconf 80' lang='lat' dir='ltr'><strong>additamenti</strong></span> 
     </span>
    </p>
   </div>
   <div class='ocr_carea' id='block_1_112' title="bbox 2155 5354 3718 5430">
    <p class='ocr_par' dir='ltr' id='par_1_112' title="bbox 2155 5354 3718 5430">
     <span class='ocr_line' id='line_1_112' title="bbox 2155 5354 3718 5430; baseline -0.005 -18"><span class='ocrx_word' id='word_1_797' title='bbox 2155 5361 2404 5430; x_wconf 81' lang='lat' dir='ltr'><strong>symbolo</strong></span> <span class='ocrx_word' id='word_1_798' title='bbox 2466 5360 2654 5415; x_wconf 91' lang='lat' dir='ltr'><strong>inserti</strong></span> <span class='ocrx_word' id='word_1_799' title='bbox 2693 5360 3078 5414; x_wconf 77' lang='lat' dir='ltr'><strong>excusationes</strong></span> <span class='ocrx_word' id='word_1_800' title='bbox 3114 5373 3220 5411; x_wconf 91' lang='lat' dir='ltr'><strong>non</strong></span> <span class='ocrx_word' id='word_1_801' title='bbox 3272 5357 3576 5425; x_wconf 83' lang='lat' dir='ltr'><strong>aspernari,</strong></span> <span class='ocrx_word' id='word_1_802' title='bbox 3638 5354 3718 5407; x_wconf 76' lang='lat' dir='ltr'><strong>sel</strong></span> 
     </span>
    </p>
   </div>
   <div class='ocr_carea' id='block_1_113' title="bbox 2157 5444 3718 5522">
    <p class='ocr_par' dir='ltr' id='par_1_113' title="bbox 2157 5444 3718 5522">
     <span class='ocr_line' id='line_1_113' title="bbox 2157 5444 3718 5522; baseline -0.004 -18"><span class='ocrx_word' id='word_1_803' title='bbox 2157 5453 2340 5522; x_wconf 88' lang='lat' dir='ltr'><strong>potius</strong></span> <span class='ocrx_word' id='word_1_804' title='bbox 2366 5462 2423 5505; x_wconf 92' lang='lat' dir='ltr'><strong>ut</strong></span> <span class='ocrx_word' id='word_1_805' title='bbox 2448 5452 2674 5506; x_wconf 88' lang='lat' dir='ltr'><strong>idoneas</strong></span> <span class='ocrx_word' id='word_1_806' title='bbox 2704 5451 2974 5520; x_wconf 89' lang='lat' dir='ltr'><strong>accipere.</strong></span> <span class='ocrx_word' id='word_1_807' title='bbox 3032 5450 3135 5516; x_wconf 87' lang='lat' dir='ltr'><strong>Qui</strong></span> <span class='ocrx_word' id='word_1_808' title='bbox 3180 5458 3363 5504; x_wconf 88' lang='lat' dir='ltr'><strong>autem</strong></span> <span class='ocrx_word' id='word_1_809' title='bbox 3395 5449 3541 5501; x_wconf 91' lang='lat' dir='ltr'><strong>omni</strong></span> <span class='ocrx_word' id='word_1_810' title='bbox 3574 5444 3718 5515; x_wconf 82' lang='lat'><strong>372</strong></span> 
     </span>
    </p>
   </div>
   <div class='ocr_carea' id='block_1_114' title="bbox 2158 5529 3714 5616">
    <p class='ocr_par' dir='ltr' id='par_1_114' title="bbox 2158 5529 3714 5616">
     <span class='ocr_line' id='line_1_114' title="bbox 2158 5529 3714 5616; baseline -0.008 -16"><span class='ocrx_word' id='word_1_811' title='bbox 2158 5546 2356 5615; x_wconf 78' lang='lat' dir='ltr'><strong>rejeCta</strong></span> <span class='ocrx_word' id='word_1_812' title='bbox 2393 5545 2815 5616; x_wconf 89' lang='lat' dir='ltr'><strong>compositione,</strong></span> <span class='ocrx_word' id='word_1_813' title='bbox 2857 5529 3056 5598; x_wconf 80' lang='lat' dir='ltr'><strong>invicta</strong></span> <span class='ocrx_word' id='word_1_814' title='bbox 3112 5544 3370 5613; x_wconf 90' lang='lat' dir='ltr'><strong>utrinque</strong></span> <span class='ocrx_word' id='word_1_815' title='bbox 3414 5540 3714 5611; x_wconf 79' lang='lat' dir='ltr'><strong>pertinacia,</strong></span> 
     </span>
    </p>
   </div>
   <div class='ocr_carea' id='block_1_115' title="bbox 2153 5629 3716 5707">
    <p class='ocr_par' dir='ltr' id='par_1_115' title="bbox 2153 5629 3716 5707">
     <span class='ocr_line' id='line_1_115' title="bbox 2153 5629 3716 5707; baseline -0.008 -14"><span class='ocrx_word' id='word_1_816' title='bbox 2153 5639 2209 5693; x_wconf 92' lang='lat' dir='ltr'><strong>iu</strong></span> <span class='ocrx_word' id='word_1_817' title='bbox 2237 5640 2590 5693; x_wconf 86' lang='lat' dir='ltr'><strong>contentione</strong></span> <span class='ocrx_word' id='word_1_818' title='bbox 2625 5645 2871 5707; x_wconf 89' lang='lat' dir='ltr'><strong>perstare</strong></span> <span class='ocrx_word' id='word_1_819' title='bbox 2914 5637 3139 5700; x_wconf 89' lang='lat' dir='ltr'><strong>vellent,</strong></span> <span class='ocrx_word' id='word_1_820' title='bbox 3200 5633 3561 5691; x_wconf 83' lang='lat' dir='ltr'><strong>vociferantes</strong></span> <span class='ocrx_word' id='word_1_821' title='bbox 3603 5629 3716 5683; x_wconf 91' lang='lat' dir='ltr'><strong>hinc</strong></span> 
     </span>
    </p>
   </div>
   <div class='ocr_carea' id='block_1_116' title="bbox 2154 5725 3717 5799">
    <p class='ocr_par' dir='ltr' id='par_1_116' title="bbox 2154 5725 3717 5799">
     <span class='ocr_line' id='line_1_116' title="bbox 2154 5725 3717 5799; baseline -0.007 -16"><span class='ocrx_word' id='word_1_822' title='bbox 2154 5731 2378 5798; x_wconf 85' lang='lat' dir='ltr'><strong>quidem</strong></span> <span class='ocrx_word' id='word_1_823' title='bbox 2410 5746 2474 5784; x_wconf 84' lang='lat' dir='ltr'><strong>ex</strong></span> <span class='ocrx_word' id='word_1_824' title='bbox 2497 5731 2657 5785; x_wconf 83' lang='lat' dir='ltr'><strong>Patre</strong></span> <span class='ocrx_word' id='word_1_825' title='bbox 2682 5729 2950 5799; x_wconf 81' lang='lat' dir='ltr'><strong>Filioque,</strong></span> <span class='ocrx_word' id='word_1_826' title='bbox 2978 5729 3129 5784; x_wconf 90' lang='lat' dir='ltr'><strong>illinc</strong></span> <span class='ocrx_word' id='word_1_827' title='bbox 3162 5739 3342 5784; x_wconf 88' lang='lat' dir='ltr'><strong>autem</strong></span> <span class='ocrx_word' id='word_1_828' title='bbox 3366 5742 3429 5781; x_wconf 77' lang='lat' dir='ltr'><strong>ex</strong></span> <span class='ocrx_word' id='word_1_829' title='bbox 3452 5725 3608 5780; x_wconf 85' lang='lat' dir='ltr'><strong>Patre</strong></span> <span class='ocrx_word' id='word_1_830' title='bbox 3631 5735 3717 5791; x_wconf 86' lang='lat' dir='ltr'><strong>per</strong></span> 
     </span>
    </p>
   </div>
   <div class='ocr_carea' id='block_1_117' title="bbox 2152 5818 3714 5895">
    <p class='ocr_par' dir='ltr' id='par_1_117' title="bbox 2152 5818 3714 5895">
     <span class='ocr_line' id='line_1_117' title="bbox 2152 5818 3714 5895; baseline -0.008 -15"><span class='ocrx_word' id='word_1_831' title='bbox 2152 5825 2346 5880; x_wconf 82' lang='lat' dir='ltr'><strong>Filium</strong></span> <span class='ocrx_word' id='word_1_832' title='bbox 2373 5823 2664 5894; x_wconf 80' lang='lat' dir='ltr'><strong>procedere</strong></span> <span class='ocrx_word' id='word_1_833' title='bbox 2688 5823 2952 5895; x_wconf 88' lang='lat' dir='ltr'><strong>Spiritum</strong></span> <span class='ocrx_word' id='word_1_834' title='bbox 2978 5832 3250 5890; x_wconf 83' lang='lat' dir='ltr'><strong>sanctum,</strong></span> <span class='ocrx_word' id='word_1_835' title='bbox 3266 5820 3413 5875; x_wconf 91' lang='lat' dir='ltr'><strong>nullo</strong></span> <span class='ocrx_word' id='word_1_836' title='bbox 3423 5818 3714 5891; x_wconf 89' lang='lat' dir='ltr'><strong>jurgiorum</strong></span> 
     </span>
    </p>
   </div>
  </div>
