3964 6510
289 363 387 430 825

1240 360 1341 424 DE
1379 360 1766 422 MICHAELE
1806 363 2280 427 PAL/EOLOGO
2316 366 2461 426 LIB.
2504 367 2569 428 V.

3438 364 3547 429 8‘26

292 485 443 537 καλὸν
479 481 579 552 μὲν
611 481 797 548 ἔλεγον
830 479 929 550 τὴν
976 477 1206 550 εἰρήνην
1233 472 1373 531 εἶναι
1397 518 1411 541 ,
1469 479 1565 532 καὶ
1604 479 1722 541 πῶς
1750 479 1860 549 γὰρ
1887 481 1940 542 Α
1964 481 2204 551 πδμεθα,
2239 480 2316 545 ὡς
2367 480 2442 552 μή
2497 480 2663 534 καλὸν
2712 480 2893 544 ἄλλως
2943 478 3006 534 ὃν
3038 480 3163 551 μηδ’
3210 478 3451 549 ἀσφαλὲς
3484 482 3547 533 τὸ

293 575 383 640 ob;
420 575 513 628 καὶ
548 575 751 644 μᾶλλον
782 572 1136 639 Ἐκκλησίαις
1168 570 1471 637 τοιαύταις,
1495 564 1863 641 κεφαλῆςλὸ-

235 680 244 689 ‘
292 683 381 736 γον
410 667 664 736 ἐχούσαις
696 668 809 728 τοῖς
843 664 925 736 [Ρ.
954 662 1085 736 253]
1115 663 1455 735 ὁπουδήποτε
1482 664 1578 717 τοῦ
1609 664 1866 736 εἰρηνάρ-

291 775 382 831 χου
422 757 663 825 Χριστοῦ
707 756 999 826 μαθηταῖς,
1055 755 1200 820 πλὴν
1248 755 1366 825 μετ’
1406 755 1713 824 ἀσφαλείας
1767 759 1864 810 καὶ⁸

291 849 384 918 οὐχ
414 848 490 910 ὡς
520 848 712 916 ἔτυχεν
737 862 751 877 σ
806 842 946 898 εἷναι
972 843 1081 915 γὰρ
1123 844 1214 898 τὸν
1246 844 1492 899 κίνδυνον
1546 846 1723 915 μέγαν
1751 848 1863 907 τοῖς

256 940 379 993 ’τοῦ
434 938 596 1010 ὀρθοῦ
626 937 879 992 ὁπωσοῦν
912 938 1311 1008 ἁμαρτάνουσι.
1367 954 1388 989 ι
1420 938 1528 990 Καὶ
1565 937 1723 990 τοῦτο
1766 940 1863 1008 οὐχ

288 1035 420 1103 ἡμῖν
453 1014 578 1104 ἄρτι
616 1031 812 1100 ξυνέϐη
858 1030 1196 1100 πεπρᾶχθαι,
1245 1031 1321 1093 ὼς
1352 1028 1449 1083 καὶ
1479 1030 1661 1084 αἰτίαν
1716 1029 1862 1101 ἐχειν

288 1123 380 1176 τοῦ
416 1138 474 1175 τε
517 1123 863 1192 καινοτομεῖν
912 1119 948 1174 ἃ
975 1120 1151 1182 οὐδεὶς
1190 1122 1475 1191 πρότερον,
1532 1122 1746 1175 καὶτοῦ
1787 1123 1862 1192 μὴ

288 1216 466 1285 θέλειν
501 1214 859 1285 μεταϐάλλειν
885 1214 1047 1267 πάλιν
1076 1214 1154 1276 είς
1176 1212 1204 1266 ὃ
1243 1214 1337 1267 καὶ
1367 1215 1497 1283 πρὶν
1525 1208 1669 1285 ἦμεν
1697 1230 1712 1245 ο
1746 1214 1861 1267 ἀλλ’

286 1309 483 1378 ἄνδρες
537 1308 765 1377 μεγάλοι
797 1307 897 1378 τὴν
930 1308 1134 1377 ἀρετὴν
1183 1306 1279 1359 καὶ
1326 1307 1482 1375 σοφοὶ
1524 1305 1622 1376 τὴν
1656 1306 1862 1373 γνῶσιν

286 1399 416 1468 περὶ
464 1400 671 1451 τούτων
704 1397 1035 1469 λαλήσαντες
1090 1396 1495 1468 διηνέχθησαν,
1557 1396 1652 1451 καὶ
1703 1397 1865 1463 δόξαν

284 1490 519 1554 ἐκείνοις
570 1490 881 1560 διέστησαν.
938 1488 1012 1541 Τὸ
1067 1488 1123 1541 δὲ
1176 1489 1272 1541 καὶ⁸
1306 1488 1387 1551 είς
1420 1487 1581 1542 πλέον
1616 1488 1714 1557 τὴν
1744 1487 1862 1558 ἔριν

283 1583 623 1640 ὲκτείνεσθαι
649 1583 743 1636 τοῦ
782 1581 1005 1653 μετρίου
1060 1578 1175 1634 οὔτ’
1223 1581 1453 1643 ἐκείνοις
1484 1576 1552 1653 ἦν
1610 1580 1859 1649 θελητδν,

282 1680 381 1735 καὶ
414 1682 527 1740 τοῖς
571 1676 957 1741 πλεονάζουσιν
991 1675 1201 1746 ἀμαθὲς
1252 1674 1428 1738 ἄλλως
1459 1674 1552 1727 καὶ
1580 1673 1861 1744 τολμηρὸν

280 1777 311 1830 ὁ
371 1774 733 1843 πλεονασμός.
783 1771 930 1842 Πλὴν
978 1770 1040 1823 τὺ
1090 1771 1185 1824 καὶ
1230 1770 1378 1839 ἡμᾶς
1407 1769 1507 1838 τὴν
1537 1768 1859 1839 προσθήκην

281 1870 587 1939 προφέρειν
641 1868 772 1937 ὑμῖν
833 1865 943 1919 τότ’
991 1864 1058 1918 ἂν
1107 1862 1293 1935 χώραν
1342 1859 1457 1934 εἶχε
1496 1863 1588 1916 καὶ
1633 1861 1863 1926 δικαίως

278 1959 685 2029 δνειδιζοίμεθα
708 1998 723 2025 ,
765 1959 815 2012 εί
867 1946 1193 2020 δυσσεϐείας
1241 1956 1387 2025 ὑμᾶς
1417 1955 1451 2026 ἢ
1488 1954 1770 2020 ἀσεϐείας,
1799 1954 1863 2008 τό

278 2056 582 2126 χείριστον,
617 2053 704 2107 διὰ
721 2051 819 2123 τὴν
842 2048 1135 2122 πρόσθεσιν
1164 2049 1541 2119 ὲγραφόμεθα,
1568 2047 1643 2110 ὡς
1659 2036 1864 2117 ὁμοίως

278 2148 379 2201 καὶ
405 2146 564 2217 ήμῶν
601 2144 943 2199 ἀσεϐούντων
977 2142 1065 2196 διά
1095 2142 1197 2213 τὴν
1226 2141 1546 2211 προσθήκην
1578 2140 1648 2194 τὰ
1673 2142 1858 2209 ὃμοια.

292 2237 452 2289 ’τίπεί
489 2236 547 2289 δὲ
582 2237 682 2306 τὴν
720 2237 812 2289 ἐπὶ
843 2232 922 2306 τῷ
964 2233 1224 2304 Συμϐόλῳ
1264 2232 1587 2304 προσθήκην
1620 2233 1862 2302 ἀποτρε-

277 2426 412 2490 ﬁne,
447 2439 565 2489 eos,
600 2422 916 2494 quicunque
952 2428 1158 2487 essent,
1214 2420 1457 2478 insanire
1484 2423 1694 2493 pariter
1747 2424 1865 2480 aie-

276 2519 402 2584 bat,
438 2526 492 2572 et
526 2516 924 2572 inverecundos
951 2524 1290 2571 scrutatores
1311 2517 1698 2588 mysteriorum
1740 2517 1858 2584 Dei,

276 2613 427 2666 ultra
457 2625 625 2681 quam
654 2609 741 2664 fas
766 2617 914 2665 esset
940 2608 1199 2663 humana:
1232 2609 1563 2677 inﬁrmitati,
1587 2611 1863 2668 curiosos

276 2694 344 2761 in
378 2703 649 2775 profunda
688 2703 1004 2758 Divinitatis
1034 2703 1333 2758 immittere
1366 2703 1575 2759 oculos.
1622 2702 1737 2760 Hac
1766 2703 1864 2760 ille

273 2799 510 2868 ancipiti
542 2797 730 2853 ambas
762 2798 814 2852 in
837 2806 1021 2867 partes
1049 2796 1321 2861 oratione,
1380 2797 1627 2853 minuere
1663 2798 1861 2853 obum-

272 2890 497 2945 brando
524 2900 814 2959 tegereque
835 2888 1139 2944 conabatur
1171 2888 1431 2943 invidiam
1460 2897 1663 2944 temere
1686 2898 1865 2946 atten-

271 2989 408 3035 tntae
420 2979 719 3033 additionis
732 2979 798 3033 ad
817 2960 1157 3049 Symbolum,
1175 2992 1272 3046 pro
1285 2993 1387 3033 suo
1407 2979 1658 3035 videlicet
1677 2980 1859 3051 legati,

269 3072 384 3127 hoc
416 3081 502 3127 est
539 3071 807 3141 sequestri
835 3069 1263 3139 mediatorisque
1294 3070 1434 3124 inter
1488 3071 1722 3127 invicem
1765 3074 1862 3128 ad-

1966 574 2187 628 σύνολον
2244 575 2776 645 κατησφαλισμένοις
2834 576 3204 643 ὲπεγχειρεῖν,
3250 574 3358 626 κᾶν
3388 574 3545 634 ἐντὸς

1964 665 2177 735 λέγοιεν
2222 666 2317 721 τοῦ
2344 666 2529 737 ὀρθοῦ,
2564 666 2666 719 ποῦ
2713 666 2924 720 δίκαιον
2957 669 3091 734 ἡμῖν
3122 665 3429 735 προτείνειν
3475 664 3547 717 τὰ

1963 755 2155 825 etiam;
2187 754 2285 817 Τίς
2316 755 2426 826 γάρ
2481 756 2641 823 ήμῶν
2691 755 2959 824 ἐτόλμησε
2991 755 3214 808 πώποτε
3247 754 3417 815 οὕτως
3468 753 3547 816 ὡς

1963 846 2143 915 λέγεις
2175 846 2315 916 μετὰ
2344 846 2666 916 προσθήκης
2694 847 2980 915 ὁμολογεῖν
3007 862 3021 909 ;
3090 844 3269 899 Καλὸν
3300 840 3392 897 οὖν
3451 847 3545 897 καὶ

1966 938 2243 1009 συμφέρον
2268 940 2366 1007 τὴν
2393 938 2619 1009 εἰρήνην
2640 954 2699 990 σε
2726 938 3030 991 σπεύδοντα
3056 937 3165 990 τῶν
3203 937 3544 1007 Ἐκκλησιῶν

1963 1029 2106 1084 οὕτω
2138 1030 2434 1098 πειρᾶσθαι
2501 1030 2763 1101 συνιστᾷν
2820 1029 3044 1098 ταύτην,
3102 1029 3279 1095 σοφῶς
3336 1032 3539 1081 οἰκονο-

1968 1123 2173 1193 μοῦντα
2201 1122 2332 1192 παρ’
2368 1122 2588 1184 Ἰταλοῖς
2622 1122 2718 1193 τὴν
2753 1120 2848 1175 τοῦ
2884 1123 3182 1175 σκανδάλου
3225 1123 3537 1192 ἀφαίρεσιν,

1965 1216 2067 1271 κᾶν
2098 1216 2257 1285 ἡμεῖς
2302 1210 2453 1287 ὦμεν
2503 1215 2553 1268 oi
2602 1214 2921 1284 αἰτιώμενοι
2974 1214 3069 1267 τοῦ
3111 1214 3437 1276 σκανδάλου,
3465 1217 3514 1268 δι

1966 1307 2132 1371 καίως
2161 1307 2293 1377 ἡμῖν
2328 1305 2731 1376 ἐπιπλήττοντα
2764 1304 2839 1368 ὡς
2865 1303 3108 1374 ἑτοίμοις
3146 1300 3265 1356 οὖσι
3291 1302 3545 1372 δέχεσθαι

1963 1399 2062 1470 τὴν
2109 1398 2443 1471 ὲπίπληξινκ
2480 1399 2541 1451 Et
2570 1398 2626 1452 δὲ
2661 1401 2794 1469 παρ’
2841 1398 3077 1461 ἐκείνοις
3125 1396 3187 1451 τὸ
3239 1397 3549 1449 σκάνδαλον

1964 1494 2245 1558 ἔϐλαστεν,
2278 1492 2490 1562 ἀνάγκη
2544 1490 2917 1562 πνευματικὸν
2949 1490 3078 1544 ὄντα
3110 1490 3207 1543 καὶ⁹
3266 1490 3546 1560 πρεσϐευ-

1961 1586 2061 1658 τὴν
2090 1588 2189 1658 τῆς
2217 1587 2440 1659 εἰρήνης
2472 1586 2706 1648 ἐκείνοις
2734 1585 2900 1638 ὠθεῖν
2929 1583 3228 1655 πειρᾶσθαι
3264 1584 3324 1635 τὸ
3351 1586 3442 1637 ἐπὶ
3475 1585 3540 1654 τῇ

1942 1680 2284 1751 καινοτομίᾳ
2333 1678 2428 1733 τοῦ
2461 1678 2744 1749 Συμϐόλου
2778 1677 3107 1749 ἁμάρτημα.
3144 1695 3163 1729 ι
3222 1676 3409 1739 Οὕτως
3437 1676 3548 1729 ἑλε-

1963 1790 2059 1843 γον
2114 1774 2164 1826 οἱ
2202 1775 2303 1843 τῆς
2354 1772 2706 1843 Ἔκκλησίας,
2744 1772 2841 1826 καὶ
2872 1769 3047 1833 οὕτως
3079 1765 3228 1839 εῐχον
3266 1771 3341 1833 ὼς
3390 1767 3547 1821 οὐδὲν

1964 1866 2324 1935 ἀκουσόμενοι
2348 1863 2634 1935 βασιλέως,
2660 1865 2709 1917 εί
2738 1862 3077 1935 προστάσσοι
3104 1861 3163 1912 ἐν
3185 1858 3420 1924 τούτοις,
3449 1860 3546 1913 καὶ

1963 1958 2019 2012 εῐ
2042 1976 2106 2029 γε
2136 1958 2206 2012 τὰ
2241 1958 2476 2030 μέγιστα
2502 1958 2738 2012 ἀπειλεῖ.

1969 2073 2054 2145 ιβ’.
2079 2072 2282 2138 ὀπως
2310 2074 2345 2126 ό
2371 2071 2675 2145 ,βασιλεὺς
2698 2070 2842 2145 τοὺς
2869 2069 2982 2145 τῆς
3010 2070 3376 2145 Ἐκκλησίας
3406 2086 3546 2124 κατ-

2316 2141 2608 2211 ηνάγκαζε
2645 2141 2742 2195 διὰ
2777 2144 2892 2210 τὴν
2918 2141 3187 2211 etprima».

2038 2236 2226 2290 mm
2258 2234 2517 2306 βασιλεὺς
2543 2234 2691 2299 ἅπαξ
2720 2234 2814 2287 τοῦ
2841 2232 3051 2287 τοιοῦδε
3083 2231 3289 2286 σκοποῦ
3311 2231 3546 2303 γενόμε-

1965 2433 2040 2473 sae
2080 2417 2372 2488 impiaeque
2407 2417 2674 2471 doctrinae
2725 2430 2823 2471 vos
2862 2421 3088 2486 propter
3118 2415 3280 2470 istam
3312 2413 3548 2469 additio-

1963 2525 2088 2566 nem
2116 2525 2525 2566 accusaremus.
2549 2508 2707 2564 Tunc
2727 2508 2873 2563 enim
2904 2508 3029 2578 jure
3050 2506 3419 2563 causaremini
3445 2522 3546 2562 nos

1963 2604 2217 2675 dogmate
2246 2619 2342 2674 per
2378 2602 2714 2658 additionem
2762 2601 3005 2655 indicato
3034 2588 3331 2669 rejiciendo
3372 2599 3543 2664 istud,

1963 2698 2110 2767 quod
2130 2696 2285 2752 vobis
2318 2695 2459 2751 falso
2506 2695 2954 2764 impingeremus,
3010 2693 3307 2763 impietatis
3338 2695 3544 2748 crimen

1961 2804 2090 2845 vere
2122 2789 2482 2845 consciscere.
2510 2786 2645 2842 Cum
2674 2797 2858 2842 autem
2887 2802 2996 2841 non
3039 2786 3236 2857 dogma
3295 2788 3349 2841 in
3397 2788 3544 2840 addi-

1963 2885 2115 2938 tione
2170 2879 2657 2951 reprehendamus,
2716 2880 2810 2935 sed
2867 2880 3266 2935 contendamus
3330 2887 3542 2933 tantum

1964 2974 2266 3031 universim
2302 2989 2399 3028 nec
2430 2971 2731 3043 probabilis
2784 2987 2885 3027 nec
2914 2972 3095 3027 securi
3138 2971 3373 3039 exempli
3427 2986 3545 3025 rem

1963 3080 2105 3133 esse,
2137 3067 2415 3121 immutari
2444 3066 2785 3136 praelicenter
2808 3064 3012 3135 aliquid
3038 3072 3135 3118 aut
3156 3062 3377 3132 adiungi
3410 3064 3549 3119 scri-

270 3180 496 3228 versos,
533 3164 718 3220 ofticio
758 3178 821 3217 ac
857 3176 1095 3217 munere
1130 3179 1145 3228 ;
1188 3162 1240 3215 in
1270 3178 1381 3232 quo
1425 3178 1558 3219 sane
1588 3164 1863 3236 fungendo
1884 3169 1933 3234 ο
1970 3161 2076 3230 ptis
2108 3160 2257 3230 prius
2286 3159 2444 3215 editis
2475 3168 2529 3214 et
2558 3175 2682 3214 cum
2715 3172 2930 3214 summa
2953 3155 3397 3211 consideratione
3426 3165 3542 3210 tum

269 3259 387 3315 ﬁde
419 3258 631 3328 optima
660 3256 1054 3326 diligentiaque
1086 3269 1298 3309 summa
1328 3257 1668 3323 versabatur,
1720 3257 1859 3313 nihil

267 3368 384 3407 non
424 3351 737 3421 experiens,
786 3350 927 3406 nihil
982 3349 1117 3404 tanti
1149 3349 1378 3414 ducens,
1420 3350 1567 3420 quod
1618 3366 1718 3421 pro
1762 3366 1862 3422 spe

268 3445 609 3515 assequendi
652 3446 940 3516 legationis
967 3463 1081 3503 suae
1108 3448 1260 3519 scopi
1285 3447 1518 3502 libenter
1546 3446 1751 3515 pacisci
1776 3460 1863 3501 re-

266 3546 517 3595 cusaret.
545 3534 627 3591 Ad
675 3552 738 3592 ea
766 3553 931 3611 porro
962 3538 1217 3594 Ecclesiae
1244 3550 1451 3593 nosme
1489 3553 1745 3607 proceres
1802 3538 1859 3592 in

269 3635 425 3691 hunc
484 3633 706 3688 modum
743 3634 1190 3705 respondebant:
1228 3650 1246 3685 ι
1286 3632 1584 3689 Honestam
1617 3624 1751 3688 sane
1791 3648 1859 3687 ac

266 3728 627 3799 expetibilem
678 3742 867 3797 pacem
911 3742 1058 3791 esse,
1097 3726 1224 3795 quis
1267 3725 1370 3781 hoc
1408 3726 1629 3795 quidem
1665 3725 1862 3794 neget?

267 3819 585 3890 praesertim
622 3821 767 3875 inter
796 3820 1069 3875 Ecclesias
1092 3819 1227 3873 adeo
1247 3817 1598 3886 conspicuas,
1629 3832 1863 3887 quaeque

267 3914 423 3970 haud
454 3912 623 3969 dubie
676 3913 920 3983 capitum
976 3912 1147 3967 instar
1192 3911 1457 3965 haberent
1501 3910 1863 3966 aestimatione

270 4009 699 4072 universorum,
737 4005 832 4075 qui
870 4004 1047 4059 ubivis
1074 4012 1345 4090 terrarum
1369 4004 1593 4075 degunt,
1622 4004 1865 4073 discipu-

267 4100 459 4156 lorum
489 4098 694 4154 Christi
732 4096 998 4168 principis
1024 4097 1198 4167 pacis.
1230 4096 1432 4152 Verum
1466 4112 1656 4166 pacem
1697 4096 1859 4151 istam

267 4207 472 4250 secure
503 4199 727 4257 actuto,
773 4205 878 4245 non
913 4200 1094 4244 autem
1133 4189 1635 4259 quomodocunque
1670 4188 1861 4244 conci-

267 4287 541 4343 liandam.
609 4283 863 4353 Magnum
916 4281 1060 4336 enim
1117 4281 1433 4351 impendere
1482 4282 1789 4352 periculum
1830 4299 1861 4338 a

269 4386 426 4429 recto
455 4372 511 4425 in
545 4369 820 4425 utramvis
845 4378 1054 4439 partem
1120 4371 1530 4429 aberrantibus.
1580 4371 1733 4439 Quod
1791 4373 1861 4429 ad

196 4508 200 4512 .
269 4469 420 4522 hanc
444 4464 868 4522 conventionem
904 4463 1157 4518 mutaria
1184 4464 1342 4519 nobis
1369 4464 1555 4531 vultis,
1612 4481 1721 4521 non
1761 4481 1854 4522 re-

269 4575 406 4616 cens
431 4566 531 4613 aut
571 4571 718 4613 nunc
750 4556 990 4625 primum
1061 4556 1273 4610 institui
1331 4557 1562 4627 contigit
1614 4574 1644 4614 a
1676 4558 1855 4626 nobis,

268 4656 483 4726 quibus
523 4654 642 4707 ideo
675 4653 799 4723 jure
831 4652 1167 4722 impingatur
1207 4653 1415 4709 crimen
1451 4661 1547 4709 aut
1584 4664 1862 4725 usurpatae

269 4747 473 4803 audaci
510 4744 750 4801 novitate
802 4745 877 4799 rei
914 4758 1077 4814 quam
1109 4759 1272 4800 nemo
1305 4744 1459 4815 prius
1490 4747 1859 4811 attentaverit,

270 4849 370 4894 aut
410 4837 702 4892 obstinatae
746 4835 1119 4892 recusationis
1149 4850 1215 4892 eo
1266 4838 1531 4892 redeundi
1562 4837 1657 4893 ubi
1695 4846 1860 4894 antea

269 4946 499 4988 eramus
532 4949 546 4984 :
583 4928 678 4984 sed
715 4928 817 4984 viri
851 4928 1034 5000 magni
1076 4928 1302 4996 virtute,
1341 4929 1588 4985 doctrina
1635 4930 1859 5001 sapien-

270 5035 379 5091 tes,
419 5025 522 5079 ista
557 5022 786 5076 multum
816 5022 960 5077 inter
996 5039 1055 5079 se
1086 5031 1315 5078 tractata
1348 5021 1755 5078 constituerunt
1801 5022 1858 5079 in

272 5117 425 5170 hunc
455 5113 699 5180 modum,
723 5122 778 5170 et
793 5116 1065 5187 dogmatis
1092 5128 1305 5171 summa
1326 5112 1636 5168 constantia
1671 5122 1859 5168 tenen-

271 5204 327 5259 di
368 5204 451 5259 eis
483 5203 863 5261 auctoritatem
898 5204 1233 5261 indiderunt.
1296 5204 1455 5271 Quod
1511 5213 1695 5269 autem
1727 5204 1857 5259 inde

271 5300 528 5349 secutum
545 5300 649 5358 est,
675 5302 732 5348 ut
759 5295 1037 5349 contentio
1066 5293 1121 5348 in
1135 5294 1285 5349 rixas
1317 5292 1642 5347 immodicas
1666 5308 1855 5347 erum-

271 5396 451 5458 peret,
477 5403 578 5443 nec
613 5388 719 5457 ipsi
752 5387 1069 5455 voluerunt,
1106 5397 1160 5444 et
1193 5388 1349 5457 culpa
1373 5388 1494 5456 ejus
1524 5388 1705 5443 omnis
1745 5388 1852 5441 im-

271 5480 469 5549 peritis
512 5490 562 5535 et
591 5480 895 5536 audacibus
936 5482 1079 5536 ultra
1129 5480 1213 5536 fas
1242 5481 1344 5535 hac
1380 5480 1544 5551 373
1578 5480 1632 5535 in
1688 5489 1847 5550 parte

273 5574 667 5629 excedentibus
692 5574 1012 5645 imputanda
1050 5584 1150 5630 est.
1178 5574 1451 5630 Caeterum
1483 5574 1630 5645 quod
1665 5590 1854 5644 quere-

274 5668 411 5721 mini
436 5667 648 5736 culpari
667 5682 765 5723 vos
789 5682 819 5722 a
850 5666 1008 5722 nobis
1035 5666 1105 5723 ob
1129 5668 1558 5723 additamentum
1593 5668 1850 5737 symboli,

277 5767 411 5815 tunc
441 5761 663 5830 querela
694 5760 808 5816 lucc
831 5758 1011 5815 locum
1052 5760 1302 5825 haberet,
1358 5769 1413 5814 et
1434 5759 1581 5827 juste
1607 5762 1655 5815 id
1693 5761 1850 5816 nobis

279 5853 730 5921 eXprobraretur,
774 5854 817 5909 si
853 5854 1041 5909 alieum
1074 5863 1187 5909 aut.
1232 5853 1373 5922 quod
1404 5852 1721 5922 pessimum,
1749 5854 1851 5907 fal-

1963 3263 2163 3307 aaterna
2223 3252 2477 3307 Iirmitate
2511 3252 2793 3318 stabilitis,
2851 3259 3343 3320 quantumcunque
3395 3247 3545 3317 quod

1959 3355 2203 3399 mutatur
2230 3353 2324 3398 aut
2354 3345 2735 3399 additurintra
2780 3343 2912 3398 recti
2938 3343 3073 3398 lines
3125 3343 3306 3406 sistat,
3366 3357 3549 3411 eoque

1959 3436 2227 3493 duntaxat
2257 3436 2481 3491 nomine
2502 3444 2737 3490 vestram
2765 3434 2927 3489 istam
2978 3433 3316 3489 additionem
3352 3448 3547 3503 repro-

1960 3530 2179 3593 bemus,
2224 3545 2335 3599 quo
2367 3529 2494 3599 jure
2538 3528 2594 3583 in
2630 3528 2731 3583 hoc
2753 3527 2975 3597 quidem
3039 3526 3257 3582 causari
3313 3525 3545 3594 potestis

1960 3622 2111 3691 paria
2152 3636 2256 3677 nos
2296 3622 2350 3675 in
2384 3621 2488 3676 hoc
2519 3635 2721 3691 genere
2765 3634 3009 3688 peccare,
3065 3634 3191 3673 cum
3247 3617 3545 3682 anemine,

1961 3716 2109 3787 quod
2145 3717 2370 3781 sciatur,
2410 3720 2661 3770 nostrum
2684 3713 2850 3768 fando
2881 3727 3124 3783 unquam
3171 3713 3244 3767 sit
3291 3711 3545 3768 auditum

1959 3811 2362 3883 professionem
2401 3807 2525 3862 ﬁdei
2567 3822 2687 3862 cum
2720 3806 2827 3860 ulla
2857 3805 2951 3859 tali
3001 3804 3307 3875 adjectione
3342 3804 3550 3860 recita-

1962 3914 2095 3960 tam.
2138 3903 2347 3957 Bonum
2378 3902 2545 3971 igitur
2592 3898 3034 3967 conveniensque
3060 3897 3221 3951 fuerit
3256 3906 3307 3950 te
3356 3898 3549 3951 conci-

1967 3999 2104 4053 liare
2131 4011 2323 4067 pacem
2364 3994 2733 4049 Ecclesiarum
2794 3994 3036 4054 sincero,
3077 3992 3549 4062 quemadmodum

1962 4097 2151 4162 praete
2174 4088 2307 4152 fers,
2343 4088 2527 4142 studio
2579 4096 2867 4141 conantem
2923 4101 3043 4141 eam
3083 4086 3426 4153 potissimum
3480 4102 3551 4141 eo

1962 4182 2316 4254 perveniendi
2342 4179 2487 4234 viam
2526 4179 2782 4233 insistere
2821 4195 2940 4245 quae
2977 4178 3288 4234 rectissima
3319 4178 3385 4233 ad
3421 4193 3544 4234 sco-

1963 4292 2091 4346 pum
2126 4276 2288 4330 istum
2316 4282 2419 4338 est,
2457 4288 2651 4341 nempe
2684 4282 2741 4326 ut
2775 4270 2936 4327 Italos
2969 4287 3069 4341 pro
3093 4280 3185 4325 tua
3240 4280 3295 4326 et
3326 4271 3551 4342 sapien-

1964 4370 2037 4424 tia
2062 4378 2116 4424 et
2142 4367 2470 4423 auctoritate
2518 4365 2801 4435 gratiaque
2848 4366 2987 4433 apud
3020 4364 3169 4435 ipsos
3197 4376 3419 4434 satagas
3447 4364 3547 4418 ad-

1963 4458 2165 4517 ducere
2188 4461 2255 4516 ad
2291 4459 2608 4515 scandalum
2640 4460 3030 4524 amovendum,
3087 4458 3322 4527 positum
3359 4459 3548 4527 utique

1962 4554 2031 4608 ab
2062 4553 2216 4623 ipsis,
2268 4560 2550 4621 utcunque
2586 4552 2638 4606 id
2668 4552 2869 4606 factum
2902 4565 2932 4605 a
2983 4550 3147 4605 nobis
3180 4549 3318 4605 falso
3364 4551 3551 4606 crimi-

1962 4654 2183 4701 nentur.
2229 4645 2367 4701 Nam
2430 4644 2477 4700 si
2533 4659 2702 4714 penes
2743 4660 2842 4699 nos
2892 4643 3136 4700 scandali
3167 4643 3363 4713 objecti
3416 4659 3546 4700 vere

1962 4740 2122 4808 culpa
2153 4739 2438 4803 resideret,
2474 4740 2671 4792 merito
2713 4753 2812 4791 nos
2844 4736 3163 4805 objurgares
3188 4746 3242 4791 et
3276 4737 3549 4806 patienter

1960 4832 2449 4902 reprehensionem
2483 4830 2887 4897 exciperemus,
2940 4830 3088 4899 quod
3137 4845 3329 4884 sumus
3368 4832 3549 4899 parati

1958 4923 2141 4981 facere
2171 4923 2390 4994 quoties
2423 4924 2630 4978 erimus
2662 4923 2820 4978 nobis
2890 4922 3095 4978 conscii
3134 4923 3400 4978 meruisse
3460 4940 3546 4978 re-

1958 5017 2241 5088 prehendi.
2297 5015 2353 5070 Si
2412 5030 2546 5071 vero
2580 5015 2900 5070 scandalum
2950 5014 3020 5068 ab
3066 5014 3172 5068 illis
3206 5023 3385 5069 ortum
3435 5024 3542 5080 est,

1958 5118 2177 5180 oportet
2203 5118 2277 5175 te,
2316 5124 2442 5164 cum
2476 5107 2783 5178 spiritualis
2834 5106 2911 5161 sis
2958 5116 3012 5161 et
3058 5114 3320 5160 tractator
3368 5107 3541 5175 pacis,

1957 5218 2214 5258 amovere
2249 5204 2317 5257 ab
2351 5204 2458 5259 illis
2497 5203 2687 5258 conari
2723 5201 2930 5255 crimen
2958 5208 3169 5255 temere
3197 5211 3543 5269 praesumpta;

1955 5299 2215 5354 novitatis
2251 5298 2305 5352 in
2339 5297 2725 5352 immutatione
2764 5294 3031 5367 Symboli.
3073 5314 3092 5347 ι
3129 5293 3219 5349 Sic
3242 5294 3545 5372 loqueban-

1953 5401 2044 5445 tur
2068 5390 2328 5445 Ecclesiae
2357 5405 2642 5457 proceres;
2676 5401 2730 5445 et
2788 5390 2870 5445 sic
2899 5388 3203 5458 comparati
3269 5397 3445 5452 erant,
3480 5397 3541 5443 ut

1954 5481 2339 5551 imperatorem
2376 5481 2616 5536 audituri
2654 5496 2763 5535 non
2819 5491 3022 5546 essent,
3077 5479 3344 5550 quidquid
3393 5481 3545 5534 circa

1954 5577 2069 5632 haec
2087 5576 2327 5646 jnberet,
2357 5575 2573 5631 etiamsi
2599 5574 2926 5646 gravissima
2953 5589 3184 5645 quisque
3212 5574 3541 5629 minaretur.

2028 5716 2113 5773 i2.
2145 5717 2204 5771 Ut
2234 5717 2520 5786 imperator
2540 5715 2921 5770 ecclesiasticos
2947 5716 3135 5769 urserit
3160 5715 3231 5767 ad
3262 5731 3463 5784 pacem.

2027 5850 2190 5923 374
2216 5850 2497 5908 Perstabat
2520 5850 2608 5907 ille
2633 5860 2814 5907 tamen
2848 5849 2987 5909 ﬁxus
3016 5850 3445 5907 irrcvoeabiliter
3478 5849 3541 5904 ita
