3964 6560
341 397 440 460 831

1571 407 1895 470 GEORGII
1936 406 2424 470 PACHYMERE

3518 415 3620 479 832

339 512 434 604 τὸν
455 512 625 582 μέγαν
648 511 940 587 λογοθέτην
965 519 1086 574 τότε
1109 521 1552 594 καταφερόμενον
1567 528 1664 592 τῆς
1687 523 1930 589 συνόδου,
1962 530 2012 586 Α
2038 524 2235 578 αὐτίκα
2267 525 2396 579 εὐθὺ
2434 526 2619 580 ἄπεισι
2658 521 2753 580 τοῦ
2791 521 3107 595 καλούντος,
3162 528 3258 584 καί⁵
3289 532 3420 602 πρὶν
3451 533 3625 604 ἐμφα-

353 601 445 666 Ὦς
462 607 570 659 ἀπὸ
590 610 734 678 ῥινὸς
765 610 914 664 ἕλκει
942 615 969 666 δ
997 616 1346 685 χαρτοιρύλαξ
1372 618 1470 689 τὴν
1496 617 1732 682 σύνοδον,
1757 621 1848 672 καὶ
1876 619 1928 672 τί

347 701 601 766 ποιητέον
633 701 733 755 οὐκ
759 698 897 758 οἶδα.
934 705 1124 771 υῦτως
1150 710 1624 780 ἀποκρουσθέντες
1661 711 1928 780 ὑπέστρε-

347 791 446 858 φύν
485 810 543 845 τε
574 795 708 863 πρὸς
729 796 977 864 βασιλέα,
1005 801 1096 853 καὶ
1127 800 1162 855 ἃ
1191 802 1531 874 συμϐεϐήκει
1559 805 1929 874 ἀπήγγελλον.

351 883 485 952 Περὶ
533 877 716 952 μέντοι
745 889 838 942 τοῦ
871 890 996 944 καθ’
1023 893 1189 945 αὑτὸν
1225 896 1253 946 ό
1285 896 1634 965 χαρτοφύλαξ
1671 896 1934 949 ὑποστελ-

348 971 591 1037 λνεῖλενος.
616 977 691 1040 ὡς
721 981 791 1049 μὴ
818 981 1001 1053 δοκοίη
1028 987 1392 1054 προσκρούειν
1410 988 1486 1057 τῷ
1519 988 1744 1058 βασιλεῖ,
1766 989 1936 1043 ἀπελ-

352 1065 458 1115 θὼν
489 1071 760 1135 ἠντιϐόλει
794 1076 868 1142 μὴ
920 1078 1297 1150 ἀκαταιτιὰτῳ
1345 1083 1577 1150 μηνίειν,
1621 1083 1796 1146 Αὐτὸς
1824 1083 1933 1154 γὰρ

355 1162 564 1225 ἓόεμοξ
631 1160 771 1219 εἶναι
813 1169 904 1221 καὶ
948 1170 1208 1237 όφφίκιον
1257 1173 1557 1227 ἀποθέσθαι
1607 1176 1702 1228 καὶ
1753 1178 1936 1229 πᾶσαν

361 1255 564 1316 τ’φεῑιιαι
595 1255 692 1307 τὴν
730 1259 863 1325 πρὸς
906 1261 1066 1315 αύτδν
1099 1263 1380 1331 πρόσοδον,
1408 1266 1728 1330 κοινωνικὸς
1755 1266 1814 1319 δὲ
1847 1261 1930 1318 εἶ·-

357 1362 437 1393 va:
471 1347 531 1413 τῇ
574 1347 893 1416 Ἐκκλησία,
927 1351 1032 1433 κᾷν
1058 1354 1084 1404 δ
1110 1369 1160 1405 τι
1190 1355 1410 1422 πράξοι,
1439 1355 1512 1425 μὴ
1543 1357 1933 1427 παραιτεῖσθαι

354 1436 451 1505 τὴν
485 1438 745 1507 βασιλέως
775 1443 934 1511 χάριν
967 1446 1060 1498 καὶ
1109 1448 1285 1513 τοῦτο,
1334 1450 1410 1511 ὡς
1470 1450 1544 1520 μὴ
1582 1451 1784 1522 σχίζειν
1836 1450 1936 1523 τὴν

368 1529 694 1599 Ἐκκλησίαν
723 1535 926 1605 δοκοίη.
972 1539 1032 1592 Ei
1085 1539 1127 1592 δ’
1161 1540 1274 1603 οὖν,
1307 1541 1444 1595 ἀλλὰ
1473 1543 1568 1596 καὶ
1602 1544 1682 1606 εἰς
1715 1544 1933 1612 ἐξορίαν

356 1623 690 1689 πέμπεσθαι,
745 1628 792 1678 εί
825 1627 1048 1695 θελητδν
1076 1627 1162 1702 [Ρ.
1195 1631 1328 1704 257]
1381 1632 1458 1702 τῷ
1487 1633 1804 1705 κρατοῦντι,
1839 1633 1937 1686 καὶ

354 1713 500 1767 τοῦτ’
519 1712 658 1770 εἶναι
688 1719 987 1789 πρόθυμος.
1027 1721 1084 1777 '0
1121 1726 1305 1794 μέντοι
1327 1743 1390 1794 γε
1419 1725 1672 1796 βασιλεὺς
1705 1728 1805 1801 τὴν
1833 1731 1934 1801 τῆς

354 1805 524 1876 ὀργῆς
572 1808 790 1874 ἀδοξίαν
839 1813 917 1882 τῷ
961 1814 1124 1884 δῆθεν
1177 1817 1314 1889 πρὸς
1347 1819 1512 1873 αὐτὸν
1560 1821 1938 1894 φιλανθρώπῳ

355 1898 744 1969 συγκρύπτων,
769 1904 1066 1974 ἀπέπεμπε
1096 1907 1231 1976 πρὸς
1263 1909 1332 1962 τὰ
1370 1911 1510 1964 οἴκοι
1540 1911 1709 1981 μηδὲν
1739 1913 1934 1970 εἰπών.

366 1985 427 2041 ’0
450 1988 507 2041 δὲ
557 1989 650 2043 καὶ
673 1992 755 2054 είς
782 1993 998 2064 ἐξορίαν
1047 1998 1505 2066 προητοιμὰζετο,
1533 2002 1628 2053 καὶ
1662 2000 1732 2054 τὰ
1773 2001 1941 2054 αὑτοῦ

357 2078 435 2149 τῷ
466 2085 882 2157 σκευοφυλακίῳ
933 2088 1033 2151 τῆς
1073 2089 1372 2160 ἐκκλησίας
1397 2091 1674 2152 ἀνατιθεὶς
1710 2093 1943 2163 ἱματίων

357 2174 634 2245 πενιχρῶν
664 2177 844 2247 ἑαυτῷ
869 2181 1158 2246 προύνόει,
1185 2183 1279 2234 καί
1305 2199 1368 2251 γε
1406 2184 1533 2248 τοὺς
1569 2183 1735 2248 ἰδίους
1758 2185 1944 2256 φέρων

359 2267 455 2320 καὶ
493 2269 685 2322 ἑαυτὸν
713 2271 791 2340 τῷ
827 2272 1050 2340 μεγάλῳ
1089 2274 1202 2343 ναῷ
1234 2275 1648 2331 κατεπίστευεν.
1696 2276 1787 2340 Ὠς
1812 2277 1944 2347 γοῦν

357 2358 460 2411 οὐκ
503 2361 708 2415 ἁνυστὰ
762 2362 938 2416 ἐδόκει
988 2364 1056 2416 τὰ
1094 2366 1230 2436 πρὸς
1261 2369 1470 2421 ἐκεῖνον
1518 2367 1597 2439 τῷ
1634 2368 1847 2439 βασιλεῖ
1869 2370 1945 2440 τῷ

363 2450 478 2520 ναῷ
506 2453 912 2521 προσφυγόντα,
963 2455 1188 2526 πέμψας
1223 2457 1512 2526 βασιλικὰς
1552 2461 1830 2524 συλλαϐὰς
1855 2462 1945 2512 ὲν-

365 2544 792 2614 σεσημασμένας
820 2545 898 2616 τῷ
923 2548 1142 2620 ἐρυθρῷ
1163 2550 1283 2618 μεθ’
1318 2552 1539 2624 ἀπάσης
1569 2553 1778 2606 ἐκεῖνον
1810 2569 1949 2622 μετ-

363 2634 612 2690 εκαλείτο
678 2637 867 2710 τιμῆς.
929 2641 1040 2694 Καὶ
1071 2641 1130 2704 ὃς
1161 2642 1536 2715 καθυπήκουε,
1567 2646 1665 2698 καὶ
1712 2645 1949 2712 ἐξελθὼν

365 2825 499 2880 alibi
537 2827 898 2885 recedimus.»
935 2830 1008 2886 lla
1043 2832 1245 2903 repulsi
1303 2833 1589 2890 redierunt
1615 2834 1682 2891 ad
1713 2833 1953 2907 impera-

366 2927 564 2983 torem,
597 2928 651 2976 et
705 2936 827 2990 quae
855 2923 1200 2994 contigerant
1247 2935 1566 2981 narrarunt.
1608 2927 1678 2979 At
1728 2925 1952 2992 charlo-

369 3013 570 3084 phylax
600 3017 743 3084 apud
777 3031 836 3070 se
888 3015 1247 3072 considerans
1294 3033 1402 3086 quo
1448 3027 1591 3072 statu
1631 3033 1719 3074 res
1768 3025 1954 3074 essent

366 3121 502 3172 sum,
535 3107 781 3162 contrahi
809 3107 996 3162 animo
1028 3108 1232 3178 erepit;
1269 3119 1325 3164 et
1370 3125 1441 3164 ne
1489 3118 1699 3165 temere
1734 3110 1955 3166 lacessi-

366 3203 516 3258 visse
554 3201 946 3272 imperatorem
982 3201 1226 3272 atquein
1257 3203 1376 3272 eius
1397 3202 1755 3258 offensionem
1785 3203 1953 3275 378

370 3295 521 3350 ultro
561 3294 842 3349 incurrere
895 3294 1191 3358 videretur,
1248 3309 1375 3348 eum
1432 3295 1627 3351 adiens
1671 3305 1826 3367 rogat
1885 3312 1958 3352 ne

373 3388 479 3446 sibi
509 3388 791 3444 innocenti
830 3388 1124 3443 irascatur.
1169 3386 1304 3442 Nam
1333 3404 1394 3443 se
1417 3399 1666 3458 paratum
1701 3405 1824 3445 esse
1871 3389 1957 3446 vel

375 3483 444 3538 ad
483 3481 718 3537 ofﬁcium
761 3482 1147 3544 abdicandum.
1182 3483 1714 3552 renuntiandomque
1747 3482 1960 3539 emolu-

377 3573 582 3629 mentis
627 3584 678 3628 et
721 3573 1078 3644 proventibus
1139 3588 1262 3643 qua:
1316 3572 1442 3629 inde
1507 3573 1834 3646 perciperet.
1887 3573 1959 3630 Se

375 3667 598 3738 quidc'm
631 3682 754 3722 esse
789 3668 854 3721 de
909 3667 1042 3722 cleri
1077 3681 1340 3737 corpore:
1395 3677 1576 3722 tamen
1631 3683 1959 3740 quocunque

381 3771 524 3819 statu
558 3762 653 3827 sit,
696 3777 809 3816 non
846 3775 1106 3815 recusare
1155 3759 1504 3832 imperatoris
1535 3761 1782 3841 gratiam,
1827 3761 1957 3831 quin

379 3855 562 3926 magni
595 3856 774 3910 facere
803 3869 867 3909 ac
891 3854 994 3910 sibi
1028 3853 1237 3909 ambire
1276 3854 1454 3924 ipsius
1487 3853 1744 3912 Ecclesia
1773 3870 1958 3920 causa,

380 3945 453 4002 ne
484 3946 736 4002 scindere
769 3945 942 4016 ipsam
977 3945 1152 4000 videri
1188 3954 1391 4016 posset.
1429 3946 1636 4012 Quodsi
1671 3948 1844 4018 gratia
1899 3962 1960 4003 se

381 4041 667 4111 indignum
727 4038 1027 4108 imperator
1079 4053 1178 4094 sua
1235 4037 1490 4110 judicans
1551 4038 1847 4094 amandare
1905 4038 1960 4092 in

378 4133 634 4189 exsilium
669 4131 852 4197 vellet,
887 4129 1054 4184 etiam
1093 4131 1160 4184 ad
1192 4139 1402 4184 tantum
1455 4130 1583 4185 mali
1615 4131 1961 4186 subeundum

378 4240 504 4282 sese
538 4232 849 4295 promptum
891 4223 1170 4278 exhibere.
1203 4222 1327 4278 Haec
1354 4216 1671 4292 ‘imperator
1733 4224 1964 4280 audiens

379 4318 518 4373 iram
555 4316 773 4387 penitus
797 4316 984 4370 animo
1013 4324 1334 4386 conceptam
1377 4315 1482 4371 sibi
1521 4314 1776 4370 dedecori
1811 4315 1963 4370 futu-

379 4425 524 4475 ram,
555 4409 601 4462 si
632 4407 978 4477 proderetur,
1012 4415 1190 4469 ratus,
1220 4406 1400 4461 fucata
1457 4406 1854 4462 benevolentia:
1905 4409 1962 4462 in

380 4504 621 4560 Veceum
648 4501 833 4571 specie
858 4501 1167 4562 occultans,
1193 4499 1406 4555 remisit
1429 4499 1707 4555 hominem
1739 4502 1963 4557 domum

2037 618 2285 689 νισθῆναι
2311 619 2623 690 κατέχεται,
2646 621 2739 674 καὶ
2774 621 2856 684 είς
2886 620 3138 689 φυλακὴν
3160 623 3259 692 τὴν
3289 624 3382 677 τοῦ
3424 624 3626 695 ’Δνεμᾶ

2039 707 2251 779 πύργου
2279 710 2394 772 τοῖς
2453 709 2681 776 Κελτοῖς
2711 711 3133 783 σωματοφύλαξι
3175 710 3400 770 δίδοται.
3439 717 3500 769 Ὀ
3523 718 3625 784 μὲν

2038 802 2098 854 ὲν
2129 801 2343 866 τούτοις
2381 797 2450 872 ἦν

2044 958 2124 1014 ιδ’.
2164 960 2239 1015 Τὰ
2264 962 2399 1032 περὶ
2440 963 2550 1038 τοῦ
2577 967 2760 1038 τόμον
2801 965 2874 1021 δν
2931 967 3263 1024 ἀπέστειλε
3315 969 3471 1038 πρὸς
3516 969 3628 1038 τὴν

2445 1035 2815 1102 Ἐκκλησίαν
2845 1041 2880 1092 ὁ
2917 1039 3242 1107 βασιλεύς.

2124 1171 2185 1224 Ὀ
2216 1172 2272 1226 δὲ
2306 1172 2566 1244 βασιλεὺς
2595 1177 2709 1239 τοῖς
2734 1177 2864 1248 περὶ
2894 1177 3057 1231 αὐτὸν
3099 1178 3302 1247 λογίοις
3346 1178 3629 1250 χρησάμε-

1970 1320 1972 1323 ,
2041 1281 2154 1329 νος,
2179 1257 2254 1319 ὧν
2292 1268 2503 1337 πρῶτοι
2539 1269 2632 1322 καὶ
2657 1270 2948 1339 κράτιστοι
2980 1271 3008 1322 ὁ
3063 1271 3445 1342 ἀρχιδιάκονος
3474 1273 3566 1325 καὶ
3600 1273 3628 1324 δ

2042 1359 2600 1431 πρωταποστολάριος
2635 1357 2799 1432 ἦσαν,
2861 1363 3145 1435 συντίθησι
3194 1365 3364 1434 τόμον
3399 1368 3496 1418 καὶ
3527 1365 3631 1417 ἀπὸ

2041 1451 2318 1520 διαφόρων
2359 1453 2615 1521 ἱστοριῶν
2643 1471 2701 1507 τε
2733 1454 2829 1506 καὶ
2861 1456 3120 1526 χρήσεων
3165 1457 3535 1510 ἀκαταιτίατα
3567 1459 3635 1511 τὰ

2045 1544 2185 1596 κατὰ
2211 1544 2340 1608 τοὺς
2373 1545 2616 1608 Ἰταλοὺς
2669 1547 2936 1619 παριστᾷ,
2995 1549 3091 1602 καὶ
3124 1550 3346 1619 πέμψας
3373 1550 3513 1620 πρὸς
3547 1551 3634 1603 τὸν

2043 1636 2393 1707 πατριάρχην
2426 1636 2518 1689 τὸν
2561 1637 2862 1692 Ἀκαπνιου
2891 1638 3217 1707 ,Ἀρσένιον,
3265 1639 3440 1709 ἄνδρα
3470 1657 3635 1710 γεραο

2048 1727 2140 1796 ρδν
2178 1725 2274 1794 μὲν
2303 1725 2397 1779 καὶ
2429 1725 2636 1796 τίμιον,
2684 1726 2755 1780 τὰ
2791 1727 2848 1780 δέ
2873 1744 2937 1796 γε
2985 1729 3108 1781 κατ’
3141 1730 3327 1782 ἐκεῖνα
3361 1732 3430 1783 τὰ
3462 1731 3638 1798 πράγ-

2049 1836 2196 1888 ματα
2225 1820 2313 1873 ἐπ’
2339 1821 2688 1890 ἀμφοτέραις
2722 1820 3037 1892 χωλεύοντα
3057 1825 3179 1886 ταῖς
3215 1823 3452 1892 ἰγνύαις,
3481 1825 3638 1889 area.

2047 1911 2172 1964 σθαι
2206 1911 2403 1982 μηνύει
2427 1912 2583 1966 τόνδε
2613 1913 2706 1966 τὸν
2737 1914 2909 1983 τόμον
2942 1915 3038 1968 καὶ
3081 1916 3264 1969 κοινὸν
3300 1916 3442 1988 πρὸς
3465 1918 3638 1971 ταῦτα

2045 2003 2135 2057 τὸν
2164 2003 2432 2071 ἀπόλογον
2467 2003 2776 2075 σχεδιάσαι,
2810 2005 2950 2076 πλὴν
2982 2006 3040 2072 ἐξ
3089 2007 3348 2077 ἱστοριῶν
3377 2008 3472 2059 καὶ
3505 2025 3641 2079 γρα-

2047 2095 2222 2166 φικῶν
2249 2097 2523 2166 χρήσεων.
2557 2116 2574 2148 ι
2613 2097 2686 2150 Τὸ
2713 2098 2822 2169 γὰρ
2851 2099 2961 2153 ἀπὸ
2991 2081 3200 2161 κοέλίας
3235 2101 3440 2167 φωνεῖν
3475 2101 3642 2153 ἀσθε-

2045 2188 2135 2251 νὲς
2163 2190 2261 2256 μὲν
2295 2189 2470 2252 ἄλλως
2501 2191 2600 2244 καὶ
2626 2191 2860 2260 μάταιον
2888 2210 2902 2223 ·
2939 2191 3083 2263 πλὴν
3111 2191 3156 2245 δ’
3189 2192 3304 2246 ἀλλ’
3339 2192 3452 2245 οὐδ’
3479 2193 3644 2256 αὐτὸς

2045 2279 2290 2350 δέξομαι.
2332 2299 2350 2333 ι
2383 2273 2644 2347 ’Ἐκεῖνος
2679 2284 2778 2354 μὲν
2802 2283 2945 2338 οὕτω
2966 2284 3160 2350 ταῦτα,
3189 2280 3412 2356 θαρρῶν
3443 2285 3522 2347 ὡς
3545 2286 3646 2338 οὐκ

2047 2370 2385 2426 ἀποδύσεταῒ
2425 2389 2510 2436 τις
2557 2373 2690 2444 πρὸς
2717 2375 2785 2428 τὰ
2821 2375 3108 2446 γραφέντα
3134 2393 3148 2408 ο
3176 2375 3268 2428 τὸν
3299 2377 3412 2446 γὰρ
3440 2392 3644 2446 χαρτο-

2048 2463 2269 2532 φύλακα
2303 2465 2362 2518 ὲν
2397 2465 2736 2533 ἀφυλάκτοις
2765 2463 2934 2540 εἶχεν,
2967 2469 3024 2520 ὲν
3056 2460 3100 2536 ᾧ
3131 2467 3383 2521 σαλεύειν
3420 2464 3535 2538 εἶχε
3569 2468 3637 2520 τὰ

2009 2574 2020 2583 ·
2052 2555 2255 2617 πάντα,
2284 2557 2534 2628 νικήσειν
2564 2558 2628 2610 ὲκ
2651 2558 2828 2627 λόγων
2848 2559 3007 2632 ᾤετο.
3053 2560 3197 2614 Ἀλλ’
3228 2563 3254 2614 ὁ
3280 2560 3639 2631 πατριάρχης

2052 2650 2152 2703 σὺν
2189 2652 2256 2719 τῆ
2293 2649 2498 2722 συνόδῳ
2530 2653 2662 2724 περὶ
2691 2653 2786 2707 τοῦ
2812 2654 2980 2722 τόμου
3006 2653 3461 2726 διασκεψάμενοι,
3493 2653 3644 2724 πέμ-

2051 2831 2143 2887 M.
2180 2830 2256 2886 De
2283 2832 2482 2903 scripto
2513 2832 2654 2903 quod
2702 2831 2848 2886 misit
2877 2832 2946 2885 ad
2995 2830 3290 2886 Ecclesium
3331 2833 3640 2901 imperator.

2122 2925 2192 2978 At
2213 2924 2506 2993 imperator
2526 2923 2838 2979 eruditione
2859 2939 2992 2978 usus
3009 2925 3300 2980 doctorum
3327 2924 3638 2991 hominum,

2053 3034 2192 3089 quos
2223 3017 2371 3072 circa
2405 3032 2464 3072 se
2494 3027 2749 3073 auctores
2796 3017 3183 3088 adjutoresqne
3241 3019 3403 3088 hujus
3438 3021 3642 3088 negotii

2051 3111 2312 3184 habebat,
2345 3126 2579 3180 quorum
2611 3111 2770 3180 primi
2806 3112 3276 3183 valentissimique
3310 3124 3466 3168 erant
3495 3118 3644 3184 prius

1981 3245 2026 3302 α
2063 3204 2352 3260 memorati
2379 3203 2806 3260 archidiaconus
2852 3213 2910 3258 et
2964 3206 3472 3276 protapostolarius.
3506 3207 3644 3263 scri-

2061 3305 2214 3368 ptum
2253 3296 2561 3366 composuit
2593 3311 2662 3351 ex
2693 3295 2861 3350 variis
2913 3306 3229 3351 contextum
3292 3298 3537 3353 historiis
3591 3306 3646 3354 et

2062 3388 2419 3455 testimoniis,
2470 3389 2673 3459 quibus
2726 3387 3104 3443 demonstrare
3150 3390 3453 3445 conabatur
3484 3391 3648 3462 379

2060 3481 2267 3537 nullam
2295 3481 2477 3536 inesse
2508 3480 2719 3535 Latinis
2752 3481 3026 3536 haereseos
3053 3480 3250 3536 labem.
3293 3479 3407 3536 Hoc
3441 3482 3644 3538 deferri

2061 3591 2092 3632 a
2137 3592 2196 3632 se
2248 3576 2460 3632 curavit
2513 3575 2583 3630 ad
2637 3575 3004 3644 patriarcbam
3061 3590 3225 3629 manu
3283 3575 3504 3631 Arseuii
3548 3575 3645 3631 ﬁlii

2061 3669 2315 3740 Acapnii,
2347 3668 2448 3724 viri
2500 3668 2684 3737 gravis
2735 3677 2790 3722 et
2839 3667 3115 3734 honorati,
3162 3667 3256 3722 sed
3312 3669 3459 3724 circa
3512 3670 3646 3726 istas

2062 3759 2471 3815 controversias
2529 3760 2584 3812 in
2644 3767 2955 3828 utramque,
3019 3759 3163 3828 quod
3219 3759 3397 3824 aiunt,
3455 3760 3643 3817 tibiam

2063 3851 2442 3908 claudicantis.
2481 3851 2580 3908 ilic
2629 3852 2953 3922 patriarcha:
2996 3853 3247 3906 volumen
3283 3852 3523 3908 reddens
3548 3853 3644 3908 ad-

2065 3945 2200 4000 didit
2250 3945 2510 3999 mandare
2554 3944 2936 4014 imperatorem
2993 3953 3051 3998 ut
3113 3943 3251 4018 illud
3294 3945 3454 4016 legat,
3495 3955 3551 4001 et
3597 3947 3640 4002 si

2065 4039 2198 4111 quid
2229 4039 2428 4094 deinde
2465 4038 2694 4093 haberet
2743 4038 2886 4108 quod
2942 4037 3030 4092 his
3077 4018 3377 4108 opponeret
3424 4038 3493 4093 ad
3535 4053 3642 4094 suae

2068 4133 2356 4190 sententia:
2417 4132 2816 4198 defensionem,
2880 4131 3158 4187 contrario
3207 4132 3260 4186 id
3312 4131 3641 4202 apologetico

2069 4227 2274 4298 scripto
2303 4226 2784 4298 complecteretur.
2833 4225 3105 4280 Creterum
3140 4224 3352 4281 videret
3391 4233 3448 4280 ut
3491 4227 3546 4280 in
3579 4240 3641 4280 eo

2070 4322 2207 4378 nihil
2241 4321 2502 4393 allegaret
2535 4320 2638 4375 nisi
2672 4336 2736 4374 ex
2779 4320 3022 4390 probatis
3052 4329 3109 4374 et
3159 4318 3282 4374 ﬁdei
3320 4335 3429 4374 non
3470 4318 3641 4375 dubiae

2068 4414 2316 4469 historiis
2345 4413 2748 4481 sententiisque
2779 4413 3103 4466 idoneorum
3149 4420 3475 4466 auctorum:
3523 4425 3639 4464 nam

2073 4505 2398 4560 auctoritate
2452 4506 2673 4575 propria
2715 4514 2772 4560 et
2807 4504 2961 4574 quasi
3005 4505 3339 4576 Pythonissae
3379 4506 3550 4560 instar
3580 4519 3643 4560 ex

380 4600 534 4656 nullo
567 4600 736 4654 verbo
775 4596 981 4652 addito.
1019 4599 1088 4650 At
1113 4596 1204 4650 ille
1247 4595 1303 4649 in
1338 4594 1591 4650 exsilium
1633 4611 1693 4652 se
1738 4612 1964 4668 compa-
2000 4603 2044 4658 υ
2072 4580 2262 4653 ventre
2295 4598 2439 4668 loqui
2474 4598 2750 4652 inﬁrmum
2781 4596 2846 4652 ad
2880 4595 3040 4651 ﬁdem
3071 4605 3126 4650 et
3170 4611 3374 4651 vanum
3416 4596 3563 4664 fore;
3593 4607 3644 4652 et

383 4695 556 4748 rahat.
601 4691 664 4745 Et
696 4706 792 4746 sua
829 4689 1083 4744 familiari
1117 4688 1482 4759 supellectile,
1523 4700 1753 4760 excepto
1800 4705 1965 4760 quem

384 4787 514 4841 inde
549 4784 652 4838 sibi
693 4783 762 4838 ad
799 4791 1122 4853 praesentem
1163 4779 1405 4850 providit
1432 4795 1592 4835 usum
1644 4781 1968 4852 paupertino

383 4880 609 4941 vestitu,
633 4879 688 4932 in
718 4876 1000 4947 apothecis
1025 4875 1271 4931 ecclesiae
1292 4874 1560 4945 deposita,
1584 4874 1702 4945 ipse
1726 4876 1968 4931 obsoleta

387 4983 538 5028 veste
567 4987 690 5026 cum
723 4972 837 5026 suis
872 4971 1028 5042 asylo
1074 4970 1256 5039 magni
1309 4968 1493 5039 templi
1549 4983 1608 5023 se
1663 4969 1964 5025 commisit.

386 5067 510 5132 Quo
567 5065 865 5134 imperator
922 5071 1225 5134 comperto,
1287 5063 1428 5118 haud
1491 5077 1550 5118 se
1602 5061 1714 5129 jam
1777 5063 1972 5118 videns

387 5157 651 5228 perﬁcere
689 5172 847 5226 posse
886 5171 1007 5226 qua:
1038 5155 1315 5226 cogitabat
1370 5166 1594 5225 propter
1652 5153 1970 5225 religionem

388 5250 497 5305 loci
553 5249 695 5304 sacri
747 5264 856 5320 quo
911 5249 1125 5305 V‘eccus
1163 5249 1504 5318 confugerat,
1559 5247 1745 5303 missis
1806 5248 1973 5317 regiis

388 5342 589 5398 litteris
613 5341 826 5395 rubrica
861 5341 1183 5412 insignibus,
1211 5340 1359 5396 omni
1388 5356 1512 5394 eum
1545 5340 1768 5395 honoris
1804 5341 1976 5410 signi-

393 5432 650 5487 ﬁcatione
702 5433 769 5486 ad
825 5448 884 5486 sc
932 5432 1168 5486 vocavit.
1219 5431 1330 5486 Nec
1387 5431 1476 5486 ille
1530 5431 1830 5495 recusavit,
1878 5431 1976 5486 sed

391 5525 576 5580 statim
613 5524 804 5579 exiens
853 5524 919 5579 ad
954 5531 1240 5579 vocantem
1273 5532 1424 5577 recta
1457 5521 1741 5592 pergebat.
1771 5521 1973 5578 Verum

393 5617 716 5689 priusquam
774 5616 1181 5680 admitteretur,
1237 5614 1670 5684 comprehensus
1716 5623 1884 5669 estet
1918 5615 1974 5670 i-n

396 5725 675 5767 carcerem
713 5711 880 5766 turris
909 5712 1132 5765 Anerme
1161 5709 1477 5773 conclusus,
1517 5707 1686 5763 Celtis
1725 5707 1977 5763 satelliti-

402 5817 506 5858 ons
567 5801 960 5860 custodiendus
1019 5800 1272 5857 traditur.
1313 5801 1380 5856 Et
1411 5798 1502 5855 hic
1557 5798 1776 5871 quidem
1809 5798 1864 5854 in
1890 5799 1979 5855 his

394 5904 532 5951 erat.

2071 4689 2273 4744 diserte
2295 4689 2406 4759 jam
2449 4704 2600 4745 nunc
2656 4687 2902 4758 profiteri
2961 4692 3260 4760 Augustum
3295 4704 3376 4754 se,
3427 4688 3474 4743 si
3523 4688 3643 4759 quid

2072 4777 2181 4835 tale
2207 4779 2495 4844 oﬁcratur,
2530 4779 2673 4833 haud
2701 4787 3078 4848 accepturum.
3109 4778 3235 4834 Haec
3265 4779 3337 4833 ita
3364 4779 3646 4834 mandabat

2073 4871 2379 4942 imperator
2427 4885 2760 4942 magnopere
2809 4869 2981 4924 fretus
3037 4870 3261 4934 invicta,
3301 4877 3361 4924 ut
3410 4871 3642 4938 putabat.

2075 4965 2351 5020 soliditate
2406 4963 2628 5034 scripti;
2673 4978 2776 5018 nec
2800 4971 3002 5034 putans
3042 4963 3160 5018 fore
3191 4979 3433 5033 unquam
3470 4974 3526 5018 nt
3558 4963 3648 5018 ali-

2074 5058 2205 5129 quid
2226 5056 2593 5129 plausibiliter
2622 5056 2798 5126 excipi
2825 5065 3015 5112 contra
3038 5056 3167 5111 illud
3193 5066 3397 5127 posset,
3422 5057 3649 5113 maxime

2075 5167 2202 5206 cum
2236 5165 2469 5206 securus
2513 5151 2627 5221 jam
2682 5157 2831 5204 esset
2872 5165 2900 5203 a
2951 5149 3393 5220 chartophylace,
3448 5151 3502 5205 in
3550 5165 3651 5221 quo

2077 5249 2266 5316 urique
2305 5244 2476 5315 partis
2516 5241 2804 5300 contraria:
2838 5257 2963 5312 Spes
2997 5242 3251 5296 universa
3292 5243 3573 5312 penderet,
3603 5252 3652 5299 et

2076 5352 2106 5391 a
2158 5351 2267 5406 quo
2315 5335 2570 5390 videlicet
2623 5350 2736 5389 uno
2793 5334 2913 5404 jure
2961 5333 3142 5388 timeri
3191 5332 3405 5402 aliquid
3453 5333 3507 5388 in
3557 5335 3650 5388 hoc

2080 5441 2281 5497 genere
2315 5425 2558 5497 potuisse
2591 5426 2893 5481 videbatur.
2946 5425 3136 5492 itaque
3183 5423 3285 5478 sibi
3337 5433 3495 5478 certo
3536 5440 3653 5502 per-

2080 5528 2329 5574 suaserat
2361 5533 2422 5573 se
2452 5518 2760 5572 rationibus
2797 5526 2853 5571 et
2882 5514 3300 5570 auctoritatibus
3330 5514 3423 5570 illo
3459 5503 3650 5584 scripto

2082 5613 2328 5682 allegatis
2359 5611 2518 5680 plane
2551 5624 2776 5664 cau5am
2806 5608 3136 5664 evicturum.
3180 5605 3502 5663 Patriarcha
3531 5621 3652 5661 vero

2081 5705 2312 5761 consilio
2347 5705 2533 5759 habito
2589 5717 2714 5757 cum
2756 5701 2964 5773 synodo
3007 5701 3074 5754 de
3123 5715 3190 5754 eo
3239 5699 3380 5769 quod
3416 5699 3558 5752 circa
3606 5697 3651 5752 id

2083 5797 2344 5866 scriptum
2377 5795 2462 5867 agi
2503 5803 2802 5866 Oporteret,
2838 5790 3251 5862 congregandos
3300 5791 3516 5860 putavit
3565 5804 3650 5844 eos

2083 5905 2220 5960 quos
2274 5901 2495 5944 suarum
2555 5899 2676 5943 esse
2727 5885 2967 5957 partium
3027 5882 3308 5939 credebat.
3370 5881 3535 5937 Erant
3605 5879 3649 5933 lii
