3964 6512
279 365 379 429 833

1224 361 1323 422 DE
1358 361 1754 423 MICHAELE
1796 361 2260 424 PAL/EOLOGO
2302 364 2448 425 LIB.
2486 338 2599 426 νζ

3426 361 3533 430 834

275 483 467 551 ψαντες
526 478 761 546 συνῆγον
817 440 947 540 τοὺς
1008 475 1124 546 μετ’
1157 478 1318 531 αὐτὸν
1362 472 1504 530 εἶναι
1531 476 1845 541 δοκοῦντας,
1879 485 1922 540 Α
1953 475 2078 540 λεὺς
2114 476 2406 548 δεξάμενος
2442 477 2533 530 τον
2570 476 2841 547 ἀπόλογον
2897 476 2992 532 καὶ
3027 477 3276 549 ἀκριϐῶς
3307 478 3538 534 διελθὼν

275 568 445 625 Ἦσαν
470 564 563 623 οὖν
603 571 696 622 καὶ
730 570 855 622 ὅσον
899 568 961 621 τὸ
1011 570 1111 639 τῆς
1174 569 1506 639 Ἐκκλησίας
1566 568 1844 639 ἔκκριτον.

275 660 446 717 Ἦσαν
474 662 529 715 δὲ
562 664 659 715 καὶ⁵
684 663 732 714 οἱ
767 664 898 731 περὶ
924 660 1017 713 τὸν
1067 660 1570 732 Τερνικικόπουλον
1614 659 1850 713 Ἰωαννί-

276 774 410 818 κιον,
448 754 759 824 σχιζόμενοι
820 753 920 821 μὲν
974 751 1069 805 τοῦ
1108 751 1455 822 πατριάρχου
1508 747 1846 819 περιφανῶς,

274 851 415 918 ὅμως
447 847 504 900 δὲ
529 848 627 915 τῆς
659 845 845 916 χρείας
869 844 1143 910 καλούσης
1169 843 1253 917 [Ρ.
1283 843 1413 915 258]
1438 844 1506 896 τὰ
1528 844 1627 912 τῆς
1654 858 1848 912 μικρο-

274 940 460 1011 ψυχίας
484 938 699 1004 ἐκείνης
719 936 903 1007 χώραν
923 936 1022 989 οὐκ
1044 929 1212 1006 εἶχον.
1236 937 1342 989 Σὺν
1358 935 1569 998 τούτοις
1585 935 1641 987 δὲ
1664 934 1849 1004 παρῆν

276 1034 364 1085 καὶ
413 1034 444 1101 ἡ
494 1029 589 1082 τοῦ
640 1029 907 1098 βασιλέως
963 1030 1273 1098 αὺταδὲλφη
1314 1029 1573 1095 Εὐλογία,
1616 1027 1710 1080 καὶ
1739 1026 1848 1077 πᾶν

276 1126 390 1178 ὅσον
419 1118 486 1193 ἦν
514 1121 636 1191 μετ’
655 1122 837 1183 αὐτοῖς
866 1124 921 1173 ὲν
955 1125 1215 1191 μοναχοῖς
1242 1122 1340 1174 κα)⁸
1370 1121 1571 1189 λογίοις
1602 1118 1852 1183 ἐξεταζό-

281 1234 453 1289 μενον.
487 1210 579 1277 Οἷς
616 1214 816 1276 σκοπὸς
849 1209 929 1277 εἷς
955 1210 1022 1285 ἦν
1070 1215 1206 1286 πρὸς
1242 1213 1332 1265 τὸν
1358 1213 1524 1281 τόμον
1559 1211 1851 1278 ἀπολογεί-

280 1311 395 1363 σθαι
420 1308 495 1377 τῷ
524 1307 762 1378 βασιλεῖ.
795 1308 904 1360 Καὶ
932 1307 995 1375 δὴ
1026 1304 1431 1372 ἀνεγινώσκετο
1471 1304 1570 1375 μὲν
1603 1305 1631 1356 ό
1660 1303 1849 1371 τόμος,

279 1399 426 1460 ἄλλος
455 1398 500 1452 δ’
530 1398 661 1452 ἄλλο
692 1414 745 1449 τι
772 1397 909 1466 πρὸς
934 1397 994 1449 τὸ
1017 1395 1305 1467 παρεστὼς
1333 1397 1446 1457 τοῖς
1464 1392 1851 1464 προκειμένοις

278 1494 576 1558 ἀντέλεγεν.
622 1492 775 1546 Ἐπεὶ
798 1492 852 1544 δὲ
878 1491 973 1543 καὶ
999 1490 1158 1562 χρεία
1184 1486 1251 1560 ἦν
1276 1486 1701 1559 συμφρασθῆναι
1722 1487 1849 1548 τοὺς

280 1586 466 1654 λόγους
502 1585 597 1639 καὶ
659 1586 738 1645 εἰς
770 1584 866 1636 ἕνα
914 1582 1340 1653 συντεθήσεσοαι
1375 1582 1563 1651 τόμον,
1598 1579 1694 1631 καὶ
1720 1577 1848 1646 ἐζη-

277 1682 415 1733 τεῖτο
446 1678 474 1731 ό
505 1677 936 1749 συνθησόμενος,
1003 1676 1292 1744 ἀνεδέχετο
1345 1674 1446 1744 μὲν
1505 1674 1568 1725 τὸ
1621 1671 1780 1742 ἔργον
1821 1670 1849 1723 ὁ

290 1772 515 1842 ἰασίτης
582 1771 727 1834 Ἰὼῦ,
785 1768 902 1838 εἶχε
956 1769 1012 1821 δὲ
1044 1771 1137 1821 καὶ
1166 1768 1357 1829 ἄλλους
1398 1765 1721 1834 καὶμᾶλλον
1757 1763 1848 1817 τὸν

1955 571 2081 623 ἐπεὶ
2111 570 2255 638 ἔγνω
2287 570 2468 639 πολλῷ
2496 569 2852 639 λελειμμένος
2878 573 2990 634 τοῖς
3024 571 3225 638 λόγοις,
3264 572 3356 624 καὶ
3376 572 3538 643 εἴπερ

1952 661 2343 730 ὲμφανισθείη,
2397 661 2575 725 αἴτιος
2612 662 2881 732 αἰσχύνης
2918 659 3096 733 ἑαυτῷ
3144 664 3536 731 γενησόμενος,

1950 752 2031 822 τῷ
2061 753 2237 807 δοκεῖν
2284 752 2391 805 ὑπὸ
2422 754 2875 825 περιφρονήσεως
2924 756 3019 808 καὶ
3048 756 3108 807 ού
3140 755 3282 807 κατὰ
3305 755 3536 820 δειλίαν,

1952 843 2027 907 ὡς
2052 840 2121 916 ἦν
2154 845 2374 915 ἀληθὲς,
2415 847 2731 917 ίπεριορᾷν,
2782 846 3150 916 ὑπερηφάνει,
3181 849 3275 900 καὶ
3310 847 3542 900 ἀνεϐάλ-

1953 937 2077 990 λετο
2108 938 2206 1008 τὴν
2238 939 2569 1008 ἀνάγνωσιν.

1957 1091 2036 1150 ιε’.
2093 1095 2296 1161 Ὅπως
2350 1099 2384 1150 ό
2426 1097 2652 1167 Βέκκος
2705 1099 2792 1162 εἰς
2853 1097 3142 1166 φυλακὴν
3178 1096 3538 1167 ,δίῃ-μένος,

2263 1167 2419 1235 ὅμως
2445 1165 2807 1237 ,βιαζόμενος
2860 1165 2894 1220 ὁ(
2906 1172 3224 1221 ατετίθετο.

2026 1300 2216 1363 Οὕτως
2247 1299 2340 1357 οὖν
2378 1305 2812 1371 ὲκκρουσθέντες
2869 1306 2920 1357 οἱ
2970 1305 3098 1375 περὶ
3162 1305 3254 1358 τὸν
3312 1304 3544 1375 βασιλέα

1952 1396 2053 1467 τῆς
2114 1400 2481 1469 ἐγχειρήσεως
2544 1399 2721 1463 ἄλλως
2794 1399 3041 1469 ἔγνωσαν
3121 1399 3376 1452 ὑπελθεῖν
3451 1399 3542 1453 τὸν

1955 1490 2158 1545 Βέκκον
2238 1492 2296 1545 ὲν
2355 1491 2641 1559 φυλακαῖς.
2721 1492 2975 1563 Τεμάχια
3025 1492 3135 1563 γάρ
3206 1496 3270 1545 ἐκ
3343 1492 3544 1562 βίϐλων

1955 1583 2304 1652 συλλέγοντες
2362 1584 2547 1656 ἱερῶν,
2580 1586 2726 1650 ιὲπεὶ
2785 1586 2879 1638 καὶ
2925 1585 3091 1655 λογίῳ
3133 1575 3549 1638 ἕντικαθίσταν-

1952 1692 2014 1729 το
2071 1675 2179 1728 καῖ
2229 1676 2408 1756 λόγοις
2466 1672 2535 1746 ἧν
2587 1676 2801 1747 ἀνάγκη
2865 1677 3110 1735 πείθειν,
3159 1676 3351 1745 λόγους
3415 1677 3549 1743 γοῦν

1952 1766 2170 1833 ἁγίων,
2232 1767 2347 1819 ὅσοι
2411 1766 2504 1820 καὶ
2562 1767 2702 1837 ὑπὲρ
2781 1766 3000 1819 Ἰταλῶν
3074 1766 3293 1820 ἐδόκουν
3365 1763 3545 1832 εἶναι,

277 1840 593 1933 συγγραφέα
617 1862 728 1914 τῶν
751 1862 1007 1913 τοιούτων
1030 1860 1055 1911 ὲ
1066 1859 1134 1929 μὲ
1163 1857 1272 1910 τῶν
1300 1857 1520 1910 ἐννοιῶν
1545 1854 1850 1925 συλλήπτο-
1885 1840 1925 1894 Β
1956 1859 2277 1931 προῦτεινον
2307 1860 2502 1931 ἐκείνῳ
2527 1864 2667 1912 κατὰ
2695 1860 2944 1928 φυλακὴν
3000 1859 3314 1931 καθημένῳ.
3384 1862 3444 1912 '0
3490 1860 3547 1912 δὲ

278 1972 391 2025 ρας.
428 1955 534 2007 Καὶ
574 1955 696 2023 μετ’
723 1953 782 2005 ού
840 1954 978 2006 πολὺ
1013 1954 1042 2005 ό
1094 1952 1263 2022 τόμος
1320 1950 1668 2020 ἐξείργαστο,
1700 1946 1757 1999 ὃν
1788 1946 1853 2015 δὴ

276 2054 361 2102 καὶ
385 2049 580 2112 κοινῶς
607 2046 1034 2115 ἀναγνωσθέντα
1065 2045 1230 2099 πάλιν
1264 2046 1378 2106 τοῖς
1413 2044 1578 2108 ὅλοις,
1610 2040 1705 2093 καὶ
1728 2042 1852 2093 ὅσον

274 2138 336 2213 ἦν
375 2144 505 2215 πρὸς
536 2142 599 2193 τὸ
651 2140 1056 2212 εὐσχημότερον
1114 2138 1591 2209 μεταπλασθέντα,
1643 2138 1719 2201 ὡς
1778 2136 1855 2207 μὴ

278 2236 466 2306 λυποίη
492 2234 839 2305 σκληρῶςρέν
874 2249 1016 2304 τισιν
1047 2232 1186 2302 ἔχων
1224 2232 1314 2285 τὸν
1346 2232 1579 2295 ἄνακτα,
1618 2230 1736 2297 μετ’
1757 2231 1854 2282 αύ-

276 2328 363 2381 τοῦ
393 2328 456 2398 δὴ
477 2326 571 2379 τοῦ
618 2326 896 2397 Ἀρσενίου
930 2324 1263 2393 πέμπουσιν.
1306 2322 1367 2376 ’0
1392 2324 1579 2389 μέντοι
1612 2339 1673 2391 γε
1703 2321 1858 2391 βασι-

278 2512 551 2566 lectissimi
599 2512 804 2581 quique
853 2525 918 2565 ac
963 2507 1063 2563 llos
1105 2507 1377 2562 delibatus
1408 2505 1690 2561 Ecclesiaa.
1739 2504 1857 2561 Nec

282 2608 447 2661 abfuit
486 2610 554 2663 ab
607 2625 677 2662 eo
732 2620 963 2662 numero
1030 2602 1484 2671 Ternicicopolus
1535 2600 1859 2656 Joannicius

284 2715 399 2751 cum
462 2699 600 2763 suis,
663 2708 941 2766 utcunque
990 2694 1071 2748 illi
1124 2694 1302 2764 palam
1355 2708 1413 2746 se
1462 2708 1490 2745 a
1550 2693 1859 2761 patriarcha

282 2800 680 2860 separaverant.
712 2788 918 2843 Tamen
950 2802 1100 2840 nunc
1139 2784 1417 2839 communi
1473 2783 1709 2838 utilitate
1767 2798 1862 2837 vo—

284 2894 432 2937 caute
458 2883 701 2938 minutas
732 2882 855 2937 illas
904 2879 1235 2934 offensiones
1280 2879 1611 2939 animorum,
1666 2890 1861 2931 causas

284 2979 395 3044 ejus
449 2976 768 3040 simultatis,
823 2978 1166 3044 Se-poncndas
1200 2973 1462 3041 tantisper
1505 2979 1857 3039 putaverunt.

286 3070 413 3121 Cum
454 3069 540 3123 his
562 3067 742 3121 adluit
765 3076 818 3121 et
848 3081 1004 3122 soror
1036 3063 1381 3134 imperatoris
1412 3060 1656 3132 Eulogia,
1678 3061 1863 3114 simul-

288 3178 388 3232 que
447 3161 717 3231 quidquid
767 3161 822 3215 in
873 3158 1157 3212 monachis
1213 3165 1267 3210 et
1316 3155 1548 3209 aliorum
1606 3154 1857 3207 ordinum

287 3256 448 3309 doctis
474 3255 817 3323 laudatisque
861 3250 1180 3306 hominibus
1227 3248 1488 3303 eximium
1524 3255 1579 3300 et
1606 3255 1862 3315 spectatae

287 3350 544 3403 claritatis
578 3349 705 3402 fuit.
747 3347 912 3417 380
956 3344 1169 3400 (Horum
1206 3359 1349 3399 unus
1391 3353 1508 3398 erat
1545 3343 1778 3405 animus,
1809 3350 1864 3395 et

289 3442 609 3511 consltirans
641 3442 694 3495 in
746 3441 798 3494 id
847 3439 1010 3494 ardor
1058 3437 1432 3499 incumbebat,
1487 3446 1548 3491 ut
1598 3438 1862 3506 scriptum

290 3539 706 3588 coneinnaretur
746 3531 1014 3586 volumini
1045 3531 1113 3586 ab
1149 3531 1476 3599 imperatore
1516 3528 1684 3583 misso
1730 3544 1862 3584 con-

290 3628 527 3681 trarium.
559 3626 643 3682 Ad
675 3640 795 3679 eam
852 3640 968 3678 rem
1012 3626 1186 3677 visum
1221 3633 1592 3693 Opportunum
1630 3637 1704 3676 re.
1726 3622 1862 3677 itare

291 3721 497 3774 l'llllCliS
527 3719 879 3773 audientibus
922 3716 1334 3785 imperatoriam
1397 3715 1763 3786 scripturam;
1810 3725 1865 3771 et

292 3823 343 3867 ut
370 3816 732 3882 quodcunque
765 3829 831 3865 ex
884 3811 976 3864 illa
1032 3818 1196 3879 caput
1234 3810 1480 3863 auditum
1534 3818 1701 3873 esset,
1734 3826 1864 3864 cott-

292 3910 432 3962 t‘nuo
484 3922 760 3977 quemque
823 3903 1071 3974 proferre
1133 3918 1251 3972 quae
1312 3901 1450 3956 forte
1509 3911 1865 3957 occurrerent

292 4002 485 4055 utiliter
513 4004 566 4054 in
608 3998 942 4054 contrarium
975 3997 1280 4066 alleganda.
1323 3995 1611 4066 Ncgot'um
1663 3996 1864 4050 deinde

291 4094 572 4165 colligendi
630 4100 828 4148 cunt-ta
878 4100 932 4145 et
987 4091 1041 4143 in
1094 4105 1264 4144 unum
1313 4089 1530 4142 diversa
1581 4088 1863 4159 digerendi

291 4186 615 4256 suscepilad
660 4184 712 4239 id
762 4184 1006 4238 delectus
1063 4183 1252 4238 lasites
1304 4182 1443 4249 Job;
1494 4183 1588 4251 qui
1628 4194 1684 4238 et
1729 4184 1865 4238 alios

294 4276 474 4332 habuit.
529 4278 810 4348 adjutores
878 4274 1106 4344 ejusque
1170 4275 1465 4344 participes
1521 4276 1745 4337 laboris,
1807 4276 1863 4329 in

294 4372 471 4438 primis
516 4370 686 4440 hujus
737 4368 980 4423 historia:
1019 4378 1323 4422 auctorem.
1354 4368 1557 4421 Omnes
1584 4368 1639 4421 hi
1671 4369 1864 4423 collata

294 4461 565 4533 diligentia
610 4464 665 4516 in
720 4460 1044 4515 ordinandis
1095 4459 1542 4529 collocandisque
1586 4461 1860 4516 variorum

1955 1952 2248 2023 λαμϐάνων
2276 1954 2371 2007 καὶ
2398 1953 2750 2023 διερχόμενος
2781 1951 2868 2023 [Ρ.
2914 1950 3042 2025 259]
3101 1953 3282 2023 ἠρέμα
3312 1970 3429 2015 πως
3468 1952 3547 2014 εἰς

1955 2047 2180 2117 εἰρήνην
2221 2046 2697 2113 συγκατεκλίνετο.
2744 2044 2851 2119 Kal
2886 2044 2936 2112 γ’
2961 2044 3167 2106 ἁπλοῦς
3190 2042 3265 2096 ὢν
3299 2044 3391 2096 καὶ
3455 2061 3548 2112 φι-

1955 2138 2196 2209 λαλήθης
2226 2140 2304 2201 εἰς
2349 2137 2497 2192 ἆπαν
2526 2137 2605 2208 τῷ
2632 2138 2733 2206 μὲν
2763 2138 2921 2208 ἁπλῷ
2979 2140 3102 2200 ταῖς
3133 2141 3374 2208 γραφαῖς
3422 2137 3550 2190 καθ·

1957 2231 2222 2301 υπήγετο,
2250 2230 2416 2283 ταυτό
2465 2247 2529 2299 γε
2589 2229 2811 2299 πάσχων
2846 2233 2956 2292 τοῖς
3004 2231 3322 2299 ἀποροῦσιν,
3377 2232 3423 2284 εί
3456 2247 3544 2301 με·

1957 2322 2124 2394 τρίως
2185 2322 2464 2392 ἀποροίεν,
2527 2320 2954 2391 ἀπροσδοκήτως
3013 2320 3073 2373 τὸ
3114 2321 3232 2397 πᾶν
3279 2323 3549 2390 οἰομένοις

1959 2503 2107 2568 dam,
2140 2513 2199 2558 ut
2229 2502 2402 2558 videri
2438 2503 2685 2558 volebat:
2717 2503 2814 2558 sed
2866 2520 2992 2558 vera
3043 2520 3211 2559 causa
3262 2518 3382 2558 erat
3428 2504 3550 2573 ejus

1960 2612 2130 2651 morae
2165 2597 2537 2653 convictionis
2562 2608 2761 2665 metus,
2798 2599 3146 2670 superciliosi
3178 2600 3406 2655 obtentu
3468 2600 3548 2654 fa-

1960 2687 2113 2742 stidii
2158 2689 2390 2745 velatus.

1964 2842 2053 2899 i5.
2100 2840 2166 2896 Ut
2198 2842 2395 2897 γίνεται
2447 2829 2659 2898 carcere
2712 2848 2969 2908 detentus,
3002 2854 3053 2900 et
3096 2853 3169 2899 to:
3206 2849 3548 2903 nihilominus

2152 2916 2500 2980 sollicitatus,
2544 2925 2804 2969 attractus
2839 2918 2894 2969 iu
2929 2931 3107 2985 partes
3154 2919 3337 2988 fuerit.

2037 3050 2153 3105 Tali
2207 3051 2568 3107 consiliorum
2611 3067 2872 3108 successu
2928 3053 3186 3123 repulsus
3233 3054 3301 3109 ab
3349 3055 3557 3124 optatis

1969 3146 2268 3215 imperator
2313 3154 2369 3200 et
2435 3147 2527 3214 qui
2610 3163 2733 3201 cum
2834 3163 2902 3202 eo
2988 3148 3353 3217 sentiebant,
3447 3152 3553 3206 alia

1969 3239 2075 3293 sibi
2142 3239 2495 3311 grassandum
2578 3240 2665 3295 via
2745 3250 3080 3307 statuerunt,
3173 3240 3350 3300 Vccco
3433 3245 3555 3315 ipso

1968 3332 2112 3387 intra
2160 3348 2441 3388 carcerem
2499 3334 2782 3389 tentando.
2841 3334 3360 3392 Auimadvertentes
3404 3337 3553 3392 enim

1969 3427 2273 3492 hominem,
2304 3428 2482 3497 qualis
2531 3439 2651 3483 erat
2704 3429 2934 3493 Veccus,
2966 3430 3273 3501 sapientem
3314 3448 3378 3486 ac
3421 3432 3554 3489 doc-

1970 3534 2082 3577 tutn
2117 3538 2225 3577 non
2254 3523 2359 3578 alia
2399 3523 2606 3578 certius
2635 3526 3060 3596 expugnandum
3092 3527 3265 3581 videri
3300 3528 3553 3582 machina

1967 3634 2129 3687 quam
2178 3616 2520 3688 argumentis
2573 3627 2629 3671 et
2679 3617 3011 3672 testimoniis
3063 3632 3129 3671 ex
3182 3619 3554 3675 ecclesiastica

1968 3710 2275 3765 eruditione
2307 3709 2515 3779 petitis,
2548 3709 2708 3778 381
2743 3707 2793 3762 ei
2836 3708 3083 3763 custodia
3120 3709 3340 3763 detento
3373 3711 3555 3764 cousi-

1966 3804 2240 3859 derandas
2295 3803 2614 3856 obtulerunt
2653 3812 2948 3871 excerptas
2980 3801 3047 3856 ab
3091 3801 3227 3871 ipsis
3269 3818 3552 3857 sacrorum

1966 3895 2233 3948 librorum
2264 3894 2570 3948 sententias
2589 3908 2711 3963 qua:
2729 3892 3047 3946 Latinorum
3076 3906 3256 3948 causa:
3280 3894 3552 3952 faverent.

1967 3986 2071 4041 Eas
2100 3988 2192 4041 ille
2231 3987 2286 4040 in
2314 4002 2508 4040 manus
2536 4000 2780 4057 sumptas
2801 3996 3010 4041 attente
3036 3988 3319 4058 perlegens
3348 3990 3553 4042 sensim

1966 4081 2032 4134 ad
2069 4096 2255 4150 pacem
2290 4079 2682 4145 inclinabatur,
2719 4080 2931 4134 duabus
2971 4082 3037 4134 ad
3072 4081 3127 4135 id
3165 4084 3212 4133 ei
3246 4079 3557 4152 suﬂragan-

1969 4174 2115 4227 tibus
2134 4172 2375 4236 dotibus,
2392 4172 2631 4227 candore
2656 4173 2889 4243 quodam
2912 4172 3078 4226 animi
3105 4173 3210 4227 fuci
3234 4173 3473 4243 expertis
3502 4184 3557 4226 et

1974 4269 2168 4323 innato
2200 4282 2388 4321 amore
2421 4266 2690 4321 veritatis.
2746 4267 2987 4332 Quarum
3020 4282 3048 4320 a
3081 4265 3251 4336 priori
3297 4281 3555 4336 asseque-

1968 4360 2127 4415 batur
2179 4368 2415 4424 ut,cum
2470 4356 2797 4428 simpliciter
2854 4372 2919 4411 ac
2976 4357 3114 4412 citra
3173 4356 3551 4429 praeiudicium

1969 4453 2412 4523 suspieionemvc
2436 4451 2645 4505 fraudis
2677 4451 2743 4504 ad
2776 4450 3160 4529 cognoscenda
3191 4466 3311 4520 quae
3353 4466 3554 4519 propo-

294 4558 564 4618 sensibus,
631 4555 783 4609 brevi
856 4566 1104 4624 tempore
1171 4552 1425 4607 volumen
1488 4553 1868 4619 confecerunt,
1902 4549 1946 4604 D
1977 4548 2249 4600 ncbantur
2278 4546 2585 4611 accederet,
2620 4544 2776 4599 facile
2808 4544 3162 4599 induceretur
3193 4543 3559 4598 similitudine

296 4648 443 4718 idque
464 4650 844 4718 conscriptum
868 4649 922 4701 in
947 4647 1229 4702 communi
1251 4657 1394 4702 coetu
1417 4648 1629 4703 cunctis
1646 4648 1873 4702 audien-

302 4738 438 4796 tibus
513 4743 786 4813 legerunt,
854 4754 1190 4809 unoquoque
1248 4740 1579 4795 admonente
1639 4740 1682 4793 si
1741 4740 1870 4810 quid

301 4838 607 4889 mutandum
629 4846 720 4888 aut
743 4834 1157 4904 temperandum
1179 4845 1452 4896 censeret,
1474 4834 1527 4886 in
1557 4834 1610 4887 id
1640 4834 1873 4889 maxime

302 4928 560 4983 universis
582 4928 831 4991 intentis,
866 4942 933 4980 ne
959 4927 1260 4995 quidquam
1303 4926 1356 4978 in
1387 4939 1452 4978 e0
1479 4926 1874 4995 relinqueretur

301 5017 592 5072 aculeatum
623 5028 711 5071 aut
739 5021 958 5079 durum,
998 5033 1107 5085 quo
1134 5016 1431 5085 imperator
1476 5016 1869 5071 oll‘endcrettzr.

302 5108 535 5181 Denique
564 5129 702 5182 opus
754 5111 1035 5165 climatum
1060 5118 1325 5179 quantum
1365 5108 1496 5163 satis
1544 5118 1627 5162 est
1673 5108 1869 5174 visum,

303 5216 390 5269 per
430 5207 678 5261 eumdem
738 5204 1032 5258 Arseniutu
1085 5204 1151 5256 ad
1181 5203 1571 5272 imperatorem
1622 5203 1869 5262 mittunt.

303 5293 349 5347 ls
375 5312 435 5351 eo
463 5308 685 5369 accepto
710 5306 765 5352 et
794 5306 1003 5352 attente
1029 5295 1170 5350 lecto
1228 5295 1457 5349 multum
1508 5310 1567 5349 se
1615 5294 1873 5363 opinione

306 5385 384 5440 illa
409 5390 595 5446 falsum
627 5392 869 5462 agnovit,
924 5405 1029 5457 qua
1082 5388 1364 5456 negotium
1416 5387 1716 5457 scriptione
1774 5403 1871 5441 sua

305 5477 387 5532 illa
431 5483 701 5539 mittenda
753 5482 937 5537 statim
992 5480 1396 5536 conﬁciendum
1445 5481 1871 5534 existimaverat.

307 5566 497 5627 Tamen
558 5576 703 5630 hunc
766 5574 943 5643 ipsum
1011 5583 1339 5642 praesentem
1404 5587 1630 5627 sensum
1702 5570 1869 5628 animi

306 5662 665 5731 dissimulavit.
735 5668 1126 5733 erubescendi,
1184 5668 1231 5721 si
1268 5666 1313 5722 is
1352 5674 1718 5729 enotesceret,
1766 5681 1864 5719 ne-

311 5760 600 5818 cessitalem
626 5763 705 5818 sic
732 5761 1165 5834 przetertenalam
1193 5769 1412 5829 putans.
1438 5758 1715 5812 Puhltcam
1740 5772 1870 5811 vero

313 5848 481 5921 scripti
513 5854 675 5910 oblati
706 5853 996 5909 lectionem
1042 5850 1336 5905 ditl'ercbat
1381 5857 1696 5918 contemptu
1729 5863 1867 5919 quo-

1976 4641 2115 4703 veri,
2178 4654 2372 4708 passus
2425 4638 2570 4692 idem
2622 4638 2769 4708 quod
2828 4637 3183 4692 mediocriter
3236 4637 3558 4692 dubitantes

1975 4733 2175 4795 solent,
2228 4731 2321 4800 qui
2355 4730 2459 4784 levi
2503 4739 2787 4784 momento
2842 4730 2897 4782 in
2946 4738 3160 4814 partem
3222 4728 3558 4784 inclinantur

1974 4827 2228 4889 alteram,
2260 4834 2315 4878 et
2370 4823 2459 4878 ubi
2492 4824 2573 4877 vel
2619 4823 2901 4893 paululum
2961 4823 3282 4877 imminutas
3332 4823 3557 4891 conspi-

1922 4940 1927 4943 ·
1975 4926 2170 4973 cantur
2227 4916 2540 4986 ambigendi
2593 4916 2856 4980 rationes,
2900 4917 3097 4985 quibus
3141 4924 3301 4970 antea
3343 4916 3396 4969 in
3432 4932 3555 4969 sns-

1974 5026 2144 5081 penso
2178 5012 2524 5070 tenebantur,
2561 5008 2831 5062 continuo
2874 5023 3068 5062 causas
3091 5021 3152 5061 se
3202 5019 3393 5061 nactos
3439 5007 3557 5061 ido-

1976 5118 2112 5156 neas
2161 5102 2263 5155 rati
2311 5100 2675 5155 dubitationis
2706 5100 3062 5169 deponenda,
3095 5107 3284 5153 tenere
3329 5114 3386 5152 se
3442 5116 3558 5154 rem

1974 5194 2148 5264 ipsam
2180 5206 2232 5247 et
2255 5193 2463 5263 liquere
2493 5194 2603 5262 jam
2635 5192 2737 5246 sibi
2776 5192 3052 5262 negotium
3088 5190 3240 5260 prius
3262 5193 3557 5246 obscurum

1974 5286 2309 5341 existimant.
2342 5288 2409 5339 At
2441 5285 2613 5339 altero
2645 5285 2738 5338 illo
2770 5285 2987 5339 sincero
3014 5285 3198 5339 studio
3234 5285 3557 5355 proﬁtendae

1975 5378 2225 5434 veritatis
2256 5379 2567 5448 prohibitus
2593 5378 2865 5432 afﬁrmate
2903 5378 3049 5448 quod
3092 5392 3202 5431 non
3242 5387 3381 5437 erat.
3432 5393 3557 5432 cum

1973 5470 2216 5523 nondum
2241 5484 2458 5523 omnem
2493 5468 2597 5523 sibi
2639 5468 2945 5523 abstersam
2980 5468 3269 5539 caliginem
3305 5468 3557 5535 sentiret,

1976 5562 2120 5617 haud
2149 5578 2281 5617 sane
2320 5561 2579 5616 simulare
2606 5562 2869 5617 sustinuit
2917 5561 3023 5617 sibi
3072 5562 3234 5632 plane
3266 5577 3386 5618 esse
3432 5576 3560 5632 per-

1974 5666 2220 5726 Speetum
2248 5656 2300 5710 id
2324 5658 2466 5725 quod
2513 5671 2778 5727 apparere
2830 5656 2935 5727 ipsi
2985 5657 3251 5711 duntaxat
3281 5666 3336 5711 et
3378 5656 3553 5727 prima

1973 5748 2208 5834 blapdiri
2263 5749 2445 5819 specie
2511 5759 2789 5821 cmperat:
2852 5765 3044 5805 verum
3099 5749 3255 5805 nullo
3308 5749 3557 5803 tardatus

1974 5844 2119 5898 malo
2144 5845 2356 5916 pudore
2389 5845 2617 5916 ingenue
2641 5844 2912 5901 fatebatur
2955 5860 3015 5904 se
3058 5858 3169 5901 non
3217 5843 3396 5900 adhuc
3437 5842 3552 5899 cla-
