3964 6524
425 387 533 452 835

1636 387 1966 449 GEORGII
2018 383 2500 444 PACllYMElt/E

3569 392 3662 455 836

430 506 597 576 ἔχειν.
628 500 718 576 Τῷ
750 502 820 559 αὖ
851 502 1136 574 φιλαλὴθει
1166 504 1265 559 οὐκ
1287 505 1462 575 ἠδόξει
1487 503 1772 575 ὁμολογεῖν
1829 503 1904 573 μὴ
1935 501 2010 554 εἰ·
2043 503 2083 561 Α
2119 500 2283 569 ρότως
2305 495 2470 570 ἔχειν,
2496 499 2570 562 ὡς
2597 497 2658 552 οὐ
2697 496 2966 569 καθυφείη
2996 497 3372 564 πιστεύοντας,
3403 501 3490 554 καὶ
3512 503 3667 572 οὕτως

424 597 571 652 ὃέναι
606 601 744 668 μήτε
777 599 881 669 μὴν
911 598 1175 668 ἐντυχεῖν.
1204 599 1313 650 Καὶ
1346 600 1378 668 ἡ
1415 598 1564 651 αἰτία
1593 599 1652 649 τὸ
1683 596 1769 664 ἐφ’
1816 593 2002 664 Ἐλλη-

425 693 602 752 νικαῖς
631 688 945 761 σχολάζοντι
980 691 1053 761 μὴ
1085 691 1258 753 θείαις
1289 694 1526 759 γραφαῖς
1574 687 1893 756 ἐγγενέσθαι
1957 686 2006 738 οἱ

425 783 816 850 ἑμμελετῆσαι.
873 784 1059 835 Θέλειν
1106 784 1288 850 μέντοι
1333 785 1426 835 καὶ
1478 782 1604 834 ἰδεῖν
1647 783 1743 839 τὰς
1791 778 2006 849 βίϐλους

424 878 519 928 καὶ
571 876 873 944 ἀναγνῶναι
934 879 1378 943 ἐπιμελέστερον,
1447 876 1530 944 ἐφ’
1579 869 1622 942 ᾧ
1666 869 1742 943 τῷ
1799 872 1876 940 νῷ
1900 871 2009 922 τῶν

427 969 656 1037 γραφῶν
696 970 1002 1037 προσέξειν,
1036 971 1139 1022 καὶι
1163 967 1333 1031 οὕτως
1363 968 1396 1038 ἢ
1446 966 1735 1020 πεισθέντα
1784 963 2009 1030 ἀνάγειν

427 1058 946 1128 ἕχεινὲπ⁹ὲκείναις
989 1059 1046 1111 τὸ
1077 1059 1278 1130 θάρρος
1337 1060 1433 1111 καὶ
1489 1058 1700 1124 παγίως
1759 1055 2010 1108 ἵστασθαι

429 1155 482 1215 ἐς
512 1155 538 1204 ὃ
569 1169 618 1203 τι
651 1153 744 1204 καὶ
777 1151 966 1212 κλίνοι,
1001 1151 1032 1220 ἢ
1067 1150 1139 1217 μὴ
1192 1149 1484 1202 πεισθέντα
1535 1152 1633 1208 τὰς
1693 1148 1872 1209 αίτίας
1924 1149 2014 1214 ἐμ-

430 1247 614 1313 φανεῖς
651 1243 1014 1312 παριστᾷνδι’
1067 1241 1130 1303 ἃς
1171 1242 1244 1309 μὴ
1296 1241 1552 1294 πείθοιτο.
1611 1238 1776 1291 Ταῦτ’
1836 1238 2010 1302 ἔλεγε,

431 1341 530 1389 καῖ
552 1338 577 1388 ὁ
611 1335 860 1404 βασιλεὺς
886 1334 1194 1395 κατένευεν,
1232 1331 1515 1397 ἐξαγαγών
1554 1348 1609 1382 τε
1641 1329 1735 1398 τῆς
1766 1329 2016 1395 φυλακῆς

434 1432 531 1491 τὰς
561 1430 770 1498 βίϐλους
795 1429 872 1488 είς
898 1429 1202 1492 ἀνάγνωσιν
1234 1427 1493 1492 παρεῖχεν
1528 1423 1619 1474 ἐπὶ
1652 1421 1868 1490 σχολῆς.
1925 1417 2016 1489 Τῷ

438 1522 620 1590 μέντοι
658 1535 720 1587 γε
757 1517 1070 1588 πατριάρχῃ
1096 1515 1253 1586 μέλον
1277 1511 1344 1585 ἦν
1371 1515 1454 1580 ἐφ’
1483 1515 1698 1580 ἑκάστῳ
1743 1513 1851 1564 τῶν
1881 1511 2016 1580 πρὸς

437 1613 660 1684 βασιλέα
694 1612 1052 1679 ἀποκρίσεων,
1083 1608 1347 1678 μειζόνως
1375 1609 1474 1679 ἤδη
1518 1605 1892 1675 ἐπιτιθέμενον
1925 1603 2017 1658 καί

434 1709 486 1775 γ’
520 1708 746 1775 ἠρεμεῖν
790 1706 863 1774 μὴ
898 1705 1089 1756 ἐῶντα.

436 1868 530 1925 ις’.
575 1863 777 1926 Ὅπως
807 1862 839 1914 ὁ
873 1859 1245 1928 πατριάρχης
1291 1873 1687 1928 τνωματευων
1713 1857 2020 1927 ἐγγράφως
2052 1871 2094 1927 Β

582 1931 778 2000 ὤμνυε
807 1931 890 2000 μὴ
928 1934 1364 1998 καταδέχεσθαι
1421 1931 1532 1997 τὴν
1590 1928 1862 1997 εἰρήνην.

504 2067 671 2120 Ταῦθ’
704 2068 893 2138 ὁρῶνό
931 2067 1160 2136 μοναχδς
1198 2065 1316 2118 Ἰὼϐ
1351 2065 1606 2134 Ἰασέ-της,
1641 2065 1733 2116 καὶ
1764 2065 1889 2133 περὶ
1924 2063 2023 2132 τὴν

436 2160 661 2230 γνώμην
705 2159 1022 2230 ὀρρωδήσας
1088 2156 1180 2208 τοῦ
1235 2159 1598 2226 πατριάρχου,
1638 2159 1710 2227 μὴ
1753 2156 2021 2224 καθυφείη

435 2254 530 2320 τῆς
556 2254 856 2311 ἐνστάσεως
887 2249 1157 2312 ἀπειπὼν,
1206 2249 1508 2318 μηχανᾶταί
1553 2265 1604 2300 τι
1640 2247 1876 2300 τοιοῦτον
1932 2250 2023 2300 ἐπὶ

434 2346 513 2414 τῷ
537 2345 634 2416 τὴν
654 2344 879 2412 γνώμην
903 2343 996 2394 τοῦ
1021 2344 1362 2411 πατριάρχου
1409 2335 1681 2410 στηρίξαι.
1742 2341 2025 2392 Ὑποτίθε-

437 2454 528 2488 ται
562 2437 671 2504 γὰρ
705 2434 932 2503 γνώμην
955 2433 1189 2504 γράςειν
1217 2434 1309 2484 καὶ
1341 2436 1581 2501 πέμπειν
1625 2435 1738 2494 τοῖς
1789 2433 2020 2501 ὁπουδή-

441 2546 571 2582 ποτε
621 2526 904 2580 εὺλαϐέσιν
955 2527 1211 2596 ἀνδράσιν
1266 2527 1346 2588 εἰς
1412 2525 1780 2594 πληροφορίαν
1839 2518 2020 2592 δῆθεν,

440 2619 804 2701 προστιθέντα
825 2620 917 2671 καὶ
943 2618 1104 2689 ὅρκον
1133 2617 1215 2686 ἐφ’
1327 2617 1400 2687 μὴ
1433 2617 1722 2682 κλονοίντο,
1753 2615 1866 2668 ἁῖ.λ’
1891 2620 2023 2687 d91-

439 2799 660 2854 rissime
690 2799 873 2852 videre
898 2799 1028 2869 quid
1054 2799 1274 2870 penitus
1300 2797 1355 2852 in
1385 2815 1440 2851 rc
1477 2807 1650 2858 esset,
1682 2797 2024 2868 negabatque

441 2894 579 2948 satis
608 2893 916 2948 convictam
955 2894 1057 2947 sibi
1090 2903 1328 2947 mentem
1358 2893 1423 2947 ad
1459 2893 1706 2946 ultimum
1731 2893 2026 2962 expedien—

444 2987 572 3041 dum
613 2987 679 3042 de
722 2988 1097 3041 controversia
1156 2995 1310 3040 tanta
1359 2987 1651 3055 judirinm.
1693 2987 1757 3040 Et
1802 3003 2022 3041 causam

441 3079 561 3148 cjus
599 3079 970 3134 cunctationis
1008 3091 1074 3133 ex
1106 3093 1172 3133 eo
1211 3081 1511 3148 repetebat,
1559 3081 1702 3149 quod
1764 3083 2025 3134 hactenus

439 3170 795 3225 saecularibus
823 3169 1114 3238 plurimum
1167 3171 1413 3224 intentus
1461 3170 1658 3223 litt-sris
1679 3171 1860 3225 minus
1925 3170 2022 3224 otii

442 3265 720 3334 studiique
753 3263 1035 3318 tribuisset
1058 3278 1226 3316 sacra!
1253 3263 1584 3332 scriptorum
1644 3263 1826 3317 divina
1881 3273 2024 3317 trac-

443 3356 680 3409 tantium
722 3354 1016 3409 eruditioni
1063 3354 1412 3407 meditandaa.
1457 3353 1638 3419 Quare
1669 3367 1870 3423 cupere
1906 3370 2027 3409 sese

442 3450 708 3503 attentius
740 3449 841 3502 ista
870 3463 1223 3515 cognoscere,
1254 3449 1532 3516 librosigue
1565 3450 1711 3519 ipsos
1749 3451 2028 3522 perlegere

444 3543 782 3614 diligentius.
827 3557 934 3612 quo
983 3542 1100 3611 ipsa
1141 3543 1257 3611 jam
1292 3543 1508 3609 penitus
1545 3541 1876 3612 introspecta
1906 3560 2032 3598 sen-

448 3636 615 3690 tentia
649 3635 995 3689 oraculorum
1023 3645 1116 3689 aut
1143 3645 1298 3690 certo
1353 3651 1416 3689 co
1461 3639 1718 3690 Stitueiet
1762 3638 1897 3691 nihil
1933 3653 2032 3692 ex-

445 3728 719 3799 ceptionis
742 3728 955 3783 idoneae
987 3743 1302 3797 superesse,
1350 3745 1458 3797 quo
1500 3730 1683 3784 minus
1714 3729 1875 3800 plane
1897 3747 2032 3786 cou-

447 3824 638 3876 ﬁderet
669 3821 1018 3875 irrevocabili
1045 3821 1487 3891 amplectendam
1518 3837 1750 3875 assensu
1779 3823 1828 3876 id
1856 3823 2034 3889 ipsum

445 3917 499 3970 in
535 3917 680 3986 quod
707 3916 956 3970 inclinari
980 3917 1087 3986 jam
1118 3926 1390 3984 cmperat,
1418 3927 1512 3970 aut
1533 3917 1574 3970 si
1603 3933 1709 3970 non
1740 3918 2038 3987 persuade-

449 4020 621 4075 retur,
641 4023 835 4063 causas
865 4009 1165 4077 explicaret
1191 4009 1261 4062 ob
1293 4023 1428 4078 quas
1458 4009 1710 4063 haereret.
1761 4011 1890 4064 Eam
1937 4009 2037 4064 viri

446 4103 750 4157 orationem
798 4103 1051 4172 probavit
1119 4101 1442 4170 imperator,
1487 4111 1543 4156 et
1587 4103 1636 4154 ci
1691 4105 1955 4158 continuo
2008 4119 2039 4159 e

445 4193 696 4249 custodia
756 4193 956 4246 cdttcto
1043 4191 1210 4245 libros
1275 4207 1371 4260 per
1417 4177 1600 4247 hotium
1655 4196 2041 4263 expendendos

449 4286 702 4355 prmbuit.
724 4285 1042 4340 Patriarcha
1069 4284 1290 4339 interim
1316 4287 1368 4338 in
1395 4287 1504 4340 aeri
1548 4297 1663 4341 erat
1688 4289 2042 4345 meditatione

444 4378 686 4444 deﬁxus,
726 4377 1040 4448 disquirens
1087 4379 1228 4447 apud
1280 4395 1404 4433 sese
1449 4380 1578 4445 quid
1616 4381 1912 4450 probabilis
1961 4395 2045 4436 re-

449 4471 644 4542 sponsi
670 4480 972 4541 opponeret
995 4471 1337 4538 argumentis
1361 4471 1728 4540 imperatoris,
1753 4489 1914 4541 quem
1941 4489 2042 4543 pro

2111 591 2284 656 ἕλξειν
2318 593 2558 656 ἐκείνους
2587 593 2722 660 πρὸς
2745 593 2805 644 τὸ
2827 592 3236 662 εὐμενέστερον,
3267 593 3410 646 ὥστε
3437 597 3526 647 καλ⁸
3567 614 3671 666 qi.-

2112 684 2374 753 ζομένους
2402 686 2460 737 τὸ
2496 685 2711 755 πρῶτον
2743 683 3013 754 δέχεσθαι.
3043 683 3132 756 [Ρ.
3160 683 3287 756 260]
3338 686 3552 751 Τούτοις
3576 693 3674 749 τοῖς

2111 781 2289 848 λόγοις
2321 783 2349 834 ὁ
2383 783 2641 852 ίεράρχης
2674 780 2918 844 πεισθεὶς
2960 781 3197 849 ἐγχωρεῖ
3214 781 3260 831 οί
3292 781 3556 834 ἐκτιθέναι
3591 785 3677 853 τὴν

2113 877 2360 949 γνώμην,
2390 879 2481 930 καὶ
2514 876 2783 940 ἐξετίθετο
2806 874 2904 944 τὴν
2944 876 3228 945 ταχίστην.
3281 875 3417 944 Πρὶν
3449 875 3504 928 δέ
3555 893 3679 946 πεμ-

2116 969 2335 1039 φθῆναι,
2366 970 2508 1036 ἔδοξε
2529 968 2634 1020 τῶν
2657 969 2955 1039 ἀρχιερέων
2980 967 3406 1036 ἀποπειρᾶσθαι,
3434 967 3506 1030 ὡς
3534 970 3679 1037 μάθοι

2116 1063 2163 1113 εἰ
2195 1063 2274 1121 εἰς
2314 1061 2464 1124 τέλος
2493 1061 2823 1130 ἀντίσχοιεν.
2853 1059 3236 1131 Συναχθέντων
3275 1061 3452 1112 τοίνυν
3500 1060 3680 1112 ὑπανε-

2116 1155 2414 1222 γινώσκετο
2454 1157 2551 1224 μὲν
2582 1157 2613 1223 ἡ
2649 1154 2838 1223 γνώμη
2871 1152 2980 1206 τοῖι-
2999 1153 3336 1222 πατριάρχου
3367 1191 3380 1211 ,
3416 1151 3680 1220 ἠρωτῶντο

2117 1248 2173 1302 δὲ
2201 1247 2253 1300 εἴ
2278 1265 2339 1314 γε
2377 1246 2472 1299 καὶ
2502 1245 2657 1298 αὐτοὶ
2687 1249 2942 1316 ἐμμένειν
2973 1243 3144 1312 ἔχοιεν
3169 1243 3308 1295 κατὰ
3335 1243 3550 1310 ταύτην.
3581 1243 3676 1293 Καὶ

2117 1337 2428 1406 ὡμολόγουν
2486 1336 2704 1396 αὐτίκα,
2767 1335 2860 1386 καὶ
2909 1335 3005 1403 τὴν
3052 1333 3279 1402 γνώμην
3326 1333 3546 1394 ἕκαστος
3591 1332 3682 1403 ἰδίᾳ

2120 1427 2434 1496 ὑπογραφῇ.
2469 1426 2606 1494 πλὴν
2635 1425 2742 1476 τῶν
2771 1425 3199 1494 προνοεστέρων,
3229 1422 3475 1476 ἐϐεϐαίου
3503 1439 3557 1473 τε
3602 1426 3683 1474 καὶ

2121 1518 2576 1590 κατησφαλίζετο.
2613 1518 2698 1579 Ὡς
2724 1519 2853 1586 γοῦν
2899 1519 3156 1586 ἐπέμφθη
3184 1518 3281 1586 μὲν
3317 1519 3348 1586 η
3384 1517 3588 1585 γνώμη,
3635 1519 3683 1570 ἐν

2121 1611 2388 1681 ἀφύκτοις
2423 1611 2467 1662 δ’
2492 1606 2556 1680 ἦν
2591 1612 2617 1662 ὁ
2652 1611 3000 1679 πατριάρχης
3039 1608 3132 1660 τοῦ
3163 1608 3288 1678 μηδ’
3319 1608 3374 1660 εἴ
3408 1626 3458 1660 τι
3494 1609 3580 1659 καὶ
3605 1609 3685 1674 γέ.

2123 1723 2265 1757 νοιτο
2299 1703 2653 1774 μεταϐάλλειν
2687 1703 2819 1770 (τοῖς
2850 1703 2957 1768 γὰρ
2988 1703 3170 1772 ὅρκοις
3208 1700 3570 1770 συνείληπτο).
3602 1699 3684 1768 δῆ-

2121 1797 2211 1860 λος
2239 1791 2305 1868 ἦν
2333 1799 2425 1848 καὶ
2446 1796 2582 1864 προς
2618 1794 2839 1863 βασιλέα
2873 1793 3045 1860 λέγων
3069 1793 3140 1856 ώς
3189 1793 3248 1845 οὐ
3293 1793 3533 1859 ποιήσων
3569 1793 3677 1844 οὐδὲ

2130 1888 2620 1960 καταπραξάμενος
2655 1887 2754 1954 τὴν
2782 1885 3120 1954 ἐγχείρησιν.
3177 1883 3237 1936 '0
3293 1884 3474 1952 μέντοι
3501 1899 3560 1950 γε
3609 1883 3689 1952 βα-

2131 1983 2309 2043 σιλεὺς
2340 1981 2609 2046 ἀπογνοὺς
2643 1974 2753 2030 οἷον
2784 1976 3032 2028 ἐντεῦθεν
3068 1974 3169 2044 τῆς
3211 1975 3423 2028 ἐκείνου
3452 1975 3690 2027 κατανεύ-

2132 2092 2268 2136 σεως
2291 2075 2470 2141 (δεινοὶ
2499 2074 2604 2142 γὰρ
2629 2073 2676 2123 οἱ
2705 2073 2859 2140 ὅρκοι
2889 2068 3144 2136 κωλύειν)
3192 2070 3249 2120 ἐν
3284 2067 3443 2136 δεινῷ
3499 2066 3591 2138 μὲν
3638 2065 3690 2119 τὸ

2132 2165 2343 2234 συμϐάν
2372 2166 2582 2234 ἡγεῖται
2618 2162 2725 2232 (ἐπ’
2756 2166 2876 2230 ἴσης
2914 2162 3021 2232 γάρ
3051 2157 3118 2232 ἦν
3152 2161 3301 2231 αὐτῷ
3355 2159 3604 2230 βουλητὸν
3640 2159 3691 2212 τὸ

2132 2257 2399 2328 προϐῆναι
2423 2258 2518 2328 τὴν
2552 2258 2754 2327 πρᾶξιν
2784 2258 2863 2319 εἰς
2894 2257 3046 2317 τέλος
3078 2253 3154 2324 τῷ
3195 2258 3336 2324 μετὰ
3387 2252 3478 2305 τοῦ
3524 2267 3694 2320 πατρι-

2133 2349 2299 2416 άρχου
2341 2347 2658 2415 προϐῆναι),
2685 2349 2829 2414 ὅμως
2853 2343 2896 2396 δ’
2925 2343 3326 2410 ἀποκρουσθεὶς
3357 2343 3561 2395 ἐκείνου
3586 2342 3692 2403 τοὺς

2133 2443 2407 2510 ἀρχιερεῖς
2461 2443 2803 2509 προσήρχετο
2837 2437 3291 2506 ἐμϐριθέστερον.
3337 2435 3424 2489 Ἐν
3465 2435 3624 2503 τούτῳ
3644 2432 3693 2486 δέ

2134 2538 2224 2586 καὶ
2249 2535 2275 2584 ὀ
2309 2533 2509 2594 Βέκκος
2547 2531 2878 2600 ἐνσχολάσας
2911 2532 3028 2591 ταῖς
3054 2529 3281 2599 βίϐλοις,
3327 2528 3421 2582 καὶ
3476 2526 3692 2594 συνορῶν

2135 2626 2335 2695 πολλὴν
2365 2624 2612 2676 ἐντεῦθεν
2645 2625 2736 2676 ἐττί
2778 2627 2841 2694 τῇ
2873 2619 3066 2693 πράξει
3093 2621 3375 2692 βοήθειαν,
3425 2619 3500 2683 ὡς
3543 2617 3692 2688 μηδὲν

2131 2809 2318 2864 caelus
2355 2807 2422 2862 iis
2445 2806 2798 2878 persuaderet
2824 2807 2876 2860 in
2905 2804 3306 2862 commendatis
3335 2803 3694 2866 constantiam,

2128 2905 2442 2974 iuramento
2486 2901 2663 2972 palam
2705 2900 3029 2970 interposito
3082 2899 3383 2968 sponderet
3440 2910 3694 2965 nunquam

2133 3013 2191 3051 se
2217 2996 2553 3050 dellcxurum
2591 3012 2620 3048 a
2644 2995 2822 3065 rigore
2853 2992 3024 3046 semel
3056 2992 3176 3046 ﬁxa:
3201 2991 3510 3055 sententize,
3537 2999 3622 3043 aut
3641 3001 3697 3042 eo

2133 3087 2550 3150 descensurum,
2583 3085 2937 3155 quantumvis
2965 3098 2995 3137 a
3021 3083 3216 3152 quovis
3241 3083 3570 3147 traheretur,
3599 3093 3696 3136 uta

2133 3181 2333 3250 quibus
2351 3195 2474 3249 iure
2507 3194 2563 3234 se
2589 3178 3128 3247 suosqueahscissos
3153 3178 3427 3232 hactenus
3457 3187 3696 3248 putasset,

2128 3288 2224 3328 eos
2256 3274 2308 3327 in
2341 3274 2782 3328 communionem
2811 3272 3111 3342 acciperet.
3155 3269 3248 3325 His
3283 3271 3402 3326 Jobi
3428 3269 3700 3341 suggestio-

2132 3369 2292 3423 nihus
2319 3369 2677 3437 acquiescens
2711 3366 3017 3437 patriarcha
3047 3368 3097 3424 ei
3135 3365 3414 3420 commisit
3474 3363 3569 3435 ipsi
3616 3378 3699 3416 ne-

2133 3463 2338 3534 gotium
2380 3461 2676 3516 l‘ormandze
2699 3461 2752 3512 in
2787 3475 2906 3514 eam
2941 3459 3268 3515 sententiam
3301 3457 3576 3513 circularis
3602 3455 3698 3525 cpi-

2134 3555 2305 3611 Slolat.
2331 3553 2450 3620 Qua
2497 3555 2680 3609 statim
2714 3555 3036 3622 composita,
3089 3552 3408 3622 priusquam
3449 3550 3698 3604 emittere.

2139 3659 2225 3703 tur
2255 3633 2426 3703 visum
2460 3647 2783 3718 patriarcha
2819 3655 2904 3702 est
2925 3647 3366 3717 experimentum
3401 3643 3696 3714 capiendum

2132 3745 2320 3814 judicii
2354 3745 2420 3797 de
2448 3742 2532 3796 his
2561 3743 2723 3796 rebus
2757 3742 3162 3810 episcoporum,
3197 3747 3256 3791 ut
3291 3737 3419 3791 inde
3449 3733 3699 3807 perspice-

2137 3847 2220 3892 ret
2248 3834 2438 3904 ecquid
2471 3835 2550 3889 sic
2578 3834 2800 3888 animati
2834 3840 3182 3902 apparerent,
3219 3842 3277 3883 ut
3325 3839 3474 3884 recte
3524 3823 3699 3880 conﬁdi

2137 3940 2326 4001 posset
2347 3943 2444 3982 eos
2462 3942 2635 3996 usque
2667 3926 2734 3981 ad
2763 3926 2926 3981 tinem
2952 3924 3324 3978 inllexibiliter
3349 3924 3403 3977 in
3439 3919 3700 3977 recusandi

2139 4021 2448 4076 constantia
2499 4035 2807 4074 mansuros.
2857 4019 3210 4088 Congregatis
3242 4032 3376 4087 ergo
3421 4016 3548 4087 ipsis
3582 4015 3699 4068 lecta

2140 4127 2222 4172 est
2255 4115 2582 4184 perscripta,
2610 4122 2668 4166 ut
2709 4111 2841 4176 dixi,
2867 4127 2896 4164 a
2939 4110 3075 4166 Jobo
3110 4110 3383 4164 monacho
3415 4106 3704 4178 patriarcha:

2143 4210 2440 4265 sententia.
2475 4208 2709 4277 Moxque
2744 4203 3062 4274 interrogati
3088 4202 3283 4273 singuli
3310 4210 3441 4255 sunt
3482 4216 3546 4253 an
3583 4199 3702 4252 idem

2142 4311 2194 4355 ct
2224 4300 2323 4368 ipsi
2357 4298 2646 4363 sentirent,
2681 4304 2735 4350 et
2779 4311 2910 4348 nunt
2951 4294 3102 4348 certo
3152 4293 3522 4347 decrevissent
3557 4291 3603 4341 in
3652 4302 3705 4339 eo

2144 4406 2525 4464 perseverare.
2549 4387 2752 4443 Omnes
2783 4387 2964 4441 statim
3009 4396 3387 4449 assenserunt,
3413 4395 3466 4439 et
3505 4390 3706 4438 cuncto-

2154 4503 2275 4541 rum
2313 4494 2509 4556 przeter
2543 4481 2982 4552 providentiores
3006 4495 3209 4550 paucos
3245 4479 3483 4550 prppriis
3519 4477 3706 4529 {inuata
3755 4492 3761 4497 ·

433 4571 702 4633 suscepta
737 4565 911 4630 palam
935 4578 1098 4616 causa
1125 4577 1272 4616 nunc
1307 4563 1418 4630 jam
1447 4565 1804 4618 vehementer
1842 4566 2024 4620 instan

2162 4576 2656 4648 subscriptionibus
2677 4575 2905 4646 epistola
2936 4574 3098 4628 missa
3146 4586 3581 4644 quoquoversum
3618 4577 3704 4621 est.

442 4666 562 4710 tem
587 4658 780 4725 utique
830 4669 933 4709 nec
962 4654 1015 4708 in
1051 4664 1330 4728 posterum
1374 4653 1540 4724 382
1563 4655 1873 4725 quieturum
1899 4657 2028 4712 satis

2135 4676 2210 4729 Ea
2231 4675 2465 4744 vulgata,
2497 4671 2911 4738 constrictoque
2937 4668 3243 4738 patriarcha
3266 4665 3538 4721 insolubili
3563 4679 3704 4735 nexu,

437 4749 771 4818 apparebat.

453 4935 546 4994 13.
590 4931 658 4986 Ut
692 4932 1002 4999 patriai-clm
1031 4949 1127 4985 sua
1162 4931 1340 5000 palam
1366 4933 1561 4999 scripto
1587 4931 1728 4984 edita
1771 4924 2052 4985 uutentla‘

625 5007 889 5074 jura-verit
921 5022 974 5057 se
1007 5006 1060 5056 in
1093 5021 1272 5072 pacem
1305 5019 1408 5056 non
1455 5019 1854 5056 aomemurum.

525 5143 583 5196 lu
609 5157 671 5196 ea
698 5138 1096 5195 conﬂicmntmn
1137 5137 1488 5192 meditatione
1517 5136 1882 5206 patriarcliam
1911 5149 2039 5189 cou-

447 5234 698 5304 spicatus
725 5212 1023 5286 monachus
1055 5227 1227 5283 Johns
1251 5230 1433 5294 lasita,
1480 5238 1534 5281 et
1580 5243 1689 5282 non
1720 5227 1839 5282 sine
1877 5242 2041 5281 causa

460 5326 664 5379 veritus
700 5335 758 5378 ut
808 5340 904 5396 par
930 5324 994 5377 ad
1028 5333 1330 5377 extremam
1366 5322 1509 5375 foret
1557 5321 1866 5374 eluctanda:
1907 5336 2043 5374 con-

456 5419 748 5474 trariarum
795 5415 1068 5471 rationum
1126 5424 1179 5467 et
1216 5414 1558 5468 molitiouum
1606 5413 1901 5477 instantiae,
1936 5413 2043 5466 tale

457 5512 734 5586 quidpiam
788 5510 1042 5564 machina
1074 5526 1136 5563 us
1191 5521 1266 5562 est
1306 5508 1374 5561 ad
1408 5508 1748 5560 ﬁrmandum
1791 5506 1845 5559 in
1902 5506 2044 5560 resi-

458 5605 638 5661 stendi
671 5606 979 5660 constantia
1033 5604 1361 5674 patriarcha:
1389 5602 1657 5655 animum.
1691 5600 1946 5672 Suggerit
1970 5600 2046 5655 illi

458 5699 752 5756 consilium
784 5698 1082 5753 scribenda:
1106 5695 1494 5766 niittendrcque
1513 5694 1798 5764 pastoralis
1828 5693 1896 5746 ad
1928 5694 2048 5748 uni-

462 5811 650 5851 versos
667 5809 810 5850 cura:
832 5809 943 5848 sua:
965 5793 1212 5847 subditos
1236 5790 1420 5846 ﬁdeles
1443 5789 1710 5861 epistolae,
1731 5804 1835 5858 qua
1859 5789 2050 5843 etillos

458 5887 933 5960 admoneretquid
968 5883 1262 5942 tenendum
1296 5883 1350 5939 in
1387 5883 1471 5938 his
1494 5890 1658 5950 esset,
1697 5890 1751 5937 et
1787 5895 1894 5953 quo
1933 5880 2051 5936 etii-

2136 4783 2205 4823 ne
2234 4767 2286 4819 in
2312 4765 2475 4818 ullam
2497 4763 2642 4817 circa
2686 4763 2806 4816 ιίιιιο
2832 4761 3196 4815 mutationem
3230 4775 3352 4814 sese
3388 4765 3560 4828 posset
3589 4754 3706 4808 rela-

2139 4873 2290 4924 xare,
2320 4857 2523 4927 quippe
2551 4856 2640 4910 cui
2665 4855 2776 4924 jam
2811 4869 2921 4908 non
2967 4860 3116 4907 esset
3145 4851 3418 4920 integrum
3445 4866 3474 4903 a
3509 4855 3706 4902 senten-

2139 4953 2208 5007 tia
2233 4961 2338 5006 tam
2363 4949 2576 5019 publica
2617 4947 2957 5018 professione
2994 4944 3264 4998 declarata
3301 4942 3530 5004 resilire,
3563 4936 3705 5006 juris-

2137 5045 2354 5117 jurandi
2421 5043 2632 5113 utique,
2669 5041 2931 5112 religione
2983 5040 3257 5096 deviucto,
3297 5039 3342 5090 is
3373 5050 3500 5089 sane
3531 5046 3629 5102 pne
3659 5040 3706 5080 se

2142 5142 2350 5197 ferebat
2370 5155 2428 5194 se
2447 5145 2774 5208 negaturum
2802 5134 3119 5204 imperatori
3144 5131 3307 5202 383
3328 5128 3469 5199 quod
3495 5124 3702 5196 petebat,

2145 5244 2200 5288 et
2226 5247 2512 5302 nunquam
2568 5243 2969 5285 consenserunt
2999 5227 3051 5279 in
3085 5223 3439 5280 concordiam
3470 5215 3708 5274 Ecclesia-

2145 5341 2265 5380 rum
2301 5341 2421 5394 quae
2467 5323 2823 5377 tractabatur.
2875 5319 3055 5385 Quare
3105 5319 3395 5384 desperato
3436 5315 3703 5380 imperator

2145 5433 2373 5472 assensu
2416 5414 2742 5486 patriarchae
2787 5421 3014 5484 propter
3055 5409 3353 5480 juramenti
3395 5403 3702 5462 obstaculum

2149 5509 2516 5575 ineluctabile,
2547 5509 2817 5563 :estuabat
2863 5506 3068 5567 animo,
3117 5499 3562 5557 ditiicitein‘inde
3607 5493 3704 5548 fore

2149 5602 2350 5675 negotii
2382 5601 2588 5656 exitum
2615 5599 2932 5670 providens.
2959 5597 3091 5651 Nam
3136 5606 3432 5663 utrumque
3473 5605 3532 5645 ex
3570 5597 3704 5654 aequo

2155 5699 2457 5767 imperator
2497 5695 2741 5766 Optabat,
2780 5703 2835 5747 et
2866 5691 2992 5747 iniri
3037 5689 3381 5745 concordiam
3421 5696 3474 5741 et
3514 5684 3562 5737 in
3603 5691 3701 5735 eam

2150 5789 2464 5843 consentire
2516 5786 2906 5856 patriarcham.
2954 5783 3161 5837 Tamen
3201 5784 3328 5837 inde
3363 5779 3598 5848 repulsus
3648 5768 3704 5822 ad

2155 5883 2425 5952 urgendus
2487 5883 2778 5946 episcopos
2843 5879 3221 5934 vehementius
3285 5873 3537 5931 incubuit.
3582 5866 3704 5922 inter
