3964 6528
465 396 571 460 8-H

1713 389 2039 451 necnon
2084 342 2566 447 Priamustua
3614 381 3704 445 Sil

432 581 439 589 .
468 514 589 568 λίαν
618 510 927 568 ἀκολούθων
954 508 1113 568 εἷναι.
1164 511 1313 582 Πλὴν
1351 470 1411 563 ού
1462 506 1921 575 κακολογοῦντας,
1974 504 2049 568 ὡς
2074 505 2125 565 Α
2150 501 2452 564 ἀκινδύνως
2479 499 2571 553 τὸν
2621 497 2866 552 κίνδυνον
2884 494 3061 589 αλλως
3093 492 3447 564 ἐκφύγοιμεν.
3477 493 3645 550 Ἦσαν
3670 489 3706 550 δ’

467 604 621 658 αὐτοί
644 621 799 673 φασι,
836 605 932 658 καὶ
960 603 1056 675 τὴν
1112 603 1440 657 κατάνευσιν
1471 598 1835 662 ὀνειδίζοντας
1871 596 2046 666 σφίσι.

468 696 696 767 Γνώμης
717 696 823 768 γὰρ
844 696 976 758 ίδίας
992 695 1222 749 ἕκαστον
1250 691 1390 748 εἷναι
1408 690 1621 764 κύριον,
1646 693 1736 744 καὶ
1756 689 1783 742 ὃ
1811 689 2051 758 σήμερον

468 789 528 839 οὐ
556 789 706 841 δοκεῖ
735 805 864 852 τινι,
893 786 1081 857 αὔριον
1097 787 1226 851 ἴσως
1249 784 1512 857 στέρξειν,
1544 783 1641 837 καὶ
1658 781 1962 851 ἀγαπήσειν
1989 777 2050 832 ού

469 880 799 950 παλίμϐολόν
816 896 938 934 τινα
958 882 1089 935 ὄντα
1107 881 1199 934 καὶ
1218 878 1360 932 κατά
1375 882 1436 930 τὸ
1454 876 1614 947 τυχὸν
1633 872 2052 945 ἐκτρεπόμενον,

466 974 604 1027 ἀλλὰ
630 976 913 1044 λογισμοῖς
935 970 1278 1033 δουλεύοντα,
1304 972 1532 1025 ἐκείνων
1569 967 2050 1039 μετακλινομὲνων

468 1067 525 1128 ἐς
561 1067 589 1119 ὅ
622 1083 675 1120 τι
702 1068 795 1119 καὶ
824 1066 964 1134 δόξοι
988 1067 1269 1137 συμφέρον
1302 1065 1394 1118 καὶ
1413 1064 1610 1125 αὐτοὺς
1630 1061 1912 1131 πράττειν.
1942 1059 2054 1112 Καὶ

466 1155 623 1208 τοῦτο
646 1151 785 1209 εἶναι
814 1156 874 1209 τὸ
909 1154 983 1226 μὴ
1013 1157 1163 1227 παρὰ
1192 1153 1523 1224 συνείδησιν,
1567 1152 1644 1215 ὡς
1695 1148 2051 1221 πιστεύομεν.

466 1247 511 1300 Τ
513 1249 541 1299 ὸ
570 1246 626 1300 δὲ
652 1248 781 1317 περὶ
803 1247 914 1300 τῶν
942 1245 1324 1318 προκειμένων
1348 1246 1499 1317 ἡμᾶς
1529 1244 1861 1316 ἐρωτᾶσθαι,
1903 1242 2056 1312 πρῶ-

465 1355 561 1391 τον
596 1338 698 1408 μὲν
728 1338 803 1400 ὼς
840 1339 903 1391 ού
926 1323 1106 1408 μετὸν
1132 1340 1265 1410 ἡμῖν
1287 1339 1388 1408 τῆς
1420 1338 1551 1404 περὶ
1577 1335 1783 1389 τούτων
1808 1334 2055 1405 σκέψεως

468 1433 532 1483 ἐκ
585 1432 845 1497 κανόνων,
894 1432 989 1486 ὑπ’
1032 1432 1280 1502 ἀρχιερεῖ
1324 1429 1538 1485 τελοῦσι
1603 1429 1700 1483 καὶ
1748 1425 2056 1497 ὀφείλουσιν

466 1523 721 1590 ἔπεσθαι,
750 1525 801 1577 τί
829 1525 935 1595 χρὴ
961 1527 1057 1578 καὶ
1079 1526 1263 1595 λέγειν
1288 1543 1303 1591 ;
1334 1523 1476 1595 πλὴν
1511 1522 1626 1577 ἀλλ’
1665 1521 1895 1585 ἕκαστος
1947 1520 2057 1591 ἱδὲᾳ

467 1615 593 1668 καθ’
640 1615 804 1671 αὐτὸν
849 1616 1169 1688 ὲρωτάσθω,
1220 1620 1316 1670 καὶ
1366 1617 1499 1680 ἴσως
1557 1614 1723 1686 φόϐος
1761 1613 1935 1674 οὐδεὶς
1956 1612 2055 1680 τῆς

470 1711 573 1778 σῆς
599 1708 879 1779 βασιλείας
911 1713 985 1774 εἰς
1018 1710 1216 1782 βουλὴν
1248 1696 1598 1781 προτιθείσης
1634 1709 1695 1762 τὸ
1757 1706 2056 1779 προκείμεο
2085 1722 2136 1784 Β

468 1817 578 1864 νον,
609 1798 787 1869 λέγειν
813 1802 871 1854 τὸ
912 1802 1346 1873 παριστάμενον.
1379 1800 1517 1854 Τότε
1555 1799 1735 1852 τοίνυν
1776 1796 2061 1869 ἐρωτωμέ-

468 1908 576 1942 νων
599 1892 626 1944 ὁ
665 1893 765 1960 μὲν
786 1892 1025 1960 ἀπέλεγε
1057 1895 1153 1946 καὶ
1196 1893 1264 1947 τὰ
1293 1891 1421 1963 τρία
1447 1908 1462 1924 ’
1515 1890 1649 1961 μηδὲ
1696 1890 1805 1961 γὰρ
1853 1888 2060 1942 τούτων

467 1982 793 2037 καταλαϐεῖν
815 1984 951 2048 ὅλως
977 1985 1075 2053 τὴν
1115 1983 1446 2055 Ἐκκλησίαν
1475 1985 1554 2037 ἐνὶ
1577 1982 1934 2055 χρησαμένην
1956 1984 2051 2036 καὶ

472 2075 644 2146 μόνῳ,
681 2079 879 2147 χρῆναι
902 2077 959 2131 δὲ
989 2078 1268 2149 διατηρεῖν
1294 2080 1386 2132 καὶ
1414 2079 1524 2140 τοῖς
1546 2077 1643 2146 ὀψὲ
1674 2075 2057 2147 γενησομένοις

467 2169 495 2220 ὃ
517 2168 582 2238 δὴ
611 2171 766 2239 σφεῖς
789 2170 851 2223 ἐκ
888 2170 997 2223 τῶν
1033 2171 1317 2242 προτέρων
1357 2169 1686 2241 παρέλαϐον.
1741 2168 1806 2222 Εἰ
1840 2168 1885 2222 δ’
1934 2169 2057 2221 ἐπι-

472 2260 678 2314 σείεται
709 2260 974 2326 κίνδυνος,
1007 2262 1207 2325 αὑτοὶς
1266 2261 1367 2333 μὲν
1398 2261 1474 2333 μὴ
1516 2257 1696 2332 χρεὼν
1750 2259 2057 2332 φροντίζειν

470 2355 612 2424 πλὴν
660 2356 770 2426 μὴν
821 2354 918 2410 τοῦ
969 2353 1250 2426 εὔχεσθαι,
1282 2356 1375 2410 τὸν
1420 2355 1478 2410 δέ
1518 2373 1585 2424 γε
1634 2356 1940 2427 κρατοῦντα
1984 2353 2059 2426 μὴ

470 2446 683 2501 ἀνιέναι
712 2447 884 2518 μηδὲν
913 2446 1022 2502 τῶν
1050 2448 1131 2512 είς
1182 2448 1460 2520 μέριμναν
1520 2447 1788 2520 ἡκόντων.
1853 2445 1971 2516 Ἐφ’
2017 2438 2062 2514 ᾧ

472 2627 602 2699 quid
640 2626 745 2699 ipsi
773 2625 916 2683 falso
939 2635 1326 2698 quererentur,
1357 2637 1413 2683 et
1444 2627 1581 2683 citra
1606 2619 2061 2699 exprobatiénem

476 2719 641 2773 ullam
706 2726 932 2772 mutata:
992 2717 1304 2773 sententiae.
1376 2715 1576 2771 Judicii
1637 2717 1784 2772 enim
1854 2714 2063 2788 pmprii

434 2854 447 2859 -
473 2824 748 2880 quemque
776 2809 1044 2863 arbitrum
1085 2822 1235 2874 esse;
1268 2818 1323 2864 et
1354 2806 1521 2879 389
1547 2807 1695 2876 quod
1742 2808 1868 2880 quis
1901 2808 2065 2864 hodie

476 2917 586 2956 non
631 2902 947 2972 probaverit
973 2942 987 2963 ,
1022 2916 1148 2956 cras
1182 2899 1323 2956 forte
1358 2900 1611 2971 praeferet
1646 2909 1814 2972 atque
1859 2901 2065 2971 ample-

474 3006 680 3060 ctetur,
721 3011 830 3049 non
868 2993 1236 3050 inconstantia
1277 2994 1363 3049 vcl
1407 2993 1631 3049 fortuita
1673 2994 1893 3048 levitate
1937 3007 2063 3049 sese

2151 593 2203 647 οῖ
2229 592 2329 647 καὶ
2362 594 2635 663 πρωτεῖον
2666 590 2828 660 μόνον
2856 587 3063 641 ἐδίδουν
3095 589 3189 642 καὶ
3219 587 3501 657 ἔκκλητον,
3531 589 3604 651 ὡς
3632 592 3717 643 αὐ-

2153 686 2266 740 τῶν
2294 687 2476 755 γεκαὶ
2542 684 2725 754 μόνων
2780 682 2909 734 οἴων
2947 681 2996 733 τ’
3053 679 3225 733 ὄντων
3275 679 3713 749 ύποκριθήσεσοαι

2155 779 2250 834 καὶ
2310 778 2476 849 σχῆμ’
2529 777 2676 842 ἕξειν
2732 776 2826 828 καὶ
2858 773 3034 844 ὄνομα
3072 770 3214 843 πλὴν
3242 769 3337 825 τοῦ
3361 770 3679 841 πράττεσθαι
3699 789 3713 804 ·

2160 871 2510 945 μνημόσυνον
2548 871 2604 924 δὲ
2646 870 2890 939 μετεῖναι
2913 866 2989 937 τῷ
3012 866 3217 936 πάππα
3258 863 3502 918 δοκοῦντι
3554 863 3699 932 διαφέ

2156 962 2372 1033 psallat,
2410 960 2506 1013 ἐπὶ
2532 958 2801 1030 Συμϐόλῳ
2826 957 2923 1010 καὶ
2961 955 3139 1010 ταῦτα
3194 954 3453 1018 πίστεως,
3515 950 3588 1023 μὴ
3637 954 3719 1005 καὶ

2154 1053 2267 1107 τῶν
2298 1052 2419 1106 λίαν
2443 1050 2834 1122 ἀπειρημένων
2964 1049 3025 1102 '0
3073 1046 3129 1101 δὲ
3153 1043 3624 1114 Ξιφιλῖνοξμέγσς
3664 1045 3723 1095 οἱ·

2155 1146 2388 1216 κονόμος
2427 1145 2504 1198 ὣν
2529 1144 2608 1215 τῷ
2638 1144 2779 1207 τότε,
2810 1142 2886 1213 τῷ
2920 1144 3068 1212 γήρᾳ
3097 1156 3156 1193 τε
3208 1139 3303 1193 καὶ
3356 1141 3425 1209 τῇ
3469 1137 3601 1208 πρὸς
3643 1137 3723 1191 τδν

2157 1238 2389 1309 βασιλέα
2425 1234 2691 1306 συνηθείᾳ
2717 1234 3020 1295 πιστεύων,
3062 1230 3160 1284 καὶ
3185 1228 3580 1301 προσελιπάρει
3610 1245 3725 1281 στα-

2157 1332 2274 1396 Θεὶς
2307 1330 2402 1385 καί
2432 1347 2497 1398 γε
2528 1329 2639 1383 τῶν
2666 1328 2916 1397 γονάτων
2945 1322 3041 1379 τοῦ
3100 1323 3368 1395 βασιλέως
3416 1323 3722 1392 ἁπτόμενος,

2162 1423 2238 1494 μὴ
2293 1420 2473 1491 ζητῶν
2518 1416 2895 1488 ἀναχαιτίζειν
2956 1415 3245 1487 ἀλλότριον
3298 1413 3569 1484 πόλεμον,
3610 1413 3725 1465 ἴδιον

2159 1513 2282 1569 καθ’
2312 1514 2459 1584 ἡμᾶς
2489 1513 2689 1574 αὐτοὺς
2712 1511 3097 1581 προσεπινοεῖν
3120 1523 3134 1538 ·
3166 1507 3303 1578 μηδὲ
3355 1505 3464 1575 γὰρ
3497 1504 3725 1576 εἰρηνεύ-

2163 1625 2278 1662 σειν
2306 1607 2539 1672 πάντας,
2571 1603 2672 1659 κᾶν
2703 1605 2890 1674 ἡμεῖς,
2917 1602 3111 1671 φησὶν,
3147 1597 3590 1671 είρηνεύσαιμεν.

2167 1766 2253 1823 ιϐ’.
2284 1768 2487 1834 Ὅπως
2509 1766 2599 1831 εις
2632 1765 2931 1819 δύσνοιαν
2967 1759 3433 1834 διαϐαλλόμενοι
3457 1759 3512 1811 οἱ
3540 1759 3728 1825 unpl-

2679 1834 2775 1890 κοί
2823 1831 3229 1904 ἠνωχλοῦντο.

2234 1978 2320 2051 [Ρ.
2378 1974 2511 2049 265]
2576 1975 2667 2029 Ἑν
2719 1975 2933 2036 τούτοις
2979 1972 3080 2042 τῆς
3131 1969 3345 2041 ἡμέρας
3404 1965 3730 2028 τελεσθείσης

2162 2073 2400 2142 ἐκείνης,
2428 2066 2673 2139 ἐπισχὼν
2694 2067 2780 2137 ἐφ’
2810 2066 3049 2137 ἡμέραις
3074 2066 3102 2118 ὁ
3130 2062 3410 2134 βασιλεὺς,
3442 2062 3536 2114 καὶ
3564 2058 3731 2130 μαθὼν

2162 2166 2237 2229 ὠς
2266 2168 2324 2218 ὲν
2368 2163 2603 2218 κλύδωνι
2642 2161 2711 2216 τὰ
2763 2160 2863 2230 τῆς
2903 2157 3234 2227 Ἐκκλησίας
3259 2156 3368 2209 εἰσὶ
3403 2156 3498 2208 καὶ
3546 2149 3622 2217 εἷς
3655 2153 3735 2206 τὸν

2161 2259 2258 2313 ἕνα
2308 2259 2369 2312 ού
2403 2257 2773 2327 παραδέχεται
2802 2256 2830 2308 ὁ
2873 2252 3032 2324 δῆθεν
3067 2249 3352 2313 ἀνένδοτος
3398 2251 3494 2303 τὸν
3525 2247 3734 2302 ύποκλι·
3832 2299 3836 2302 ι

2164 2352 2345 2418 Θέντα,
2377 2349 2595 2422 πρῶτον
2627 2349 2726 2418 μὲν
2750 2346 3039 2419 σχεδιάσας
3064 2345 3234 2415 τόμον
3250 2341 3472 2425 ,σκοπὸν
3491 2341 3587 2411 τὴν
3614 2341 3734 2411 πρὸς

2166 2444 2395 2516 βασιλέα
2444 2441 2660 2496 εὔνοιαν
2699 2440 2893 2512 [κοντα
2930 2438 3182 2494 ἐκέλευεν
3234 2434 3602 2507 ὑπογράφειν,
3650 2434 3734 2486 οὐκ

2165 2631 2498 2702 procederet,
2561 2628 2655 2685 sed
2718 2628 2824 2684 sub
2883 2626 3111 2683 obtentu
3173 2641 3312 2681 vano
3399 2622 3733 2694 subjectioois

2165 2730 2471 2788 ostentatae,
2505 2738 2616 2778 non
2651 2720 2914 2777 exhibita:
2946 2720 3149 2791 reipsa,
3194 2719 3469 2787 integram
3510 2731 3609 2771 nec
3638 2715 3733 2770 ullo

2168 2818 2535 2886 interruptam
2595 2828 2699 2870 usu
2750 2812 2959 2870 Graecis
3011 2820 3257 2868 servaret
3298 2811 3447 2882 juris
3495 2811 3735 2864 hactenus

2169 2906 2417 2976 usurpati
2437 2917 2439 2920 ‘
2459 2906 2894 2976 possessionem.
2927 2904 3113 2975 Longe
3138 2906 3208 2958 ab
3237 2903 3323 2958 bis
3353 2903 3629 2958 diversum
3658 2901 3728 2953 vi-

2168 2999 2282 3053 deri
2314 2998 2483 3071 390
2516 2997 2667 3053 abire
2696 2998 2916 3051 tertium
2951 2997 3020 3051 de
3045 2995 3573 3051 curiimemoratione
3597 2995 3734 3064 Papae

462 3105 731 3152 versans,
763 3088 857 3142 sed
908 3099 1182 3143 momenta
1227 3088 1497 3143 rationum
1530 3101 1792 3157 sequens.
1824 3086 2064 3143 Credere
2092 3091 2134 3149 C
2170 3091 2223 3144 in
2271 3104 2451 3144 sacro.
2494 3090 2599 3144 Per
2632 3088 2686 3143 id
2717 3088 2863 3142 enim
2889 3086 3072 3142 induci
3094 3086 3188 3157 jus
3211 3086 3266 3140 in
3298 3086 3484 3153 ubam,
3510 3095 3565 3140 et
3593 3086 3733 3139 verba

476 3198 597 3237 sese
629 3182 754 3238 illos
785 3181 1079 3247 antistites,
1118 3182 1211 3252 qui
1246 3181 1577 3237 sententiam
1609 3191 1934 3245 mutassent,
1964 3180 2065 3235 ali-

477 3276 608 3345 quid
651 3276 852 3330 vidisse
889 3290 998 3343 quo
1031 3282 1382 3329 moverentur
1410 3273 1476 3328 ad
1509 3272 1958 3343 propendcndum
2006 3274 2060 3327 in

481 3378 690 3435 partem
723 3369 950 3421 alteram
974 3406 990 3428 ,
1031 3364 1338 3436 fecisseque
1380 3366 1433 3420 in
1481 3380 1548 3421 eo
1588 3366 1737 3435 ipsos
1770 3365 1915 3436 quod
1960 3365 2064 3421 sibi

479 3458 740 3527 expedire
770 3456 1147 3527 iudicassent;
1185 3471 1356 3526 neque
1382 3469 1606 3511 censere
1636 3456 1738 3510 ista
1787 3456 1840 3509 in
1891 3472 1949 3510 re
1997 3456 2067 3510 ab

484 3551 620 3622 ipsis
678 3559 875 3605 contra
921 3550 1319 3605 conscientiam
1368 3559 1677 3619 percatum.
1724 3547 1884 3615 Quod
1934 3563 2067 3627 verg

408 3706 415 3711 _
483 3644 784 3713 imperator
817 3641 1061 3711 ipsorum
1103 3641 1172 3697 de
1213 3641 1300 3697 his
1337 3643 1665 3697 sententiam
1704 3650 1962 3712 rogaret,
1999 3641 2066 3696 ad

485 3736 538 3789 id
567 3735 649 3791 sic
676 3733 1097 3800 responderunt,
1125 3734 1365 3805 primum
1400 3734 1506 3789 sibi
1550 3749 1647 3805 per
1684 3726 1873 3790 sacros
1898 3747 2068 3789 cano-

485 3843 583 3883 nes
619 3841 727 3881 non
762 3825 927 3881 licere
946 3824 1249 3881 deliberare
1282 3826 1350 3881 de
1373 3824 1707 3896 talibus,qui
1742 3824 2070 3895 patriarchae

484 3919 799 3983 subessent,
833 3918 1065 3988 ejusque
1091 3917 1249 3989 sequi
1280 3917 1553 3989 judicium
1582 3927 1637 3973 et
1664 3917 1949 3988 pneceptis
1970 3917 2069 3973 ob-

485 4020 790 4082 temperare
828 4010 1107 4066 deberent.
1147 4013 1330 4077 Quare
1365 4026 1474 4067 non
1517 4011 1721 4066 habere
1749 4025 1809 4067 se
1845 4010 1991 4081 quod
2016 4011 2070 4065 in

485 4118 779 4161 commune
804 4102 1075 4159 dicerent.
1107 4103 1279 4160 Posse
1306 4116 1487 4159 autem
1511 4117 1787 4174 quemque
1815 4103 2069 4173 privatim

488 4195 843 4266 interrogari.
867 4195 961 4251 Sic
988 4197 1134 4250 enim
1168 4206 1348 4252 metus
1375 4196 1585 4253 scilicet
1619 4197 1805 4251 nullus
1836 4196 2072 4251 tardabit

487 4292 769 4361 sigillatim
812 4291 1185 4361 interrogatos
1218 4306 1247 4344 a
1286 4290 1573 4360 majestate
1606 4304 1706 4345 sua
1730 4329 1747 4355 ,
1784 4304 1853 4343 ne
1876 4327 1893 4353 ,
1939 4288 2070 4359 quid

489 4384 621 4455 ipsis
654 4383 709 4438 in
741 4394 978 4439 mentem
1031 4387 1263 4449 venerit,
1311 4381 1593 4454 proferant
1634 4396 1801 4453 super
1841 4382 1908 4437 iis
1950 4396 2072 4452 qua:

489 4486 890 4548 proponentur.
922 4476 1076 4532 Fecit
1107 4478 1213 4533 hoc
1234 4478 1419 4532 statim
1450 4476 1782 4548 imperator;
1808 4485 2072 4532 eteorum

2172 3182 2315 3238 laeto
2354 3181 2557 3237 sanciri
2597 3196 2611 3233 :
2650 3188 2766 3235 tum
2799 3179 3081 3235 enimvero
3114 3179 3169 3234 id
3197 3179 3430 3235 concedi
3461 3177 3605 3248 quod
3635 3186 3729 3230 tam

2172 3274 2392 3331 obnixis
2425 3274 2691 3329 hactenus
2734 3273 2935 3328 studiis
2963 3282 3279 3328 recusatum
3308 3286 3338 3324 a
3380 3271 3584 3326 nostris
3613 3283 3737 3324 sem-

2169 3385 2268 3440 per
2289 3376 2393 3430 est.
2417 3377 2475 3423 ut
2501 3367 2711 3422 scilicet
2739 3367 2922 3437 palam
2957 3365 3011 3420 in
3041 3372 3284 3421 nostram
3307 3363 3733 3420 communionem

2170 3461 2531 3517 admittantur
2574 3460 2611 3514 ii
2669 3476 2810 3531 quos
2855 3468 3072 3516 constat
3112 3458 3167 3513 in
3214 3458 3546 3529 scripturam
3581 3454 3735 3527 publi-

2171 3570 2317 3620 cam,
2349 3562 2406 3610 et
2432 3569 2555 3609 eam
2586 3552 2808 3624 quidem
2843 3553 3017 3623 ipsam
3042 3566 3150 3622 qua
3187 3551 3313 3606 ﬁdei
3359 3549 3548 3621 regula
3582 3546 3731 3602 tradi-

2175 3659 2283 3712 tur,
2331 3664 2525 3717 nempe
2575 3648 2628 3701 in
2681 3647 3030 3718 Symbolum,
3076 3661 3214 3701 ausu
3251 3638 3734 3711 intolerd‘bilipec-

2173 3757 2350 3796 casse.
2377 3745 2445 3795 At
2472 3740 2790 3811 Xiphilinus
2825 3740 3006 3810 magni
3039 3749 3169 3793 tunc
3201 3739 3478 3793 (eeouomi
3525 3736 3733 3791 oﬁiciunt

2174 3846 2462 3897 exercens,
2498 3847 2559 3884 ra
2598 3831 2797 3886 ﬁducia
2825 3846 2989 3901 quam
3020 3830 3069 3885 ei
3112 3829 3420 3885 auctoritas
3459 3824 3736 3881 senectutis

2174 3934 2231 3981 et
2277 3929 2445 3979 mn‘tu
2486 3941 2611 3979 cum
2648 3925 2982 3996 imperatore
3012 3923 3363 3979 familiaritas
3395 3923 3601 3987 dabat,
3628 3934 3734 3973 eum

2175 4031 2335 4071 orare
2355 4025 2509 4070 stans
2532 4030 2855 4087 aggressus,
2889 4029 3013 4068 mox
3039 4014 3203 4068 etiam
3236 4011 3475 4083 procidit
3494 4007 3735 4067 coramad

2176 4108 2366 4179 pedes,
2405 4110 2457 4162 et
2489 4122 2666 4177 genua
2701 4106 2966 4178 principis
2995 4106 3283 4176 amplexus
3320 4105 3408 4160 his
3443 4120 3569 4159 eum
3595 4106 3733 4157 obte-

2177 4198 2472 4253 stabatur:
2511 4217 2529 4250 ι
2577 4196 2709 4253 Vide
2748 4200 2912 4255 etiam
2956 4209 3121 4268 atque
3164 4198 3373 4261 etiam,
3405 4197 3639 4259 domine,
3682 4211 3737 4250 ne

2180 4302 2437 4362 satagens
2469 4291 2632 4347 nimis
2676 4292 2840 4346 anxie
2885 4305 3132 4345 avertere
3181 4305 3213 4344 a
3254 4291 3418 4346 nobis
3466 4298 3730 4344 externum

2181 4385 2382 4441 bellum
2410 4386 2669 4441 intestino
2699 4385 2994 4442 dtﬂicilinri
3019 4399 3119 4439 nos
3150 4384 3418 4455 implices,
3442 4398 3564 4438 cum
3587 4395 3737 4450 come

2178 4493 2371 4550 pacem
2405 4479 2609 4549 pariter
2639 4487 2956 4548 utramque.
2981 4477 3413 4533 ecclesiasticam
3440 4488 3493 4531 et
3520 4476 3735 4535 civilem,

492 4587 638 4641 quos
674 4569 930 4639 privatim
967 4569 1214 4635 audivit,
1258 4568 1398 4624 alius
1447 4568 1546 4622 tria
1578 4582 1645 4622 ex
1684 4582 1842 4638 aequo
1876 4575 2073 4623 cuncta
2106 4575 2152 4634 ί)
2181 4571 2393 4641 perdas.
2437 4570 2627 4642 Neque
2660 4570 2806 4626 enim
2835 4570 2919 4625 vel
2943 4569 2986 4624 si
3016 4584 3118 4625 nos
3144 4570 3196 4623 in
3234 4570 3377 4624 hanc
3411 4582 3594 4639 pacem
3625 4581 3738 4619 con-

492 4662 731 4732 capitnla
769 4661 979 4732 rejecit,
1026 4660 1241 4715 nullum
1283 4674 1474 4715 eorum
1511 4658 1682 4730 accipi
1723 4658 1791 4714 ab
1822 4658 2067 4715 Ecclesia

493 4770 654 4824 posse
682 4753 1043 4816 contendens,
1078 4769 1199 4823 qua:
1228 4752 1326 4806 nni
1357 4767 1615 4822 supremo
1647 4752 1809 4822 capiti
1843 4751 2076 4823 patriar-

498 4847 617 4902 cha:
657 4861 760 4901 suo
787 4861 981 4916 parere
1012 4845 1299 4902 didicisset
1341 4862 1356 4898 :
1386 4857 1640 4916 oportere
1672 4852 1855 4900 autem
1889 4854 2075 4900 tenere

495 4948 551 4994 et
575 4939 955 4995 transmittere
985 4937 1051 4993 ad
1083 4948 1356 5009 posteros,
1390 4940 1535 5010 quod
1567 4953 1596 4994 a
1632 4937 1885 4995 Patribus
1915 4952 2071 4994 acce-

501 5032 731 5103 pissent.
756 5032 1009 5088 Pericula
1036 5046 1201 5102 porro
1246 5047 1367 5102 quae
1396 5032 1710 5102 impendere
1743 5031 2077 5097 dicerentur,

500 5125 588 5178 sui
616 5123 812 5195 privati
850 5127 1096 5180 rnnneris
1126 5140 1235 5180 non
1269 5139 1393 5180 esse
1421 5123 1530 5179 alio
1559 5123 1723 5179 modo
1749 5132 2079 5194 praevertere

443 5206 456 5217 ’
501 5233 666 5289 quam
700 5216 1051 5273 orationibus
1089 5231 1188 5288 pro
1205 5230 1397 5272 eorum
1442 5215 1762 5270 amolitione
1799 5215 1909 5270 Deo
1950 5214 2078 5270 l'un-

504 5308 719 5363 demlis.
759 5308 1029 5377 Principis
1058 5323 1185 5363 vero
1221 5308 1271 5363 id
1305 5308 1482 5363 solum
1514 5307 1789 5378 postulare
1816 5307 2081 5373 ollicium,

507 5410 566 5454 ut
590 5402 637 5456 is
663 5401 802 5455 nihil
834 5402 1067 5471 politicae
1095 5400 1409 5472 iiellicaeque
1436 5399 1819 5455 sollicitudinis
1838 5398 2078 5465 omittat,

505 5508 630 5564 quae
666 5494 1040 5562 prmeavendis
1074 5494 1231 5547 malis
1267 5502 1322 5547 et
1366 5492 1680 5561 reipublicae
1706 5492 1775 5546 ab
1817 5491 1885 5547 iis
1924 5491 2078 5548 ineo-

509 5586 639 5640 lumi
672 5587 952 5642 servanda!
991 5586 1278 5657 profutura
1318 5584 1594 5640 videatur.
1627 5583 1796 5639 Erant
1835 5586 2080 5641 nonnulli

506 5679 601 5751 qui
633 5680 741 5732 duo
767 5679 950 5748 priora
982 5678 1178 5748 capita.
1213 5679 1506 5750 primatum
1530 5686 1584 5731 et
1612 5678 2075 5747 provocationem,

507 5769 629 5824 sine
669 5782 865 5838 magno
888 5769 1088 5824 damno
1121 5767 1355 5822 relaxari
1387 5782 1550 5838 posse
1576 5767 1844 5830 dicerent,
1876 5768 2079 5839 quippe

506 5877 741 5934 quarum
775 5870 1030 5915 neutrum
1062 5862 1205 5918 ultra
1241 5875 1438 5915 nomen
1458 5869 1508 5916 el
1528 5860 1764 5928 speciem
1784 5861 1851 5917 ad
1875 5860 2075 5916 factum

2185 4663 2522 4731 venerimus,
2558 4664 2612 4718 in
2639 4677 2775 4735 pace
2800 4662 2878 4718 illi
2902 4662 3115 4718 scilicet
3150 4661 3332 4717 cuncti
3360 4661 3686 4731 perstahunt.
3716 4674 3733 4707 ι

2188 4821 2282 4877 19.
2326 4819 2393 4875 Ut
2425 4822 2749 4877 calumniam
2774 4823 2923 4886 passi
2948 4823 3129 4878 clerici
3155 4824 3312 4892 quasi
3348 4839 3538 4893 parum
3576 4820 3736 4889 ﬁdeles

2289 4894 2600 4964 imperatori
2649 4905 2841 4960 essent,
2881 4897 3054 4948 uexati
3093 4909 3152 4949 eo
3193 4897 3401 4949 nantia:
3430 4894 3644 4963 luerim.

2260 5026 2315 5079 In
2359 5025 2444 5080 bis
2473 5025 2564 5080 illa
2598 5037 2923 5095 consumpta
2952 5026 3040 5082 die
3062 5066 3076 5091 ,
3109 5042 3207 5097 per
3234 5026 3442 5095 aliquot
3472 5027 3593 5081 inde
3618 5039 3734 5079 con-

2187 5128 2407 5174 secutas
2437 5118 2572 5173 nihil
2604 5118 2729 5173 novi
2759 5119 3044 5188 Augustus
3070 5119 3260 5173 movit.
3298 5118 3538 5174 Tandem
3566 5116 3735 5172 videns

2187 5212 2484 5277 tumultum
2548 5212 2602 5265 in
2631 5210 2874 5265 Ecclesia
2942 5210 3351 5266 increbrescere
3418 5210 3731 5266 factionibus

2185 5303 2522 5368 commissis,
2554 5304 2685 5357 dum
2729 5317 2872 5356 unus
2893 5304 3060 5357 alium
3089 5306 3143 5356 in
3174 5305 3614 5359 communionem
3643 5315 3732 5354 non

2186 5396 2399 5467 recipit,
2427 5404 2477 5450 et
2512 5395 2604 5465 qui
2642 5396 2781 5450 ﬁsus
2812 5397 2866 5450 in
2899 5397 3127 5467 antiquo
3158 5411 3325 5453 sensu
3364 5407 3594 5469 perstat,
3623 5408 3730 5451 eum

2190 5489 2283 5558 qui
2337 5490 2496 5542 novis
2547 5488 3023 5557 propositionibus
3078 5490 3319 5546 assensit
3367 5501 3426 5546 ut
3467 5488 3731 5560 profanum

2189 5590 2497 5643 aversatur,
2546 5579 2796 5649 gliscenti
2856 5581 3076 5636 obviam
3130 5583 3209 5637 ire
3255 5583 3398 5638 malo
3427 5580 3653 5637 decrevit
3686 5577 3731 5630 in

2193 5672 2337 5728 Ιιιιιιο
2383 5674 2630 5729 modum.
2674 5674 2817 5729 Ante
2857 5674 3043 5731 omnia
3094 5676 3362 5745 scriptum
3414 5668 3734 5730 concinnavit

2187 5783 2297 5839 quo
2324 5767 2500 5823 solum
2537 5767 2587 5822 id
2611 5782 2771 5838 agere
2796 5767 3083 5823 videbatur
3105 5759 3162 5823 ut
3179 5768 3339 5822 ﬁdem
3362 5777 3415 5823 et
3436 5764 3731 5836 obsequium

2142 5870 2150 5879 '
2190 5860 2505 5934 imperatori
2539 5874 2571 5915 a
2606 5860 2840 5917 subditis
2889 5862 3131 5918 debitum
3181 5861 3287 5917 sibi
3334 5863 3584 5918 ﬁrmaret.
3613 5855 3735 5913 Sub.
