3964 6514
387 411 501 472 855

1362 402 1457 468 DE
1510 410 1896 468 Mlt.ll.\l£LE
1939 385 2394 469 mammae
2438 407 2578 468 [ιιι.
2628 403 2691 466 v.

3536 400 3640 468 stt}

388 517 494 572 οἶδ’
528 519 613 571 ἐπὶ
658 519 816 572 ποίαν
849 518 1033 587 χρείαν
1066 517 1201 586 πὶὴν
1230 516 1322 567 τοῦ
1373 517 1518 582 δόξαι
1557 520 1702 587 σχεῖν
1735 519 1842 569 τιῖιν
1870 517 1966 589 τῆς
1997 527 2041 578 Α
2071 516 2126 568 δὲ
2170 517 2329 584 μέχρι
2369 518 2668 586 Ση>.υ6ρὲας
2720 520 2807 568 καὶ
2858 518 3028 570 Ῥα.δε
3045 518 3183 576 ποῦ,
3239 517 3389 578 τινὲς
3437 517 3492 568 δὲ
3548 513 3640 570 καὶ

402 607 729 678 ἐκκὶησίας
765 608 1186 678 ὑποσημάνσεις,
1217 606 1318 658 κᾶν
1356 609 1408 659 αἱ
1449 607 1733 670 ὑποθέσεις
1767 608 1822 660 τὸ
1854 607 1966 661 διὰ-

389 717 564 770 φορον
595 695 759 770 εἶχον.
787 701 1042 754 Κάκεῖνοι
1077 699 1371 771 προθύμως
1403 700 1718 772 ὑπέγραφον
1745 702 1804 754 τὸ
1834 701 1968 769 πρδς

389 794 488 843 τδν
530 792 779 862 Ἀϐρααμ
811 791 902 845 τοῦ
933 790 1088 854 Θεοῦ,
1129 811 1146 842 ι
1187 792 1249 844 υἱ
1279 790 1623 860 εὐλογοῦντες
1655 809 1714 846 σε
1743 793 1970 862 εὐλογη-

393 885 574 950 μένοι,
593 883 683 937 καὶ
705 885 752 937 οι
770 883 1148 954 καταρώμενοί
1168 901 1226 936 σε
1245 885 1666 955 κεκατὴρανται.
1693 902 1711 934 ι
1740 885 1968 936 Ἔπειτα

397 976 624 1045 πέμψας
663 978 786 1038 τοὺς
833 975 994 1039 ἰδίους
1027 977 1205 1028 οἰκίαν
1243 977 1473 1029 ἑκάστου
1503 975 1885 1046 κατεψη),άφα,
1914 977 1971 1037 ὃς

391 1067 445 1118 τ’
473 1069 646 1132 αῐτιος
669 1069 726 1132 ὃς
755 1087 811 1121 τε
843 1076 938 1123 καὶ
967 1069 1108 1139 οὐχί.
1167 1070 1274 1122 Καὶ
1306 1071 1337 1138 ἡ
1371 1069 1661 1140 πρόφασις,
1690 1069 1764 1131 ὡς
1809 1069 1972 1121 αὐτὸν

401 1160 506 1228 μὲν
533 1157 669 1214 εἶναι
705 1161 795 1214 τὸν
831 1161 1172 1232 κατασχόντα
1203 1161 1302 1232 τὴν
1353 1161 1525 1224 πόλιν,
1559 1163 1654 1214 καὶ
1701 1161 1836 1232 πρὸς
1861 1164 1972 1224 τοῖς

396 1251 578 1314 ἄλλοις
603 1251 764 1305 αὑτοῦ
795 1253 889 1305 καὶ
920 1254 1080 1322 μόνον
1107 1254 1201 1306 καὶ
1246 1253 1340 1316 τὰς
1365 1254 1540 1316 οἰκίας
1571 1251 1733 1318 εἶναι,
1762 1255 1970 1322 ἀποχα-

401 1345 649 1412 ρὶζεσθαι
701 1346 756 1399 δὲ
805 1346 1006 1410 ταύτας
1040 1349 1148 1408 τοῖς
1201 1345 1464 1408 εὐνοοῦσι,
1494 1351 1605 1411 τοῖς
1645 1347 1699 1400 δὲ
1755 1347 1895 1400 κατά
1924 1365 1974 1398 τι

398 1438 760 1508 ἁφηνιάξουσι
801 1440 896 1491 καὶ
943 1439 1039 1508 τὴν
1087 1439 1244 1509 χάριν
1298 1439 1641 1510 ἀνατρέπειν,
1689 1437 1897 1493 δίκαιον
1933 1440 1974 1493 δ’

397 1524 542 1579 εἶναι
588 1528 681 1580 καὶ
725 1527 796 1581 τὰ
844 1526 952 1581 τῶν
994 1528 1218 1581 επιιθεν
1270 1531 1476 1598 χρόνων
1526 1528 1813 1599 ἀναζητεῖν
1851 1531 1975 1592 τοὺς

399 1616 738 1680 ἐνοικοῦντας
790 1618 1030 1673 ἐποίκια.
1088 1619 1605 1688 Ἀνεκεφαλαιοῦντο
1664 1621 1976 1690 παραυτίκα

398 1708 607 1776 κόσμιά
631 1725 688 1760 τε
716 1714 942 1762 παντοῖα
973 1715 1062 1763 καῖ
1097 1710 1298 1765 ἔπιπὶα
1333 1711 1424 1764 καὶ
1449 1713 1554 1765 πᾶν
1587 1712 1614 1764 ὅ
1647 1731 1696 1765 τι
1737 1729 1818 1775 τις
1841 1710 1974 1782 εἶχε,

397 1803 496 1854 καὶ
519 1803 578 1855 τὸ
605 1802 790 1872 μεῖζον
817 1805 1094 1872 ἐκρίνοντο
1117 1804 1210 1856 κα)⁸
1234 1807 1308 1866 εἰς
1337 1804 1683 1857 καθοσίωσιν.
1718 1803 1974 1874 Ἤτοιμά-

2073 608 2222 672 me;
2255 610 2345 660 τοῦ
2379 610 2518 661 κατὰ
2545 598 2636 664 τὸν
2664 610 2839 677 Φάρον
2871 609 3085 679 λιμένος
3116 611 3642 678 γνωσιμιχήσαντας

2074 700 2354 784 amorne
2380 719 2435 753 τε
2476 701 2570 754 καὶ
2602 701 2958 772 ὑποστρέψαι.

2073 862 2139 909 κ’.
2176 859 2244 911 Τὸ
2281 861 2430 913 κατὰ
2459 861 2564 912 τεῖν
2585 861 2811 926 ῥήτορα
2839 860 2948 926 τῆς
2994 860 3324 927 ἐκκλησίας
3357 860 3642 929 Momm.

2323 930 2418 984 καὶ
2452 930 2558 984 τοῦ
2585 930 2975 1000 συγγραφέως
3013 931 3391 999 σχετλίασιςῤ

2145 1065 2364 1124 Τούτοις
2398 1064 2740 1134 προσκείσθω
2770 1067 2864 1117 καὶ
2893 1065 2952 1118 τὸ
2989 1065 3130 1119 κατὰ
3159 1065 3250 1120 τὸν
3281 1068 3482 1138 ῥήτορα
3531 1066 3649 1136 διή-

2075 1173 2250 1224 γημα,
2284 1154 2515 1225 φοϐερὸν
2543 1155 2600 1207 δν
2636 1156 2788 1219 ἰδεῖν,
2824 1156 3053 1226 φοϐερὸν
3076 1157 3131 1210 δὲ
3166 1158 3260 1211 καὶ
3284 1158 3494 1221 παθεῖν,
3513 1159 3648 1232 πλὴν

2076 1249 2175 1300 οὐκ
2206 1249 2298 1298 ἐπὶ
2334 1247 2524 1299 τούτου
2561 1247 2652 1300 τοῦ
2682 1249 2871 1316 καιροῦ
2912 1249 3156 1316 γεγονὸς,
3188 1248 3322 1302 ἀλλὰ
3358 1251 3648 1318 πρότερον.

2078 1338 2431 1406 Σδνάπτομεν
2463 1337 2519 1391 δὲ
2546 1339 2654 1400 τοῖς
2687 1338 2877 1401 δεινοῖς
2909 1341 2976 1394 τὰ
3005 1341 3153 1394 δεινὰ
3177 1343 3257 1405 εἰς
3286 1343 3383 1412 τὴν
3404 1343 3504 1408 τῆς
3532 1343 3651 1394 τότε

2080 1428 2198 1498 βίας
2254 1432 2616 1495 παράστασιν.
2650 1429 2715 1483 Ai
2761 1431 2817 1485 αῖ
2861 1433 2944 1486 ὅτι
2988 1434 3082 1487 καὶ
3120 1436 3356 1488 τοσαῦτα
3390 1436 3652 1498 παθόντες

2079 1521 2189 1582 τοῖς
2229 1518 2454 1591 ὕστερον
2499 1519 2708 1574 ἐλθοῦσι
2744 1523 2876 1591 μηδὲ
2930 1528 3166 1591 φανεῖσι,
3219 1526 3293 1597 μὴ
3341 1526 3546 1590 λέξασι,
3581 1528 3654 1595 μὴ

2082 1612 2336 1674 παθοῦσι,
2390 1612 2548 1681 μόνον
2577 1612 2620 1665 δ’
2667 1615 2902 1686 ἀφανείᾳ
2937 1617 3185 1683 κρυϐεῖσι
3224 1620 3318 1673 καὶ
3358 1618 3452 1671 τοῦ
3489 1621 3655 1689 μηδε-

2084 1707 2210 1773 μιᾶς
2237 1706 2520 1770 ἀξιοῦσθαι
2539 1709 2817 1778 φροντίδος
2843 1711 3022 1778 χάριν,
3053 1711 3276 1780 ἀπηνῶς
3301 1713 3652 1782 ἐκρινόμεθα.

2080 1797 2218 1850 εἴπω
2262 1798 2316 1850 δὲ
2354 1801 2447 1852 καὶ
2493 1801 2808 1870 κρινόμεθα.
2853 1802 3060 1869 Ὑμεῖς,
3097 1797 3141 1855 ὦ
3173 1801 3338 1868 οὗτοι,
3389 1805 3514 1866 τοὺς
3557 1807 3655 1872 τῆς

351 1947 354 1951 .
397 1897 558 1961 ξοντο
599 1895 651 1950 δὲ
683 1898 776 1950 καὶ
806 1896 1050 1966 φορτίδες
1077 1896 1178 1947 τοῦ
1220 1895 1554 1966 ὲξορέζεοθαι
1591 1897 1711 1958 τοὺς
1740 1896 1842 1966 ἤδη
1873 1912 1943 1947 κα
2012 1883 2050 1934 Β
2095 1892 2416 1962 Ἐκκλησίας
2445 1909 2460 1924 ο
2522 1894 2626 1946 ποῦ
2660 1895 2885 1957 στάντες
2931 1899 2962 1962 ἢ
2995 1897 3098 1949 ποῦ
3153 1898 3345 1967 βάντες
3391 1898 3423 1968 ἢ
3465 1898 3516 1950 τί
3565 1903 3657 1949 και

398 1988 694 2058 τακρίτους
745 1988 1056 2051 δοκοῦντας.
1087 1988 1160 2040 Οὐ
1212 1988 1318 2058 μὴν
1355 1988 1409 2040 δὲ
1455 1989 1548 2039 καὶ
1599 1987 1792 2057 μέχρις
1823 1987 1974 2039 ἐλπι-

402 2083 561 2152 σμῶν
580 2081 648 2134 τὰ
675 2077 996 2151 δεινὰῆσαν,
1029 2080 1163 2132 ἀλλὰ
1183 2086 1276 2132 καὶ
1301 2079 1464 2149 πείρα
1494 2079 1635 2140 τινὲς
1651 2079 1760 2131 τῶν
1785 2079 1975 2131 δεινῶν

405 2171 768 2244 μετεῖχον,ώς
801 2174 924 2232 τοὺς
947 2172 1046 2240 μὲν
1076 2172 1151 2233 εἰς
1176 2173 1414 2240 Λῆμνον,
1445 2174 1570 2233 τοὺς
1590 2170 1635 2222 δ’
1668 2173 1723 2233 ἐς
1746 2171 1972 2241 Σκῦρον,

405 2267 600 2328 illam;
617 2263 661 2318 δ’
686 2267 740 2328 ὲς
766 2263 892 2317 Κέω
915 2264 1004 2316 καὶ
1026 2263 1212 2325 ἄλλους
1236 2264 1288 2326 ἐς
1301 2263 1533 2324 Νικαίας
1556 2263 1708 2315 πόλιν
1731 2263 1976 2333 περιορισ-

404 2357 622 2420 (saliat,
649 2355 837 2418 ἄλλους
878 2355 924 2407 δ’
947 2352 1102 2418 αὖθις
1130 2355 1228 2423 τῆς
1273 2355 1478 2418 πόλεως
1518 2354 1644 2418 τοὺς
1689 2354 1786 2424 μὲν
1813 2355 1977 2407 ἀκουε-

410 2449 565 2512 uiroc,
597 2449 720 2510 τοὺς
770 2447 813 2500 δ’
850 2448 1072 2510 ἑκόντας
1116 2447 1478 2518 ἑξορίζεσθαι,
1513 2445 1594 2518 [Ρ.
1629 2445 1756 2517 266]
1787 2446 1978 2507 ἄλλους

409 2631 654 2685 scribere
679 2630 755 2683 illi
791 2629 954 2699 jussit
990 2643 1452 2697 unumquemque,
1489 2627 1630 2682 haud
1664 2627 1779 2682 scio
1818 2641 1977 2696 quem

411 2727 481 2778 ad
507 2739 687 2787 usum,
721 2724 825 2777 nisi
851 2723 988 2777 forte
1020 2732 1078 2775 ιιι
1110 2722 1539 2789 subscriptiones
1569 2721 1978 2774 ρει-Ιρςὶιιδιὶιιοο

414 2834 537 2873 rum
565 2817 900 2887 expressisse
924 2815 1135 2869 tandem
1162 2817 1335 2883 ipsum
1363 2814 1503 2866 fama
1532 2815 1802 2881 vulgante,
1825 2815 1976 2867 multi

414 2920 667 2982 putarent
692 2910 841 2978 ipsos
867 2910 932 2963 ad
955 2908 1138 2961 omnia
1168 2887 1447 2970 assensus,
1478 2907 1566 2974 qui
1595 2906 1801 2960 scilicet
1829 2906 1980 2974 igno-

417 3012 605 3058 rarent
653 3001 792 3056 nihil
843 2999 1274 3056 ecclesiasticum
1325 3014 1390 3053 eo
1437 2998 1643 3067 scripto
1691 2997 1978 3052 contineri.

415 3095 703 3164 Promptus
731 3107 790 3148 se
813 3091 1012 3162 passim
1043 3094 1108 3146 ad
1140 3091 1226 3145 isti
1253 3090 1704 3144 subscribendum
1737 3089 1983 3142 formulae

415 3185 771 3243 ecclesiastici
828 3183 1161 3254 praebebant,
1211 3183 1420 3250 prolixe
1482 3180 1796 3249 imperatori
1847 3179 1982 3231 bene

2078 1985 2370 2053 χρήσιμιον
2399 1986 2764 2054 ἐπιδειξάμενοι
2793 2007 2806 2052 ;
2836 1987 2951 2041 ἀλλ’
2975 1989 3072 2058 οὐχ
3098 1990 3250 2059 ὑμῖκ,
3281 1992 3391 2052 τοῖς
3420 1990 3476 2044 δὲ
3501 1990 3657 2055 δεξα-

2083 2074 2268 2142 μένοις
2309 2079 2340 2147 ὴ
2380 2077 2606 2148 μέμψις,
2645 2080 2738 2132 καὶ
2771 2082 2972 2150 μᾶλλον
2998 2083 3078 2134 ὅτι
3106 2082 3379 2143 κάκείνοις
3412 2083 3656 2134 ἐπιτιθε-

2083 2166 2264 2233 μένοις
2299 2165 2611 2236 ὲχρώμεθα.
2656 2169 2814 2221 Ἀλλὰ
2857 2171 2922 2223 τὰ
2960 2170 3062 2240 μὲν
3100 2172 3226 2239 περὶ
3276 2173 3480 2224 τούτων
3513 2169 3652 2235 ἆῖιις,

2081 2258 2213 2324 ἡμῖν
2235 2256 2290 2309 δὲ
2323 2259 2508 2328 καιρὶς
2529 2259 2590 2311 τὸ
2614 2260 2796 2312 καινὸν
2827 2261 3127 2331 διηγεῖσθαι
3149 2262 3412 2333 διήγημα.
3448 2264 3655 2333 Ἡμέρα

2077 2344 2146 2416 ἦν
2176 2350 2232 2400 ὲν
2267 2351 2377 2412 τοῖς
2412 2351 2576 2420 ἱεροῖς
2607 2351 2924 2422 ἀνακτόροις
2949 2353 3241 2418 συνάξεως,
3266 2355 3359 2405 καὶ
3382 2355 3412 2420 ἡ
3437 2351 3655 2417 σύναξις

2082 2443 2224 2510 ἱερὰ,
2256 2444 2348 2494 καὶ
2379 2443 2502 2496 ὅσον
2535 2446 2592 2496 ἐν
2616 2445 2988 2514 ἱερομονάχοις
3026 2447 3119 2499 καὶ
3141 2446 3314 2510 ἄλλως
3335 2447 3656 2518 ἱερωμένοις

2084 2621 2429 2678 “haedi-stum
2459 2625 2650 2681 exsilio
2681 2627 2962 2696 praefinito.
2982 2629 3256 2689 nonnullis
3277 2631 3413 2684 citra
3442 2639 3655 2700 portum

2083 2715 2174 2783 qui
2217 2715 2280 2768 ad
2316 2713 2553 2770 Pharum
2585 2727 2696 2784 est;
2725 2735 2958 2786 quorum
2999 2723 3148 2774 nutlti
3184 2724 3324 2775 malo
3364 2724 3429 2777 ad
3468 2739 3656 2778 asserto

2083 2821 2203 2859 sum
2235 2809 2413 2872 tracti,
2444 2807 2784 2878 professique
2813 2828 2868 2865 se
2898 2813 3018 2882 paci
3056 2814 3426 2882 acquiescere,
3465 2816 3658 2883 postli-

2085 2893 2253 2948 minio
2278 2898 2516 2949 revocati
2555 2898 2801 2953 redibant
2834 2903 3076 2958 dornnm.

2085 3049 2174 3102 9.0.
2234 3050 2486 3108 Narratio
2514 3057 2764 3124 supplicii
2802 3063 2996 3113 atrocis
3029 3065 3252 3130 irroguti
3279 3065 3492 3128 rhetori,
3520 3078 3565 3117 et
3597 3069 3657 3118 dc

2520 3143 2578 3178 eo
2623 3130 2933 3184 lamentatio
2978 3133 3237 3187 historici.

418 3289 725 3351 precantes,
761 3239 943 3333 verbis
981 3277 1085 3330 illis
1120 3276 1208 3328 Dei
1243 3279 1306 3329 al
1349 3275 1719 3329 Abrahatnum
1760 3291 1774 3327 :
1813 3292 1830 3324 ι
1879 3273 1980 3338 Qui
2013 3239 2055 3294 ο
2164 3259 2258 3316 His
2299 3263 2528 3317 addatur
2562 3269 2804 3322 narratio
2845 3268 2911 3321 de
2943 3269 3180 3335 rhetore,
3221 3278 3373 3326 atrox
3409 3275 3657 3342 quaedam

419 3371 797 3427 benedixerint
849 3367 980 3433 tibi,
1036 3369 1148 3424 sint
1199 3368 1300 3435 ipsi
1343 3365 1612 3420 benedicti
1654 3363 1857 3436 :39]
1892 3363 1983 3435 qui

419 3464 803 3519 tnaledixerint
846 3461 982 3524 tibi,
1017 3460 1388 3522 maledictioni
1426 3459 1766 3528 subjaceant.
1806 3476 1824 3508 ι
1861 3455 1987 3510 Post

421 3557 537 3608 haec
584 3551 809 3607 immisit
855 3550 1173 3606 satellitium
1217 3565 1376 3602 suum
1431 3548 1630 3617 passim
1683 3548 1736 3600 in
1792 3549 1986 3602 dmnos

417 3655 722 3702 scrutatum
751 3652 803 3698 et
835 3651 1227 3698 contrectatam
1257 3643 1445 3696 odioso
1477 3641 1694 3705 intima,
1720 3641 1842 3694 sine
1875 3642 1986 3695 dis-

417 3739 648 3794 crimine
684 3737 986 3792 innocentis
1033 3745 1129 3789 aut
1157 3735 1378 3803 culpati.
1421 3733 1732 3803 Allegahat,
1769 3749 1832 3786 ex
1878 3750 1986 3802 quo

421 3836 536 3898 ipse
560 3831 744 3884 urbem
775 3844 840 3881 ex
875 3827 1030 3881 hoste
1062 3826 1284 3894 ceperit,
1323 3825 1375 3878 in
1400 3840 1557 3878 suum
1591 3824 1869 3892 proprium
1897 3825 1986 3889 jus

418 3923 687 3979 transisse
706 3921 899 3976 domos
927 3920 1046 3988 ejus
1076 3925 1379 3972 universas.
1412 3915 1611 3970 [larum
1640 3931 1802 3984 porro
1826 3932 1984 3969 usum

416 4017 552 4072 citra
585 4017 816 4082 pretium
847 4013 1130 4081 indulgere
1165 4026 1223 4065 se
1251 4010 1373 4064 tidis
1407 4010 1508 4063 sibi
1543 4027 1556 4064 :
1586 4009 1854 4076 suspectis
1891 4026 1986 4062 au~

419 4122 530 4163 tem
564 4117 618 4163 et
644 4106 875 4177 quadam
904 4104 958 4158 in
990 4118 1046 4156 re
1079 4103 1181 4158 sibi
1211 4116 1401 4170 parere
1435 4101 1799 4156 abnuentibus
1827 4100 1984 4153 istam

419 4203 564 4256 nolle
591 4200 817 4270 gratiam
850 4196 1050 4261 facere,
1079 4196 1174 4251 sed
1202 4205 1256 4250 et
1281 4211 1345 4250 ex
1384 4196 1469 4250 his
1501 4195 1627 4264 jure
1653 4210 1710 4249 se
1746 4205 1984 4249 utentem

419 4309 524 4350 suo
555 4293 792 4363 pretium
828 4287 1116 4345 locationis
1145 4285 1480 4356 respondens
1512 4301 1788 4340 concessae
1831 4285 1986 4338 habi-

419 4385 610 4440 tationi
652 4393 733 4438 tot
778 4392 924 4438 retro
982 4396 1250 4436 annorum
1299 4390 1562 4449 repetere.
1609 4377 1665 4432 In
1713 4395 1984 4434 summam

417 4493 550 4548 ergo
591 4475 975 4533 conferebatur
1006 4474 1235 4544 pecunia
1276 4472 1456 4527 debita
1492 4489 1588 4542 pro
1642 4488 1741 4526 usu
1787 4473 1984 4526 aedium

2089 3365 2142 3405 tl.
2175 3353 2433 3410 terribilis
2463 3357 2631 3412 etiam
2669 3362 3043 3429 spectantibus
3068 3403 3080 3424 ,
3119 3365 3288 3418 multo
3327 3367 3505 3435 magis
3558 3383 3654 3435 pa-

2090 3447 2605 3519 tirnti.Qu:tnquam
2650 3453 2764 3506 hate
2783 3455 3002 3523 quidem
3037 3472 3122 3508 res
3153 3472 3258 3511 non
3291 3459 3392 3512 hoc
3417 3469 3659 3528 tempore

2065 3543 2340 3612 'contigit,
2362 3545 2452 3598 sed
2481 3547 2643 3613 paulo
2667 3557 2812 3600 ante.
2838 3545 3156 3604 Rcl‘eremus
3187 3561 3367 3606 autem
3395 3553 3493 3608 hoc
3515 3555 3653 3620 Ιιιυμ,

2087 3633 2249 3704 392
2289 3635 2682 3706 conjungentcs
2735 3639 2932 3694 similia
2975 3639 3268 3706 similibus.
3304 3647 3484 3715 gravia
3527 3665 3652 3714 gra-

2090 3728 2270 3788 \thns,
2315 3727 2366 3778 in
2400 3729 2676 3796 specimen
2715 3734 2972 3785 exercita:
3011 3743 3140 3788 tunc
3172 3737 3459 3793 violentae.
3511 3739 3653 3794 lleul

2092 3819 2191 3868 heu
2231 3818 2462 3874 miseros
2493 3823 2607 3874 nosl
2641 3824 2784 3890 qttod
2823 3833 2970 3879 tanta
3011 3830 3154 3894 passi
3201 3831 3269 3882 ab
3305 3830 3386 3884 bis
3431 3834 3524 3901 qui
3565 3849 3659 3904 po-

2089 3912 2289 3967 stct'ius
2323 3923 2606 3977 venerunt,
2640 3930 2873 3983 quorum
2910 3918 2960 3970 in
3011 3920 3112 3973 hoc
3155 3931 3268 3974 toto
3315 3924 3527 3990 negotio
3561 3942 3659 3981 nec

2089 4002 2256 4058 facies
2286 4003 2530 4058 visancc
2565 4009 2746 4062 audita
2781 4025 2877 4063 vox
2907 4020 3018 4075 est;
3055 4013 3144 4081 qui
3173 4014 3316 4084 quod
3349 4016 3482 4071 nihil
3513 4021 3656 4086 ρειςεί

2089 4107 2238 4158 sunt,
2270 4098 2588 4152 obscuritati
2618 4115 2729 4155 sure
2759 4101 3062 4173 rilitatique
3101 4105 3430 4174 debuerunt,
3471 4112 3658 4180 utique

2089 4205 2194 4242 non
2228 4190 2362 4244 tanti
2396 4191 2584 4258 habiti,
2617 4203 2674 4248 ιιι
2706 4208 2899 4250 curare
2931 4199 2997 4252 de
3025 4199 3156 4268 ipsis
3187 4211 3279 4256 aut
3309 4205 3534 4260 omnino
3570 4223 3659 4260 co.

2088 4287 2260 4351 gitare
2293 4287 2645 4356 dignarentur
2676 4292 2768 4360 qtti
2805 4292 2920 4348 Inec
2964 4296 3276 4350 movebant.
3311 4297 3390 4349 Ab
3433 4298 3535 4363 his,
3575 4299 3657 4352 in—

2087 4395 2274 4446 quam,
2302 4397 2404 4434 non
2436 4381 2820 4450 judicahamnr
2841 4402 2854 4450 ;
2879 4396 2932 4440 et
2961 4389 3088 4457 quid
3116 4389 3659 4460 dicojudicabamnr?

2091 4487 2234 4525 nunc
2272 4487 2489 4542 qunque
2517 4475 2852 4542 judicamur.
2903 4477 3010 4532 Vos
3037 4480 3304 4549 alloquor,
3337 4497 3370 4536 ο
3400 4484 3659 4540 ccclt-sia-

420 4574 490 4624 ab
516 4569 677 4624 annis
701 4570 814 4638 jam
845 4577 968 4621 ante
1002 4567 1222 4628 multis;
1255 4579 1306 4620 et
1339 4565 1456 4636 t'jltS
1499 4580 1737 4634 praesens
1784 4566 1984 4620 solutio
2023 4582 2060 4636 ι)
2092 4565 2237 4630 stici,
2275 4567 2363 4619 ubi
2398 4577 2624 4637 stantes,
2658 4578 2746 4623 aut
2775 4588 2881 4641 quo
2920 4576 3212 4644 progressi,
3244 4588 3336 4630 aut
3383 4579 3508 4647 quid
3542 4597 3659 4632 ont-

419 4663 763 4734 exigebatur,
795 4649 955 4730 idque
987 4659 1280 4728 peracerbe
1315 4659 1634 4728 pignoribus
1679 4659 1860 4710 statim
1897 4674 1987 4709 ea—

423 4758 528 4824 ptis
557 4761 610 4807 et
640 4767 707 4807 eo
742 4754 965 4806 nomine
1007 4753 1187 4805 ablata
1223 4750 1476 4804 fainiliari
1512 4751 1867 4815 supellectile.
1910 4750 1983 4802 Ita

419 4845 810 4901 corradcbatur
841 4845 1104 4915 quidquid
1137 4845 1438 4896 ornamenti
1481 4853 1572 4896 aut
1625 4846 1873 4912 pretiosae
1911 4847 1983 4894 rvi

419 4943 568 4994 cives
601 4939 655 4993 in
687 4939 896 4992 milibus
918 4937 1211 4992 habebant.
1239 4937 1415 4990 Naves
1440 4939 1602 4989 etiam
1633 4939 1983 5004 parabantur,

417 5048 542 5102 qua!
561 5032 704 5095 illos,
725 5031 818 5099 qui
843 5029 953 5099 jam
979 5029 1113 5084 satis
1132 5027 1254 5096 ejus
1278 5028 1522 5081 eritninzs
1545 5026 1806 5096 comperti
1830 5029 1982 5079 dam-

420 5125 644 5193 natique
674 5124 1021 5186 viderentur,
1074 5121 1127 5174 in
1181 5120 1328 5174 varia
1365 5119 1554 5175 exsilia
1609 5119 1980 5188 deportarent.

418 5216 529 5271 Nec
548 5216 660 5285 jam
693 5216 746 5269 in
771 5215 933 5269 minis
955 5223 1049 5266 aut
1076 5211 1190 5266 sola
1210 5212 1613 5280 exspectatione
1645 5211 1784 5263 mala
1813 5209 1983 5262 lbere-

419 5311 571 5372 hant,
603 5307 696 5362 sed
722 5307 775 5360 in
813 5320 1053 5376 praesens
1085 5304 1304 5358 illorum
1335 5302 1768 5371 experimentum
1803 5305 1982 5355 miseri

418 5403 806 5464 trahebantur;
855 5413 1088 5468 quorutn
1136 5395 1304 5464 aliqui
1343 5396 1396 5447 in
1435 5394 1733 5455 Lemnum,
1789 5394 1877 5448 alzi
1932 5394 1982 5445 io

418 5495 673 5563 Scyrum,
708 5490 952 5545 nonnulli
981 5491 1034 5543 in
1077 5487 1274 5550 Ceam,
1303 5488 1522 5556 quidam
1559 5488 1794 5555 denique
1823 5489 1874 5539 in
1903 5503 1985 5539 ur-

417 5586 539 5640 bent
573 5583 806 5636 Nicaeam
845 5581 1245 5649 relegabantur.
1277 5580 1378 5631 Alii
1415 5579 1615 5646 passim
1657 5579 1986 5631 extermina-

417 5680 617 5734 bantur
675 5678 829 5740 urbe,
887 5677 968 5729 rel
1025 5676 1166 5742 jussi
1215 5673 1480 5726 excedere
1533 5672 1851 5725 nominatim
1904 5671 1981 5723 \t‘l

416 5781 611 5842 sponte
671 5772 1052 5824 necessitatem
1121 5775 1540 5835 [πίονιτι-ιοηιυε,
1608 5765 1978 5833 quibusdam,

416 5861 595 5930 quoad
633 5861 809 5915 adhuc
843 5859 983 5913 delib
1025 5870 1202 5911 rarent
1228 5895 1241 5919 ,
1287 5872 1456 5924 usque
1488 5855 1553 5907 ad
1587 5855 1888 5923 Selyhriam
1928 5864 1982 5907 et

2091 4658 2222 4711 nino
2255 4657 2306 4710 in
2348 4674 2693 4715 communem
2730 4662 3018 4716 utilitatem
3058 4666 3306 4732 operati?
3339 4669 3432 4719 sed
3478 4678 3654 4723 t'cstra

2094 4749 2207 4803 haec
2237 4750 2392 4820 culpa
2429 4767 2532 4805 non
2561 4765 2661 4808 est.
2698 4754 2774 4807 Illi
2808 4765 2934 4808 sunt
2969 4759 3397 4826 reprehendendi
3435 4761 3526 4828 qui
3553 4761 3654 4817 ista

2089 4853 2450 4908 acceperunt;
2494 4860 2803 4914 quanquam
2857 4857 2939 4901 est
2980 4851 3124 4903 aliud
3173 4852 3348 4921 majus
3395 4856 3540 4923 quod
3589 4857 3658 4910 iis

2091 4945 2531 4989 Succenscamus.
2559 4933 2675 4992 Non
2726 4939 2870 4993 enim
2921 4950 3182 4998 toterasse
3213 4943 3294 4996 vel
3329 4947 3658 5015 approbasse

2088 5026 2326 5078 conlcnli
2359 5027 2499 5095 quod
2543 5029 2632 5082 alii
2668 5029 2922 5100 agebant,
2957 5031 3010 5084 in
3049 5042 3254 5102 partem
3298 5032 3400 5103 ipsi
3437 5035 3651 5105 injuria:

2091 5128 2383 5181 venerunt;
2422 5120 2518 5187 ipsi
2563 5121 2615 5174 in
2655 5137 2752 5174 nos
2790 5123 2968 5177 infesti
3006 5135 3254 5184 ruerunt.
3286 5127 3524 5196 ipsorum
3556 5145 3654 5183 au-

2090 5209 2336 5261 xiliarctu
2367 5225 2585 5279 operam
2622 5215 2826 5267 nostris
2872 5217 3287 5283 Oppressorihns
3340 5221 3651 5273 natantium

2088 5300 2294 5366 experti
2326 5300 2431 5354 vim
2459 5319 2666 5356 sumus.
2702 5304 2806 5359 Sed
2838 5307 3183 5375 querelarum
3207 5313 3364 5364 satis.
3395 5310 3448 5364 Id
3472 5313 3650 5380 potius

2087 5390 2230 5458 quod
2274 5393 2620 5462 suscepimus
2651 5411 2878 5463 agamus
2912 5414 2926 5449 :
2965 5415 3087 5452 nam
3119 5399 3193 5453 rei
3230 5416 3382 5454 nova:
3408 5403 3654 5473 inopina-

2089 5492 2263 5547 tzeque
2317 5484 2612 5539 referenda:
2653 5488 2753 5540 hoc
2799 5497 3011 5555 tempus
3052 5490 3336 5559 elegimus.
3378 5495 3498 5549 llirs
3533 5507 3650 5548 erat

2085 5577 2440 5631 ecclesiastici
2477 5590 2780 5634 conventus
2814 5582 2867 5634 in
2898 5596 3056 5636 sacro
3085 5585 3307 5653 palatio.
3345 5586 3398 5639 lu
3431 5603 3646 5642 sacrum

2085 5683 2208 5720 eum
2240 5679 2441 5723 emtum
2471 5671 2760 5725 collectum
2797 5675 2972 5728 fuerat
3001 5688 3262 5743 quantum
3292 5689 3409 5733 erat
3446 5689 3554 5733 tum
3595 5683 3645 5732 in

2089 5762 2220 5815 urbe
2253 5764 2598 5816 sacerdotum
2650 5777 2704 5819 et
2739 5768 3154 5826 monachorum.
3209 5772 3402 5825 Aderat
3454 5783 3507 5826 et
3562 5791 3651 5842 p-

2089 5855 2325 5908 triarcba
2358 5871 2480 5910 cum
2509 5857 2760 5912 universa
2790 5860 3018 5930 synodo.
3045 5860 3456 5917 Deliberant-ini,
3488 5885 3514 5917 ει
3550 5885 3647 5936 ιιι·
