3964 6562
476 381 582 455 847
1693 392 1945 458 GEORG
1961 394 2008 456 ll

2115 396 2537 459 ηΕΗΥΜΕΒΛΞ
3592 410 3675 465 ltili

470 505 565 558 καὶ.
595 502 845 574 μοναχοῖς
879 500 1180 574 πάνδημος.
1201 502 1391 573 Παρῆν
1406 503 1460 556 δὲ
1482 503 1576 556 καὶ
1592 501 1934 573 πατριάρχης
1957 503 2053 556 καὶ
2078 507 2125 565 Α
2154 506 2416 577 ρησίαζεν
2439 524 2451 538 ·
2503 509 2535 578 ἡ
2569 507 2613 562 δ’
2643 501 2732 578 ἦν.
2771 505 2844 564 ὡς
2898 507 3100 560 ἐκεῖνον
3147 505 3345 576 λέγειν,
3382 512 3412 580 ἡ
3608 526 3680 569 τὸν

461 592 651 650 ἅπασα
665 595 902 659 σύνοδόςο
929 594 994 649 Ἦ
1011 594 1066 648 δὲ
1089 594 1282 665 σκέψις
1301 596 1537 665 περίτῆς
1558 594 1879 665 κινουμένης
1897 593 2051 665 εἱρή-
2155 600 2325 654 παῖδα
2368 600 2629 671 Ἰωάννην
2670 601 2764 655 καὶ⁵
2799 599 3026 671 βασιλέα
3065 602 3267 655 εὔνοια.
3312 603 3415 655 Καὶ
3442 607 3466 656 ὁ
3503 606 3590 675 μὲν
3615 605 3676 662 ei.

461 702 561 758 νης
588 689 826 756 ἐκείνης.
867 687 1003 741 Τότε
1035 687 1166 757 γοῦν
1196 686 1591 752 καθεσθέντων,
1631 686 1969 757 τιμηθέντων
2000 687 2050 741 δ’

2155 708 2276 758 παν,
2303 692 2355 745 oi.
2387 692 2444 745 δὲ
2475 695 2605 764 περὶ
2631 691 2724 746 τδν
2751 692 2978 763 βασιλέα
3015 692 3090 756 ὡς
3117 691 3279 762 δῆθεν
3306 693 3593 761 εὐνοοῦντες
3617 701 3682 762 εἰς

460 780 553 834 ἐπὶ
578 779 815 852 καθέδρᾳ
839 780 935 834 καὶ
963 781 1168 852 ἀμφοῖν
1190 780 1402 834 τούτοιν
1425 780 1500 844 ὡς
1524 779 2049 849 συναγωνιζομένων
2153 784 2314 856 χάριν
2361 785 2520 849 ἄλλος
2562 784 2788 839 ἄλλοθέν
2831 784 2995 838 ποθεν
3037 771 3438 855 ἐκπηδῄσαντες
3482 786 3685 859 διασπᾷν

455 869 536 944 τῷ
567 871 797 943 βασιλεῖ,
832 872 926 927 τοῦ
974 888 1035 927 τε
1085 873 1468 945 ἀρχιδιακόνου
1512 873 1918 944 Μελιτηνιὼτου
1950 875 2045 926 καὶ

453 966 551 1019 τοῦ
583 964 1139 1037 πρωταποστολαρίου
1182 966 1454 1036 Κυπρίου,
1494 965 1523 1017 δ
1574 965 1759 1036 ῥήτωρ
1802 964 2040 1018 Ὀλόσω-

451 1059 550 1127 λος-
574 1059 785 1126 Zama,
812 1058 1132 1129 προσδοκῶν
1156 1058 1253 1130 τὴν
1280 1059 1387 1112 ἀπὸ
1417 1058 1677 1129 βασιλέως
1704 1057 2036 1129 ἐκχώρησιν.

463 1159 552 1221 Ὠς
586 1155 630 1211 δ’
663 1156 763 1227 οὐχ
788 1152 1023 1226 ὡρίζετο
1052 1154 1144 1206 ἐπὶ
1170 1152 1435 1221 καθέδρας
1477 1153 1573 1205 καὶ
1605 1151 1765 1204 αὑτὸν
1792 1149 2033 1217 ἕζεσθαι,

450 1248 684 1315 ἐξελθὼν
715 1248 975 1316 καθῆστο.
1016 1245 1169 1298 Ἐπεὶ
1211 1243 1269 1296 δὲ
1303 1244 1476 1311 λόγων
1509 1244 1843 1314 κινουμένων
1888 1243 1981 1296 καὶ
2007 1243 2037 1297 δ

448 1345 634 1414 ῥήτωρ
666 1339 910 1411 ἐζητεῖτο
938 1338 1317 1409 καὶχρήσιμος
1341 1336 1514 1390 ἐδόκει
1545 1334 1633 1408 [Ρ.
1657 1334 1786 1408 ΞϐἹ]
1818 1337 1851 1407 ἠ
1888 1352 2028 1406 παρ-

445 1437 606 1491 ουσία
674 1436 914 1496 ἐκείνου,
964 1432 1277 1504 ἀνεζητεῖτό
1320 1433 1416 1486 καὶ
1442 1429 1773 1503 παρίστατο,
1809 1428 1870 1482 οὐ
1921 1427 2032 1498 μὴν

443 1530 501 1583 δὲ
534 1531 675 1584 ὥστε
710 1529 890 1582 δοκεῖν
934 1525 1169 1596 εὐμενὴς
1196 1523 1264 1578 τὰ
1298 1523 1435 1592 πρὸς
1484 1521 1711 1593 βασιλέα
1753 1520 1839 1575 διὰ
1868 1520 1929 1573 τὸ
1951 1517 2027 1583 ὡς

445 1624 609 1694 δῆθεν
640 1621 740 1693 τῆς
777 1620 1003 1692 ἀτιμίας
1036 1619 1253 1689 ἐκείνης
1280 1616 1537 1686 ὐπὸγυον.
1571 1614 1735 1669 Ὅθεν
1765 1614 1860 1668 καὶ
1885 1616 2026 1684 ὲρωο

442 1715 686 1785 τώμενος
717 1714 819 1768 οὐκ
845 1711 1212 1783 ἀπεκρίνετο,
1253 1710 1346 1763 καὶ
1379 1708 1737 1778 ἐλπιζόμενος
1780 1707 1850 1760 τὰ
1888 1705 2028 1777 πρὸς

441 1808 602 1880 χάριν
630 1807 834 1874 λέγειν,
865 1806 1071 1868 ἐκεῖνος
1113 1800 1439 1873 παλινῳδίαν
1468 1796 1581 1854 οἷον
1620 1799 1755 1871 πρὸς
1787 1796 1854 1852 τὰ
1886 1798 2025 1868 πρό-

2151 877 2376 949 ὥρμων.
2414 878 2559 933 Ἀλλ’
2583 879 2893 951 ὀιβασιλεὺς
2920 879 2995 943 ὡς
3024 879 3185 947 δῆθεν
3207 877 3685 950 φιλανθρωπευόμε-

2149 987 2237 1034 νος
2266 970 2548 1037 διεκὼλυσ,
2581 970 2775 1042 καιρὸν
2804 972 2884 1033 είς
2929 972 3208 1041 ἐκδίκησιν
3239 970 3374 1038 θεὶς,
3402 971 3471 1035 ὡς
3516 970 3686 1037 ἔδειξεν

2149 1061 2275 1117 ὕστε
2284 1079 2396 1134 ρον.
2431 1063 2491 1117 '0
2519 1064 2618 1135 μὲν
2641 1063 2735 1118 οὖν
2763 1064 2947 1134 ῥήτωρ
2963 1061 3062 1134 τὴν
3083 1061 3180 1116 τοῦ
3205 1061 3521 1135 κρατοῦντος
3541 1063 3687 1133 ὀργὴν

2145 1152 2475 1208 ὑποπτεύων
2497 1157 2563 1226 τῇ
2592 1153 2861 1225 ἐκκλησία
2890 1154 3242 1225 προστρέχει,
3273 1152 3370 1206 καὶ
3399 1151 3519 1224 παρ’
3542 1154 3687 1221 αὐτῆς

2144 1244 2337 1315 ἧλπιζε
2394 1245 2683 1307 σώζεσθαι.
2728 1244 2787 1298 '0
2832 1244 2889 1298 δὲ
2924 1244 3106 1298 λαϐὼν
3161 1244 3371 1298 ἐκεῖθεν
3419 1244 3687 1314 περιορίζει

2141 1338 2223 1399 είς
2271 1335 2531 1400 Νίκαιαν,
2591 1336 2667 1398 ὡς
2700 1338 2788 1390 ἐπ’
2834 1336 3094 1409 εὐμενείᾳ
3148 1336 3307 1408 δῆθεν
3342 1337 3421 1399 είς
3472 1336 3562 1405 τὴν
3608 1335 3695 1401 τοῦ,
3734 1355 3739 1360 ’

2150 1428 2444 1482 Ὑακίνθου
2500 1428 2850 1483 ἀποστέλλων
2903 1430 3092 1501 μονήν.
3132 1427 3300 1483 Οὔπω
3348 1428 3530 1499 χρόνος
3555 1427 3687 1481 τετε-

2136 1520 2346 1588 λεσται,
2391 1523 2486 1577 καὶ
2537 1523 2875 1593 κινουμένων
2930 1523 3051 1577 τότε
3099 1522 3210 1576 τῶν
3253 1521 3550 1593 ἡμετέρων,
3583 1522 3690 1574 ἐπεὶ

2136 1609 2389 1665 κάκεῖνον
2420 1612 2589 1682 ἦκουε
2638 1610 2747 1665 τῶν
2789 1612 3127 1684 δεδογμένων
3177 1614 3517 1677 ἀποστατεῖν,
3551 1611 3689 1677 διξά-

2136 1720 2299 1775 μενος
2332 1706 2428 1758 καὶ
2469 1707 2807 1777 κατηγορίας
2839 1706 2917 1779 μὴ
2953 1706 3338 1777 προσηκούσας
3371 1706 3554 1777 ἐκείνῳ
3581 1707 3690 1776 μηδ’

2133 1798 2408 1864 ὁπωσοῦν,
2437 1799 2662 1865 ἄλλοθεν
2710 1802 2900 1871 καιρὸν
2934 1800 3163 1871 νομίσας
3210 1801 3463 1854 κάκεῖνον
3499 1799 3592 1869 μὲν
3626 1818 3691 1852 τι-

440 1873 600 1975 τερον
654 1900 1047 1971 ποιησάμενος,
1094 1897 1192 1969 τὴν
1234 1896 1485 1950 ἐναντίαν
1514 1893 1591 1964 τῷ
1635 1892 1845 1965 βασιλεῖ
1868 1892 2027 1962 δῆλος
2061 1873 2103 1931 Β
2136 1895 2419 1966 μωρῆσαι,
2445 1897 2595 1967 ἡμᾶς
2626 1897 2682 1950 δὲ
2710 1896 3020 1967 δεδίξαψαι
3053 1899 3261 1952 ἐκεῖνον
3293 1892 3435 1951 εἶναι
3462 1896 3548 1950 τὸν
3572 1898 3685 1967 πρέ⁸

439 1993 506 2068 ἦν
535 1992 766 2068 βαδίζων
792 1992 865 2056 ὡς
914 1992 989 2062 μὴ
1029 1990 1367 2052 συνοίσοντος
1395 1984 1634 2058 οὐδαμοῦ
1669 1984 1764 2039 τοῦ
1814 1986 1897 2046 είς
1928 1983 2025 2052 ζὴ.

436 2098 597 2160 τησιν
629 2086 1019 2158 προκειμένου.
1052 2085 1163 2137 Καὶ
1196 2082 1359 2145 εὐθὺς
1389 2080 1604 2152 αἴρεται
1640 2078 1738 2148 μὲν
1764 2075 1844 2147 τῷ
1873 2074 2023 2145 βασιο

436 2184 522 2243 λεῖ
551 2182 580 2235 ὁ
615 2181 810 2251 θυμὸς,
844 2180 937 2233 καὶ
970 2179 1070 2250 βοὴ
1108 2174 1200 2250 ἦν,
1233 2176 1329 2230 καὶ
1358 2176 1434 2237 ὡς
1459 2173 1688 2236 δύσνους
1715 2171 1802 2226 ἀεὶ
1827 2170 1923 2224 καὶ
1943 2168 2023 2240 τῷ

2133 2002 2324 2054 ποντα,
2363 1987 2601 2058 πέμπων
2631 1989 2734 2042 ὑπὸ
2775 1989 2996 2059 δεσμοῖ,
3033 1991 3182 2060 ἄγει,
3229 1990 3323 2044 καὶ
3369 1990 3576 2062 πρῶτον
3607 1992 3691 2057 μὲν

2130 2076 2358 2149 ἀπηνῶς
2412 2080 2746 2151 προστάσσει
2792 2082 2889 2135 καὶ
2936 2082 3323 2154 ἀπανθρώπως
3380 2081 3687 2146 αἰκίζεσθαι,

2131 2168 2326 2223 ἔπειτα
2359 2169 2418 2223 δὲ
2450 2169 2543 2224 τὸν
2568 2172 2755 2226 καινὸν
2786 2174 2993 2226 ἐκεῖνον
3015 2172 3288 2245 θρίαμϐον
3315 2174 3689 2244 ἀπεργάζεται.

438 2275 752 2346 φρονήματι
774 2269 1349 2341 ἀλλοπρόσαλλος,“καἰ
1374 2269 1457 2321 ὅτι
1485 2265 1546 2320 οὐ
1577 2262 1708 2337 παρ’
1743 2263 1912 2335 ἄλλην
1937 2263 2025 2315 aio
2129 2261 2334 2334 Σχοίνῳ
2367 2265 2476 2335 γὰρ
2505 2266 2695 2337 μακρᾷ
2727 2265 2837 2319 τῶν
2874 2266 3163 2337 τραχήλων
3192 2264 3458 2329 κελεύσας
3487 2265 3689 2332 ἐκδῆσαι

434 2369 555 2421 τίαν
573 2367 685 2420 ἀλλ’
702 2365 834 2420 αὐτὸ
846 2364 934 2419 τοῦ
944 2383 1002 2418 το
1020 2363 1081 2417 τὸ
1101 2365 1186 2417 ἀεὶ
1202 2362 1444 2417 δυσνοεῖν
1459 2359 1553 2413 καὶ
1567 2357 1628 2411 τὸ
1643 2358 1734 2410 ἐπὶ
1757 2357 1854 2426 τῆς
1877 2355 2021 2426 ῥινὸς

435 2459 725 2525 πέπονθεν,
759 2458 1141 2528 αίνιττομὲνης
1190 2456 1287 2526 τῆς
1323 2453 1520 2522 ποινῆς
1558 2451 1825 2504 ἐντεῦθεν.
1872 2449 1929 2502 Ὀ
1949 2448 2018 2501 δὲ

434 2553 660 2623 ἀκράτῳ
694 2551 860 2605 πάθει
908 2550 1224 2620 φιλοτιμίας
1259 2548 1354 2600 καὶ
1397 2545 1524 2617 δόξῃ
1557 2546 2019 2619 καταφρονήσεως

435 2645 610 2717 θυμὸν
653 2645 883 2719 ἄκαιρον
927 2642 1088 2709 μίξας
1139 2641 1238 2713 τὴν
1265 2640 1363 2710 τῆς
1398 2639 1588 2709 ποινῆς
1629 2636 1808 2690 αίτίαν
1841 2633 2017 2706 ἐτυρ-

436 2838 678 2886 mentum
738 2833 855 2881 erat
901 2820 1277 2895 propositum,
1342 2836 1444 2893 pax
1500 2814 1866 2875 Ecclesiarum
1919 2816 2012 2874 illa

433 2924 501 2979 de
520 2938 629 2992 qua
656 2918 903 2975 instituta
928 2917 1183 2972 tractatio
1215 2915 1417 2995 fuerat.
1444 2913 1872 2970 Considentibus
1898 2911 2011 2982 jam

430 3015 670 3079 eunetis,
727 3022 781 3067 et
831 3010 1074 3081 (ligantis
1121 3010 1328 3063 honore
1362 3006 1636 3061 cathedrae
1680 3020 1711 3060 a
1757 3003 2010 3074 praesenti

431 3112 678 3178 Angusto
712 3104 929 3160 duobus
960 3102 1089 3164 illis,
1119 3090 1331 3171 quibus‘
1357 3100 1423 3154 ad
1454 3100 1507 3154 id
1540 3099 1818 3169 negotium
1849 3097 2010 3168 adju-

431 3200 644 3257 toribus
679 3197 802 3253 lidis
854 3195 1131 3260 utebatur,
1168 3191 1562 3248 archidiacono
1590 3189 1924 3246 Meliteniota
1953 3201 2004 3247 et
2037 3241 2078 3261 η

430 3289 929 3363 protoapostolario
980 3286 1204 3357 Cyprio,
1253 3285 1439 3338 rhetor
1486 3283 1789 3339 Holobolus
1832 3284 2013 3338 stabat

427 3394 754 3454 exspectans
781 3390 841 3436 ut
878 3379 1179 3448 imperator
1211 3376 1390 3446 ipsum
1427 3391 1647 3448 quoque
1674 3376 1892 3447 iuberet
1922 3392 2011 3433 as-

425 3479 639 3542 sidere;
673 3475 764 3530 sed
793 3485 918 3528 cum
952 3471 1004 3524 id
1033 3472 1123 3523 diu
1156 3468 1359 3523 frustra
1385 3478 1781 3538 exspectasset,
1812 3470 2003 3525 exiens

426 3572 474 3626 is
508 3571 562 3624 in
595 3567 847 3639 proximo
882 3562 1151 3621 consedit.
1178 3560 1560 3632 Disputatione
1585 3576 1708 3616 mox
1746 3561 2004 3619 inchoata

428 3662 726 3732 requisitus
759 3668 846 3733 est
870 3657 1076 3722 rhetor,
1107 3654 1263 3724 cujus
1289 3668 1455 3724 opera
1490 3653 1774 3722 praesentis
1802 3654 1997 3723 profu-

426 3764 546 3810 tura
575 3752 737 3824 393
770 3749 1074 3806 videbatur.
1108 3746 1202 3803 Ille
1233 3748 1441 3802 accitus
1481 3746 1728 3810 adstitit,
1774 3748 1865 3802 sed
1899 3748 2004 3801 im—

426 3848 641 3919 placido
688 3847 741 3900 in
798 3841 1102 3915 principem
1150 3841 1357 3903 animo,
1412 3856 1441 3891 ιι
1496 3854 1606 3909 quo
1649 3854 1710 3895 se
1757 3826 2000 3908 spretum

422 3942 631 3996 omissa
680 3936 951 3992 delatione
1009 3932 1272 3989 sessionis
1318 3930 1537 4001 penitus
1592 3930 1998 4003 indignabatur.

421 4033 565 4103 Ergo
605 4033 975 4101 interi-Ogatus
1012 4028 1193 4099 primo
1246 4035 1443 4097 praeter
1483 4025 1794 4094 opinionem
1830 4026 2002 4080 silu‘t.

424 4126 660 4198 Urgente
690 4139 821 4180 vero
860 4123 1214 4193 imperatore,
1269 4118 1363 4190 qui
1419 4132 1544 4172 eum
1591 4117 1895 4173 conﬁdebat
1947 4121 2002 4174 in

418 4235 601 4283 suam,
649 4228 707 4271 ut
756 4224 940 4280 antea,
981 4213 1308 4270 sententiam
1364 4212 1695 4274 locuturum,
1745 4212 1835 4265 ille
1889 4228 1996 4268 non

419 4311 778 4368 diasimulans
810 4310 1076 4381 pmuitere
1116 4322 1174 4363 se
1205 4308 1360 4378 prius
1386 4314 1663 4372 actorum,
1687 4316 1738 4361 et
1771 4317 1997 4361 contra-

419 4405 531 4461 rias
565 4401 878 4473 imperatori
912 4412 1096 4469 partes
1140 4401 1398 4471 deinceps
1428 4407 1752 4455 secuturum
1791 4416 1902 4469 prie
1932 4416 1992 4455 se

419 4497 622 4562 ferens,
653 4494 822 4547 libere
849 4490 1138 4545 aﬂirmavit
1172 4490 1446 4561 negotium
1473 4490 1620 4560 quod
1652 4494 1989 4561 proponeba.

2124 2355 2335 2408 ἐκεῖνόν
2367 2372 2426 2409 τε
2460 2356 2679 2428 πρῶτον
2706 2358 2917 2413 καὶτὸν
2958 2356 3194 2428 Ἰασίτην
3227 2358 3437 2413 Μελίαν
3461 2357 3690 2427 δεύτερον

2126 2446 2221 2499 καὶ
2257 2445 2387 2517 ἑξῆς
2415 2447 2597 2514 ἄλλον,
2644 2447 2751 2512 ἕως
2797 2448 2888 2501 καὶ
2922 2450 2980 2514 ὲς
3014 2448 3145 2503 δέκα
3186 2448 3282 2503 τοῦ
3328 2445 3561 2520 ἀριθμοῦ
3593 2447 3689 2500 τάν

2125 2540 2337 2610 ἀνδρῶν
2396 2541 2761 2607 ποσωθέντος,
2803 2540 3032 2596 ὕστατον
3086 2540 3144 2596 δὲ
3194 2544 3289 2596 καὶ
3343 2542 3444 2610 τὴν
3499 2540 3686 2594 ἐκείνου

2124 2635 2354 2706 ἀνεψιὰν
2396 2637 2480 2701 είς
2529 2636 2628 2707 τὴν
2660 2635 2769 2691 τῶν
2802 2637 3051 2709 μαγειῶν
3097 2636 3257 2707 δῆθεν
3302 2635 3550 2704 ἔνδειξιν,
3577 2636 3687 2697 τοὺς

2124 2817 2419 2874 volentiam
2447 2817 2688 2873 debitam
2736 2827 3039 2889 prtestaret.
3083 2831 3206 2874 tunc
3252 2832 3382 2874 eum
3422 2818 3683 2878 loeutum.

2121 2912 2215 2980 qui
2242 2911 2391 2966 circa
2419 2909 2808 2981 imperatorem
2836 2920 3013 2977 erant,
3044 2910 3134 2966 alii
3161 2910 3387 2966 aliunde
3412 2926 3684 2980 erumpen-

2124 3013 2225 3067 tes,
2263 3003 2409 3072 quod
2448 3004 2529 3059 sic
2558 3003 2606 3057 ei
2653 3002 2953 3075 gratificari
2980 3018 3042 3059 se
3091 3012 3387 3073 putarent,
3424 3002 3576 3074 quasi
3608 3003 3681 3055 di-

2119 3094 2393 3164 scerpturi
2427 3096 2721 3163 petierunt.
2761 3092 2963 3149 Verum
2992 3108 3091 3150 eos
3120 3095 3421 3165 imperator
3451 3092 3681 3149 allectat:

2119 3188 2512 3244 moderationis
2546 3187 2728 3257 specie
2757 3186 3059 3257 prohibuit,
3096 3202 3312 3257 poenam
3353 3201 3463 3242 non
3497 3187 3683 3242 condo-

2115 3296 2275 3347 nans,
2307 3279 2404 3337 sed
2444 3280 2500 3335 in
2527 3279 2674 3336 aliud
2704 3289 2919 3351 tempus
2951 3280 3233 3347 dili‘crens,
3268 3289 3328 3336 ut
3368 3292 3559 3352 postea
3591 3298 3680 3352 ap-

2111 3373 2318 3442 paruit.
2349 3369 2559 3426 Rhetor
2595 3382 2779 3427 autem
2814 3374 2952 3427 iram
2984 3372 3336 3443 imperatoris
3385 3375 3589 3431 veritus
3618 3375 3675 3428 ad

2102 3466 2393 3522 ecclesiam
2419 3465 2686 3537 confugit,
2737 3481 2898 3523 sacro
2924 3482 2984 3523 se
3010 3468 3160 3539 asylo
3196 3469 3263 3524 ad
3295 3470 3530 3525 salutem
3561 3487 3680 3526 usu-

2110 3576 2231 3615 rum
2271 3576 2523 3631 sperans.
2555 3562 2624 3617 At
2650 3562 3195 3634 imperator'blandis
3224 3564 3353 3620 inde
3377 3566 3530 3620 illum
3568 3580 3681 3621 sua-

2110 3653 2365 3709 sionibus
2411 3662 2715 3709 extractum
2763 3653 2999 3725 perpulit
3052 3657 3291 3726 utquasi
3317 3656 3491 3712 animi
3518 3658 3676 3727 gratia

2109 3747 2162 3801 in
2196 3749 2591 3803 monasterium
2617 3746 2908 3818 Hyacinthi
2937 3764 3003 3803 se
3020 3746 3313 3814 conferret,
3337 3751 3676 3806 commodum

2108 3840 2362 3896 videlicet
2413 3840 2580 3913 394
2623 3841 3028 3909 diversorium;
3081 3858 3193 3912 quo
3231 3842 3378 3899 facto
3412 3845 3675 3908 hominem

2108 3935 2348 3990 humane
2378 3933 2701 3990 consulendi
2743 3935 2925 4004 specie
2975 3936 3236 4008 relegavit
3277 3934 3521 3994 Nicaeam
3546 3976 3563 4004 ,
3594 3940 3674 3994 ubi

2106 4037 2225 4083 erat
2255 4027 2307 4082 id
2338 4028 2733 4083 monasterium
2767 4027 2958 4084 situm.
2983 4027 3233 4086 Nondum
3264 4046 3448 4090 annus
3469 4033 3678 4089 emuss-

2105 4132 2211 4186 rat,
2237 4138 2364 4177 cum
2402 4121 2544 4177 inter
2590 4122 2757 4178 hasce
2791 4132 3011 4180 nostras
3041 4123 3108 4179 de
3139 4128 3437 4181 concordia
3491 4129 3671 4183 Eccle-

2101 4215 2308 4268 siarum
2342 4223 2518 4270 motas
2546 4215 2827 4270 ardentius
2883 4215 3313 4284 controversias,
3340 4220 3509 4275 certis
3533 4234 3677 4274 com-

2103 4315 2255 4374 perto
2290 4306 2498 4361 nuntiis
2535 4306 2833 4373 imperator
2875 4305 3203 4363 ilolobolum
3248 4324 3279 4363 e
3329 4311 3501 4379 priori
3542 4314 3673 4381 quod

2101 4396 2239 4465 alias
2267 4397 2584 4453 ostenderat
2613 4399 2824 4468 judicio
2855 4403 3004 4469 pacis
3039 4402 3198 4458 istius
3229 4404 3521 4459 consilium
3550 4418 3672 4475 pro-

2099 4489 2266 4543 bante
2316 4491 2491 4559 palam
2533 4492 2649 4562 jam
2702 4494 3003 4561 resiliisse,
3055 4495 3373 4566 perindigne
3413 4498 3465 4552 id
3504 4501 3673 4553 ferens

416 4595 506 4641 tur
536 4572 961 4654 haudquaquam
995 4581 1117 4637 fore
1150 4582 1286 4637 utile
1319 4581 1509 4637 videri.
1542 4580 1842 4638 Perculsus
1874 4585 1992 4637 inn.
2024 4581 2071 4639 D
2097 4596 2259 4638 aures
2288 4584 2448 4639 facile
2476 4585 2703 4654 praebuit
2733 4586 3226 4644 calumniatoribus
3253 4590 3478 4661 inligna
3520 4607 3665 4662 quie-

423 4676 771 4747 pinatissimo
802 4674 950 4730 dicto
976 4674 1273 4745 imperator
1299 4675 1630 4738 excanduit,
1660 4674 1995 4747 increpavit-

413 4766 808 4841 quehominem
837 4768 1049 4838 niagnis
1061 4767 1397 4825 clamoribus
1418 4784 1436 4827 :
1458 4782 1652 4839 nempe
1671 4769 1823 4823 illum
1844 4769 1996 4826 voci-

413 4861 599 4917 ferans
616 4843 984 4930 exprobrabat
1005 4876 1112 4915 non
1135 4874 1280 4914 nunc
1302 4859 1536 4930 primum
1559 4859 1663 4915 sibi
1692 4859 1990 4927 infensum,

408 4953 725 5027 ambiguum
776 4953 1097 5022 jamdudum
1136 4961 1191 5005 et
1227 4954 1278 5005 in
1312 4953 1589 5008 contraria
1634 4954 1948 5009 versatilem
1973 4994 1990 5021 ,

408 5062 517 5105 non
548 5047 655 5103 alia
686 5046 861 5116 magis
893 5060 1058 5101 causa
1096 5060 1190 5114 per
1217 5047 1467 5116 opposita
1497 5046 1796 5116 circumagi
1823 5061 1989 5116 quam

410 5141 676 5198 malevola
702 5140 927 5196 libidine
963 5139 1065 5195 sibi
1094 5138 1375 5204 obstandi,
1399 5154 1561 5209 quem
1587 5140 1822 5210 pessime
1843 5140 1992 5196 odis-

406 5241 508 5288 set.
542 5230 709 5288 Ferre
741 5232 895 5287 illum
926 5230 1085 5286 istius
1118 5246 1232 5286 sua:
1258 5230 1612 5300 malignitatis
1644 5231 1899 5295 stigmata
1932 5232 1987 5284 in

408 5325 672 5391 uasoyilli
709 5324 961 5379 videlicet
1023 5324 1152 5379 olim
1186 5323 1434 5379 abscisso
1474 5324 1526 5377 in
1558 5338 1775 5393 patrnam
1808 5327 1984 5381 aversi

404 5415 574 5471 animi
606 5431 633 5468 a
674 5414 941 5486 principe.
995 5414 1067 5467 Ea
1104 5414 1292 5469 rhetor
1327 5413 1559 5467 audiens
1590 5413 1768 5467 elatus
1797 5413 1987 5469 incon-

402 5510 547 5565 snitu
571 5509 674 5573 ira,
698 5522 862 5577 quam
898 5511 1002 5561 am‘.
1027 5507 1123 5562 ilio
1151 5507 1422 5577 impotens
1455 5506 1709 5576 Opinione
1735 5515 1982 5562 contem-

403 5610 529 5672 ptus
574 5603 783 5656 irritata
823 5602 962 5656 ultra
1013 5600 1096 5656 fas
1131 5600 1400 5671 propulit,
1437 5615 1618 5654 veram
1658 5600 1817 5654 istius
1864 5616 1984 5669 qua:

400 5696 506 5749 sibi
537 5710 685 5749 nunc
713 5695 1139 5765 exprobraretur
1164 5708 1340 5762 poena:
1360 5708 1581 5747 causam
1602 5703 1685 5748 est
1706 5694 1983 5750 liberrime

399 5786 709 5859 professus,
756 5789 902 5842 clare
944 5786 1136 5841 dicens
1184 5802 1243 5840 se
1289 5802 1423 5841 naso
1471 5788 1785 5852 multatum,
1831 5789 1977 5858 quod

403 5880 598 5937 Joauni
644 5894 834 5951 puero,
866 5880 1109 5951 legitimo
1146 5880 1496 5949 itnprralori,
1535 5881 1694 5937 filum
1727 5890 1775 5936 et
1815 5883 1979 5935 bene-

2099 4676 2222 4729 dam
2250 4684 2304 4730 et
2330 4691 2359 4730 a
2394 4677 2485 4731 tali
2519 4679 2636 4733 viro
2669 4679 2847 4734 aliena
2877 4680 2945 4736 de
2982 4680 3253 4740 Holobolo
3279 4684 3670 4741 deferentibus.

2097 4768 2280 4833 Quare
2322 4770 2669 4826 occasionem
2722 4788 2844 4827 eam
2904 4776 3249 4831 commodam
3312 4789 3469 4833 ratus
3514 4778 3669 4833 sitnul

2099 4861 2258 4915 invisi
2307 4862 2505 4932 eapitls
2552 4864 2873 4929 ulciscendi,
2906 4867 3071 4921 simul
3112 4868 3417 4925 deducendi
3465 4885 3569 4925 nos
3607 4873 3672 4924 ab

2096 4953 2373 5022 opinione,
2395 4970 2558 5025 quam
2580 4957 2648 5010 de
2663 4956 2784 5027 ejus
2803 4967 2864 5013 ut
2883 4958 2983 5013 viri
3013 4963 3325 5030 praestantis
3350 4963 3669 5018 auctoritate

2094 5042 2455 5114 doctrinaque
2506 5046 2825 5113 praeclaram
2876 5050 3249 5117 habebamus,
3294 5055 3492 5110 adduci
3546 5070 3664 5109 eum

2095 5138 2337 5192 vinctum
2372 5141 2428 5194 in
2462 5140 2651 5196 urbem
2679 5142 2855 5213 jubet.
2882 5141 2984 5198 Hie
3012 5147 3253 5214 primum
3289 5146 3441 5200 illum
3473 5148 3668 5203 crude-

2096 5229 2223 5285 liter
2251 5232 2679 5303 itnmaniterquc
2714 5234 2929 5290 concidi
2959 5234 3145 5306 ﬂagris
3178 5236 3447 5306 imperat,
3476 5239 3666 5293 deinde

2091 5322 2219 5377 novi
2251 5322 2414 5392 hujus
2439 5325 2734 5394 spectaculi
2771 5340 2863 5394 per
2893 5328 3096 5382 civium
3138 5344 3237 5385 ora
3273 5344 3526 5399 pompam
3563 5340 3666 5385 tia-

2089 5416 2261 5471 ducit.
2304 5416 2550 5489 Longum
2582 5417 2650 5474 de
2687 5419 2827 5474 collo
2873 5421 3154 5476 trahentes
3190 5422 3375 5478 funem
3418 5425 3653 5493 primun

2089 5509 2408 5574 Holobolus,
2445 5515 2687 5567 secundo
2731 5514 2852 5569 loco
2897 5512 3095 5570 Jasites
3150 5513 3360 5583 Helias,
3404 5528 3519 5571 tum
3574 5518 3661 5570 al.i

2087 5604 2345 5658 continua
2390 5604 2531 5659 serie
2563 5607 2803 5662 virorum
2834 5607 3094 5662 decadein
3133 5609 3433 5679 explentes,
3467 5611 3658 5679 adjun-

2088 5705 2174 5749 cta
2229 5695 2514 5749 underima
2571 5698 2826 5763 muliere,
2882 5697 3132 5756 Holnboli
3187 5702 3428 5772 ejusdem
3479 5712 3655 5768 nepte,

2086 5786 2323 5842 ostentui
2356 5796 2525 5842 tracta
2562 5790 2708 5844 velut
2738 5804 2918 5862 maga,
2965 5809 3061 5864 per
3109 5776 3418 5851 universam
3471 5799 3655 5850 urbem

2086 5892 2138 5936 et
2169 5884 2514 5951 peculiariter
2543 5888 2686 5941 circa
2711 5891 3001 5947 ecclesiam
3038 5892 3182 5952 findo
3212 5896 3489 5966 triumpho
3511 5893 3657 5947 dum
