3964 6584
247 479 346 539 853

1182 484 1280 542 DE
1334 481 1726 541 MlClIAELE
1767 481 2227 549 PALAZOLOGO
2268 488 2415 547 LIB.
2460 487 2527 547 V.

3381 479 3490 546 851i

252 588 316 640 Τὸ
353 583 450 656 μὲν
481 578 575 639 οὗν
610 587 701 640 τὸν
732 588 1079 660 πατριάρχην
1127 590 1546 661 παρακινεῖσθαι
1573 590 1805 661 ἐργῶδες
1840 599 1878 650 Α
1913 593 2124 663 βασιλεῖ
2152 599 2330 650 ἐκεῖσε
2362 596 2668 663 παρόντων,
2695 595 2722 646 ό
2749 593 3045 657 ἀπόστολος
3075 594 3172 646 εἴτ’
3197 589 3290 648 οὖν
3325 598 3356 661 ἡ
3391 611 3490 647 πει

247 671 326 746 ἦν,
362 675 484 727 ἐπεὶ
521 675 621 729 οὐκ
672 677 898 731 αὐτόθεν
949 681 1156 743 ἐκεῖνος
1198 683 1493 751 παρῃτεῖτο
1547 682 1644 750 τὴν
1683 698 1816 750 προ-

249 764 487 818 στασίαν.
538 764 625 828 Ὠς
655 766 784 834 γοῦν
815 769 915 821 οὐκ
963 765 1032 840 ἦν
1069 771 1479 840 παραιτεῖσθαι,
1530 772 1816 842 μάρτυρας

244 854 347 908 τῶν
382 855 517 926 πρὸς
573 856 799 926 βασιλέα
846 860 1020 928 λόγων
1070 863 1280 915 ἐκείνου
1314 863 1388 926 ὡς
1421 858 1488 934 ἦν
1537 865 1818 935 παραστή-

247 967 430 1012 σαντες
466 950 535 1017 (oi
581 949 626 1002 δ’
654 946 794 1019 ἦσαν
822 953 871 1004 οἱ
919 953 1047 1023 περὶ
1075 955 1167 1006 τὸν
1201 954 1603 1021 δικαιοφύλακα
1648 957 1819 1010 Σκου-

245 1039 537 1111 ταριώτην)
568 1041 642 1105 ὡς
683 1043 1118 1116 ὑπισχνουμένου
1144 1045 1305 1114 δῆθεν
1333 1046 1428 1100 τοῦ
1479 1047 1820 1118 πατριάρχου

243 1134 338 1202 τὴν
371 1132 630 1185 ἑκουσίαν
678 1134 986 1206 ἐκχώρησιν
1017 1137 1074 1188 ἐἰ
1107 1137 1338 1190 εὐοδοῖτο
1389 1141 1448 1188 τὸ
1478 1137 1657 1206 ἔργον,
1694 1139 1824 1191 ταὺ-

244 1241 336 1294 την
366 1223 468 1291 τὴν
509 1223 690 1293 φωνὴν
723 1223 798 1289 ὡς
846 1229 1176 1298 παραίτησιν
1223 1228 1456 1295 τελείαν,
1505 1228 1729 1298 προσέτι
1763 1230 1819 1282 δὲ

250 1321 337 1372 καὶ
376 1320 470 1372 τὸν
521 1321 686 1389 ὅρκον
733 1320 950 1394 ἔκρινον
999 1325 1047 1377 oi
1100 1325 1401 1396 ἀρχιερεῖς,
1456 1326 1554 1398 τὴν
1602 1326 1702 1397 μὲν
1747 1327 1822 1395 ᾡς

246 1413 564 1484 ὑπόσχεσιν,
605 1413 698 1467 τὸν
752 1413 807 1468 δὲ
838 1415 914 1478 ὡς
959 1415 1220 1487 κωλύμην
1266 1418 1548 1488 ἄντικρυς.
1601 1418 1675 1471 Τὸ
1712 1418 1822 1491 γὰρ

245 1505 392 1558 ἔνθεν
427 1505 528 1574 μὲν
576 1507 650 1576 μὴ
703 1509 1099 1578 καταδέχεσθαι
1138 1508 1235 1580 τὴν
1279 1509 1478 1580 πρᾶξιν
1525 1511 1820 1579 ὀμνύοντα,

245 1595 455 1648 ἐκεῖθεν
494 1597 550 1649 δὲ
598 1597 892 1664 γεγονυίας
929 1600 1192 1668 ἐκχωρεῖν
1232 1599 1683 1669 ὑπισχνούμενον,
1728 1602 1825 1671 δη·

245 1685 466 1750 λοῦντος
511 1683 580 1758 ἦν
611 1689 828 1746 πάντως
875 1691 1263 1761 προχωρούσης
1291 1692 1388 1760 τῆς
1433 1693 1683 1762 πράξεως
1727 1694 1824 1761 τὴν

245 1779 380 1831 ἰδίαν
413 1781 746 1851 παραίτησιν
767 1796 784 1812 ·
814 1782 908 1834 ἐπὶ
939 1782 990 1834 τί
1021 1783 1130 1851 γὰρ
1167 1785 1260 1836 καὶ
1293 1784 1384 1836 ἐπὶ
1425 1785 1533 1837 τῶν
1563 1788 1661 1853 τῆς
1700 1786 1824 1839 Ἐκ-

244 1872 470 1941 κλησίας
509 1875 850 1942 πραγμάτων
901 1869 1175 1946 εἷναι·τῆς
1221 1877 1474 1946 πράξεως
1514 1879 1816 1949 ἀποϐάσης.

240 1959 301 2033 ἧς
365 1964 525 2035 χάριν
582 1965 678 2018 καὶ
735 1967 933 2036 ὅρκους
965 1967 1131 2020 ὲτίοει
1167 1969 1259 2022 τοῦ
1295 1969 1367 2039 μὴ
1418 1969 1671 2035 δέξασθαι
1725 1974 1816 2026 καὶ

242 2051 562 2122 ὑποσχέσεις
602 2052 694 2106 τοῦ
736 2055 1000 2126 ἐκχωρεῖν
1030 2057 1225 2110 αὐτίκα
1260 2059 1568 2128 προϐάσης;
1605 2061 1702 2114 Διά
1736 2080 1817 2116 τοι

239 2139 412 2194 ταῦτα
453 2144 547 2196 καὶ
592 2145 790 2213 ἀργίαν
840 2145 1048 2200 ἐκείνου
1089 2149 1580 2218 καταψηφίζονται,
1632 2153 1725 2204 καί
1754 2170 1817 2218 γε

241 2233 412 2302 μηνὸς
471 2232 947 2304 Ἑκατομϐαιῶνος
1002 2239 1197 2310 ὲννάτῃ
1250 2240 1481 2294 παύεται
1517 2242 1579 2294 τὸ
1629 2241 1816 2296 τούτου

240 2323 615 2390 μνημόσυνον,
652 2323 736 2396 [Ρ.
766 2325 897 2398 271]
935 2327 1029 2380 καὶ
1068 2328 1204 2395 προς
1238 2329 1336 2399 τὴν
1362 2330 1501 2383 κατὰ
1526 2330 1615 2383 τὸν
1661 2331 1819 2385 Ἀνά-

238 2413 410 2467 πλουν
458 2415 680 2484 Λαύραν
713 2417 778 2470 ὲκ
824 2419 927 2487 τῆς·
953 2417 1319 2488 περιϐλέπτου
1358 2424 1679 2492 μεταφοιτᾷ.
1711 2423 1817 2476 Τοῦ

236 2505 279 2558 δ’
318 2506 492 2558 αὑτοῦ
530 2508 699 2576 μηνὸς
743 2508 878 2580 ἕκτῃ
929 2509 1024 2564 καὶ
1063 2510 1283 2580 δεκάτῃ,
1335 2512 1427 2566 τοῦ
1479 2513 1819 2584 Χαλκηδόνος

237 2601 512 2654 Νικολάου
559 2603 975 2674 ῑερουργοῦντος
1010 2605 1149 2659 κατὰ
1188 2605 1257 2658 τὰ
1297 2605 1590 2672 ἀνάκτορα,
1628 2608 1821 2674 ἀναγι-

237 2692 511 2745 νώσκεται
562 2693 660 2761 μὲν
711 2693 924 2758 διττῶς,
984 2694 1092 2747 τῶν
1149 2694 1432 2766 πρέσϐεων
1492 2695 1712 2767 σύναμα
1743 2695 1820 2767 τῷ

238 2882 357 2936 net,
387 2874 702 2928 nonnullius
733 2873 935 2942 nogotii
966 2889 1052 2929 res
1079 2873 1182 2929 fuit
1223 2873 1422 2943 deponi
1473 2890 1504 2930 e
1551 2876 1680 2929 sede
1729 2891 1796 2945 pa

237 2965 563 3030 trial-chain,
585 2967 703 3034 ipso
722 2965 1039 3034 dignitatem
1067 2980 1185 3018 eam
1210 2965 1355 3020 ultro
1379 2981 1486 3020 non
1515 2965 1819 3032 abdicante,

239 3073 346 3111 nec
378 3057 593 3126 sperari
631 3058 848 3112 sinente
883 3056 1286 3111 abdicaturum.
1336 3055 1680 3126 InterrOgare
1725 3073 1798 3112 au

238 3159 352 3203 ιιιιη
399 3164 526 3202 eum
559 3165 626 3202 an
676 3159 900 3218 paratus
928 3159 1076 3204 esset
1115 3159 1308 3218 sponte
1351 3149 1566 3214 cedere,
1615 3157 1669 3202 et
1706 3160 1820 3203 rem

235 3243 375 3296 alea:
401 3241 743 3295 committere
766 3257 871 3295 non
896 3240 1164 3309 explorati
1187 3240 1456 3309 responsi,
1483 3239 1623 3296 haud
1648 3248 1821 3295 tutum

235 3343 320 3388 est
372 3335 570 3388 visum.
610 3331 926 3402 Expeditius
977 3333 1282 3398 iudicatum
1331 3342 1416 3388 est
1469 3332 1820 3402 interpretari

239 3423 610 3477 voluntariam
646 3422 767 3491 ejus
811 3421 1212 3477 abdicationem
1257 3422 1404 3478 velut
1434 3421 1546 3492 jam
1585 3421 1781 3477 factam

235 3530 299 3568 ex
344 3514 409 3567 iis
440 3529 562 3584 quae
597 3520 790 3581 pactus
831 3528 957 3567 cum
1005 3513 1334 3582 imperatore
1381 3513 1580 3568 fuerat.
1631 3513 1822 3568 Auditi

235 3622 379 3678 ergo
407 3613 572 3661 testes
603 3616 734 3662 sunt
768 3605 972 3667 idonei,
1021 3607 1384 3676 princepsque
1427 3605 1480 3660 in
1517 3606 1587 3661 iis
1624 3605 1801 3661 Dicaeo

236 3701 449 3770 phylax
508 3698 874 3765 Scutariotes;
908 3699 1001 3767 qui
1066 3699 1452 3754 confirmarent
1511 3700 1828 3768 promisisse

239 3791 575 3858 .losephum,
611 3790 654 3844 si
710 3790 870 3859 legati
937 3788 1124 3845 Romae
1178 3789 1455 3860 negotium
1521 3791 1828 3844 concordia:

241 3883 640 3952 transigerent,
683 3883 1054 3952 patriarchatu
1106 3898 1163 3938 se
1198 3897 1504 3948 cessurum;
1540 3883 1827 3937 eumdem-

235 3989 359 4042 quc
389 3975 632 4041 juratum
661 3987 1002 4028 asseverasse
1029 3988 1089 4034 se
1119 3988 1518 4028 consensurum
1551 3989 1827 4042 nunquam

240 4070 294 4122 in
347 4068 506 4122 istam
545 4080 759 4135 pacem.
809 4065 906 4120 llis
955 4066 1250 4135 compertis
1295 4066 1608 4136 congregati
1655 4081 1820 4135 super

241 4163 360 4216 hoc
396 4161 640 4230 episcopi
688 4157 1056 4213 concordibus
1103 4158 1246 4212 votis
1293 4167 1604 4214 statuerunt
1653 4157 1826 4212 videri

243 4254 362 4308 hoc
394 4252 513 4321 ipso
553 4251 984 4321 patriarchatum
1017 4265 1046 4302 a
1078 4249 1319 4316 Josepho
1346 4250 1458 4320 jam
1509 4265 1654 4304 nunc
1684 4250 1830 4305 ultro

240 4347 560 4414 depositum
587 4382 602 4406 ,
636 4348 824 4412 utique
851 4343 1186 4409 conditione,
1217 4360 1281 4397 ex
1325 4359 1432 4412 qua
1469 4343 1558 4397 ille
1585 4358 1738 4397 suam
1770 4343 1829 4396 li—

158 4430 166 4436 ’
241 4439 439 4493 betam
460 4435 855 4491 abdicationem
880 4435 1260 4504 suspenderat,
1275 4435 1386 4504 jam
1411 4435 1556 4488 clare
1587 4434 1828 4504 impleta,

243 4533 485 4599 ipsoque
516 4525 805 4581 manifeste
834 4526 1090 4594 deinceps
1124 4525 1378 4586 inhabili.
1401 4535 1624 4597 propter
1647 4526 1829 4596 jusju-

1919 689 2117 758 ρικοπὴ
2168 690 2264 757 τῆς
2291 689 2402 740 τῶν
2441 665 2706 758 Πράξεων
2748 686 2930 755 βίϐλου
2978 685 3210 754 (Πέτρου
3258 687 3364 754 γὰρ
3395 686 3487 736 τοῦ

1914 782 2212 849 κορυφαίου
2250 781 2354 834 τῶν
2383 779 2697 832 ἀποστόλων
2727 779 2889 849 ἤγετο
2923 779 3104 848 ἑορτὴ,
3148 779 3214 849 ἢν
3243 778 3488 847 ἑορτάζει

1918 873 1950 942 ἡ
1989 873 2282 941 Ἐκκλησία
2316 873 2407 925 ἐπὶ
2443 874 2503 942 τῇ
2538 870 2843 923 Καταθὲσει
2869 870 2976 923 τῶν
3012 870 3169 923 Θείων
3201 868 3488 937 ἁλύσεων),

1919 964 2352 1031 ἀναγινώσκεται
2397 965 2452 1017 δὲ
2483 963 2743 1026 ὡσαύτως
2774 963 2869 1015 καὶ
2899 963 2958 1016 τὸ
2989 962 3128 1016 θεῖον
3162 962 3490 1030 Εὑαγγὲλιον

1922 1057 2230 1126 Γραικικῶς
2262 1074 2320 1110 τε
2363 1057 2495 1126 ὁμοῦ
2532 1055 2623 1108 καὶ
2665 1054 3008 1124 Ῥωμαῖκῶς,
3045 1055 3136 1108 καὶ
3165 1053 3306 1106 οὕτω
3353 1053 3495 1106 κατὰ

1916 1149 2083 1201 τόπον
2138 1150 2336 1201 οἰκεῖον
2392 1150 2481 1202 καὶ
2519 1150 2546 1200 ὁ
2598 1147 2831 1210 πάπποις
2894 1146 3043 1217 παρὰ
3093 1146 3188 1198 τοῦ
3245 1145 3492 1200 διακόνου

1920 1238 2346 1309 ἐμνημονεύετο.
2391 1238 2449 1293 'O
2499 1238 2543 1292 δ’
2573 1234 2639 1309 ἦν
2669 1239 2696 1290 ὁ
2750 1237 3046 1308 Γρηγόριος
3089 1237 3256 1307 ἄκρος
3307 1237 3497 1307 ἀρχιε-

1921 1332 2048 1401 ρεὺς
2095 1329 2192 1400 τῆς
2225 1330 2589 1400 ἁποστολικῆς
2632 1329 2959 1400 Ἐκκλησὶας
2991 1331 3084 1382 καὶ
3113 1329 3492 1398 οἰκουμενικὸς

1925 1423 2161 1488 πάππας
2195 1423 2689 1494 μνημονευόμενος.

1919 1556 2024 1629 κγ’.
2045 1557 2183 1626 Περὶ
2201 1559 2306 1613 τοῦ
2332 1558 2670 1628 σχίσματα·
2685 1559 2949 1613 καθόλου
2972 1555 3489 1626 τῆῌΕικλησίας.

2002 1693 2283 1746 Ἐντεῦθεν
2314 1694 2381 1747 τὰ
2411 1695 2510 1763 τῆς
2549 1693 2878 1764 Ἐκκλησίας
2910 1693 3108 1758 ἐνόσει,
3136 1694 3231 1747 καὶ
3263 1694 3498 1748 διεστέλ-

1921 1783 2077 1837 λοντο
2111 1787 2204 1838 ἀπ’
2255 1782 2495 1854 ἀλλήλων
2531 1784 2825 1856 ἅνθρωποι,
2867 1787 2958 1839 καὶ
3005 1785 3034 1838 ὁ
3089 1787 3183 1856 μὲν
3219 1786 3494 1840 ἐκοινώνει

1849 1919 1897 1978 Β
1923 1877 2056 1944 τῷδε
2083 1877 2191 1929 τῶν
2218 1876 2377 1930 θείων
2397 1878 2685 1944 συνάξεων,
2715 1879 2761 1930 oi
2788 1877 2841 1930 δὲ
2869 1877 2988 1948 «Μὴ
3021 1877 3157 1948 ἅψῃ,
3186 1879 3260 1948 μὴ
3282 1879 3440 1948 (tim;
3470 1899 3488 1932 ι

1931 1968 2092 2039 μέχρι
2129 1966 2225 2019 καὶ
2264 1968 2607 2037 ἐκπωμάτων
2638 1967 2818 2021 αὐτῶν
2867 1967 2960 2020 καὶ
3009 1969 3498 2038 προσφωνημάτων

1924 2057 2417 2128 ἀπακριϐούμενοι.
2454 2061 2656 2132 ’ῌρετο
2688 2059 2743 2112 δὲ
2779 2061 2961 2125 μεῖζον
3001 2058 3062 2112 τὸ
3090 2060 3315 2129 σχίσμα,
3344 2063 3439 2114 καὶ
3467 2060 3500 2111 ό

1924 2149 2052 2222 χθὲς
2098 2151 2188 2203 ἐπὶ
2217 2149 2350 2217 τῷδε
2385 2150 2900 2220 πληροφορούμενος
2951 2151 3191 2220 σήμερον
3231 2151 3501 2221 ἀπεστρέ-

1925 2259 2075 2312 φετο.
2113 2242 2224 2295 Καὶ
2269 2241 2459 2311 ὥσπερ
2508 2241 2562 2293 εἴ
2599 2260 2678 2305 τις
2713 2240 3174 2311 κακοσπλάγχνως
3213 2241 3351 2310 ἔχων
3379 2243 3502 2294 ἑπι-

1928 2333 2231 2402 συμϐάντος
2283 2334 2378 2386 καὶ
2428 2332 2588 2386 ἄλλου
2643 2334 2948 2402 νοσήματος
3002 2332 3218 2384 διπλοῦν
3275 2331 3388 2402 ἔχει
3441 2332 3503 2386 τὸ

1925 2423 2108 2492 ἄλγος,
2145 2422 2241 2478 καὶ
2269 2423 2330 2476 τὸ
2359 2424 2623 2494 πρότερον
2659 2423 2880 2489 αὔξεται
2904 2426 2968 2493 τῇ
2993 2423 3085 2476 τοῦ
3117 2423 3498 2492 ἐπιγενομένου

1926 2515 2315 2587 προσκρούσει,
2351 2517 2534 2568 ἐκεῖνα
2562 2513 2606 2567 δ’
2655 2513 2810 2578 αὖθις
2843 2515 2978 2585 πρὸς
3012 2514 3218 2584 ἄλληλα
3243 2514 3502 2585 διαφέρε-

1925 2625 2017 2662 τον
2056 2607 2197 2661 ὥστε
2224 2607 2286 2661 τὸ
2311 2609 2391 2671 είς
2436 2607 2730 2676 θεραπείαν
2778 2607 2966 2660 τούτου
3002 2608 3095 2659 καὶ
3129 2607 3388 2676 συστολὴν
3422 2609 3504 2671 εἰς

1929 2699 2102 2772 αὔξην
2151 2700 2380 2773 θατέρου
2427 2700 2669 2768 γίνεσθαι
2715 2700 2812 2753 καὶ
2852 2699 3212 2768 ἀπαγορεύειν
3263 2699 3356 2751 τὸν
3403 2697 3502 2751 κά.-

1929 2886 2082 2936 sueta
2115 2876 2333 2946 Josephi
2367 2885 2427 2930 ut
2461 2875 2788 2946 patriarchae
2837 2879 3146 2938 mentione;
3194 2884 3244 2928 et
3279 2873 3397 2942 ipse
3428 2874 3496 2928 ad

1929 2971 2164 3026 Lauram
2199 2985 2366 3039 prope
2395 2969 2666 3039 Anaplmn
2701 2969 2859 3039 sitam
2894 2983 2958 3022 ex
2994 2968 3280 3037 l‘eriblepti
3313 2983 3502 3022 mona-

1930 3061 2097 3118 sterio
2129 3061 2402 3130 migravit.
2446 3059 2704 3130 Ejusdem
2753 3077 2916 3129 porro
2967 3060 3172 3115 mensis
3208 3061 3296 3114 die
3343 3069 3498 3114 sexta

1931 3151 2167 3216 decima,
2198 3151 2428 3208 Nicolao
2457 3151 2890 3207 Chalcedonensi
2933 3151 3109 3206 sacris
3142 3160 3403 3220 operante
3444 3153 3496 3204 in

1849 3282 1895 3341 ο
1932 3246 2122 3316 palatii
2151 3261 2308 3302 sacra
2339 3247 2473 3311 aede,
2514 3246 2714 3316 duplici
2763 3247 2944 3304 lingua
2990 3245 3340 3315 Pronuntiata
3373 3256 3455 3300 est
3483 3285 3500 3312 ,

1926 3353 2090 3408 quam
2127 3348 2347 3401 vocant,
2377 3335 2636 3406 epistola;
2678 3337 2778 3391 fuit
2807 3352 2869 3391 ea
2912 3337 3082 3392 sectio
3113 3351 3180 3390 ex
3217 3336 3358 3392 libro
3389 3337 3502 3390 Ac-

1929 3439 2105 3485 torum
2145 3448 2157 3482 :
2191 3430 2334 3485 Pet-ri
2374 3431 2520 3485 enim
2576 3430 2844 3500 principis
2888 3430 3260 3499 apostolorum
3299 3431 3498 3485 fes'um

1927 3538 1990 3578 ea
2021 3522 2108 3577 die
2139 3524 2399 3595 agebatur
2435 3525 2562 3578 illud
2589 3563 2605 3588 ,
2642 3523 2784 3594 quod
2820 3523 3110 3577 consuevit
3137 3520 3380 3578 Ecclesia
3411 3538 3501 3576 ee-

1929 3615 2145 3670 lebrare
2190 3617 2352 3670 titulo
2389 3615 2748 3682 Depositionis
2796 3630 3082 3668 sacrorum
3137 3615 3499 3669 vinculorum.

1929 3709 2158 3763 Sacrum
2191 3723 2409 3777 quoque
2441 3706 2792 3776 Evangelium
2834 3706 3000 3761 simili
3050 3704 3354 3759 differentia
3399 3704 3501 3757 Iin-

1929 3814 2160 3867 guarum
2194 3798 2382 3854 Graece
2411 3796 2612 3867 pariter
2640 3805 2693 3850 et
2729 3795 2922 3850 Latine
2953 3797 3236 3849 recitatum
3278 3802 3381 3848 est.
3437 3791 3504 3845 Et

1930 3893 2011 3947 sic
2039 3893 2160 3946 loco
2189 3890 2412 3961 proprio
2439 3889 2597 3960 Papae
2619 3889 2781 3943 etiam
2817 3903 2910 3957 per
2933 3887 3220 3942 diaconum
3246 3885 3505 3953 solemnis

1930 3983 2136 4037 mentio
2168 3991 2254 4037 est
2287 3980 2427 4036 facta
2455 4023 2470 4046 ,
2518 3977 2571 4035 et
2620 3979 2916 4049 Gregorius
2961 3993 3210 4033 summus
3258 3977 3503 4047 pontifex

1930 4075 2248 4144 apostolicae
2279 4073 2539 4129 Ecclesia:
2581 4087 2645 4128 ac
2692 4070 3064 4128 meumenicus
3097 4084 3234 4139 papa
3289 4067 3506 4138 procla—

1932 4177 2136 4224 matus.

1969 4305 2060 4360 95.
2107 4304 2180 4358 De
2219 4303 2500 4358 schismate
2545 4302 2842 4355 universam
2877 4297 3171 4353 Ecclesium
3197 4296 3466 4351 turbante.

2006 4438 2145 4494 Hinc
2173 4453 2260 4492 res
2292 4435 2550 4490 Ecclesiae
2583 4435 2934 4496 laborabant,
2965 4441 3021 4486 et
3060 4432 3510 4502 disjungebanlur

1936 4532 2005 4588 ab
2029 4530 2262 4586 invicem
2294 4529 2560 4590 homines,
2594 4527 2720 4579 dum
2755 4525 2980 4579 alterius
3008 4525 3142 4578 alter
3164 4527 3506 4578 communio-

241 4623 485 4678 randum
521 4635 630 4690 quo
665 4635 724 4676 se
753 4619 1138 4683 obstrinxerat,
1166 4619 1232 4673 ad
1260 4633 1381 4672 eam
1417 4620 1709 4687 gerendam
1745 4621 1828 4675 di-
1859 4618 1902 4674 D
1933 4638 2055 4678 nem
2098 4621 2357 4685 admittit,
2394 4620 2486 4674 alii
2526 4619 2750 4674 odiosas
2795 4619 2916 4673 illas
2967 4618 3189 4672 divortii
3244 4616 3511 4673 formulas

241 4716 540 4788 gnitazem.
573 4711 685 4767 Nec
715 4711 872 4766 istam
903 4712 1063 4779 longe
1102 4713 1383 4780 quaesitam
1422 4704 1830 4782 interpretatio-

244 4820 378 4861 nem
414 4804 626 4858 censeri
656 4816 840 4872 posse,
869 4799 964 4856 sed
1001 4816 1182 4855 veram
1227 4802 1635 4868 expressionem
1669 4813 1832 4858 certae

241 4893 573 4955 voluntatis.
599 4909 714 4962 quae
737 4907 802 4948 ex
830 4891 1201 4947 conditionata
1227 4891 1280 4946 in
1303 4891 1603 4945 absolutam
1633 4903 1828 4948 eventu

244 4990 376 5058 ip'so
414 4988 490 5040 rei
527 5001 620 5055 per
650 4985 1018 5040 conditionem
1048 4999 1318 5052 expressa:
1350 4984 1627 5038 transierit
1653 5024 1668 5050 ,
1701 5001 1833 5055 pra:-

243 5081 447 5136 sertim
489 5093 615 5132 cum
660 5078 756 5146 qui
789 5075 947 5130 [idem
989 5078 1056 5129 ad
1099 5076 1150 5129 id
1182 5090 1334 5150 suam
1371 5075 1533 5130 etiam
1567 5077 1832 5146 religione

245 5173 600 5230 irrevocabili
637 5171 936 5241 juramenti
976 5171 1143 5242 399
1196 5171 1550 5242 obligaverit,
1607 5187 1826 5226 onmem

245 5268 357 5322 sibi
388 5266 457 5320 ad
491 5266 616 5319 inde
655 5263 1010 5319 resiliendum
1041 5265 1332 5319 ocrtuserit
1359 5264 1583 5329 exitum,
1623 5279 1722 5319 nec
1753 5264 1834 5317 in-

246 5370 472 5430 tegrum
518 5357 620 5412 sibi
669 5356 902 5425 amplius
947 5356 1252 5425 reliquerit,
1284 5357 1548 5411 conclusa
1581 5356 1690 5424 jam
1725 5355 1830 5409 Ee-

246 5451 552 5506 elesiarum
577 5448 892 5512 concordia,
930 5447 982 5501 in
1010 5464 1071 5503 ea
1105 5449 1231 5502 sede
1261 5459 1525 5517 perstare,
1560 5449 1612 5503 in
1643 5464 1748 5518 qua
1775 5461 1835 5502 se

253 5556 372 5596 non
419 5542 800 5609 perstiturum,
843 5535 888 5590 si
940 5533 1008 5588 de
1054 5537 1154 5590 ista
1203 5551 1335 5606 pace
1388 5536 1830 5596 eonvenirentur,

252 5635 372 5688 ltro
402 5633 575 5700 palam
610 5637 748 5683 teste
791 5627 1064 5696 pollicitus
1096 5629 1190 5682 sit.
1230 5629 1324 5684 llis
1372 5630 1438 5682 de
1476 5627 1657 5684 causis
1702 5643 1834 5679 con—

252 5726 412 5777 r-ordi
450 5722 710 5790 snﬂ'ragio
742 5719 962 5773 Patrum
1014 5734 1208 5774 vacare
1249 5723 1406 5775 Sedes
1454 5719 1837 5773 Constantino-

256 5815 498 5882 pulilana
524 5803 762 5883 iudicata
791 5820 892 5865 est.
931 5809 1116 5880 Itaque
1158 5814 1363 5866 mensis
1392 5811 1634 5865 Januarii
1666 5810 1834 5862 unde-

254 5909 406 5970 cima
439 5909 525 5963 die
558 5906 794 5978 primum
841 5917 996 5958 sacra
1044 5888 1154 5958 tiri
1190 5917 1363 5973 ιτωριει
1397 5915 1522 5959 sunt
1558 5904 1674 5957 sine
1707 5918 1834 5956 con-

1933 4723 2247 4783 usurpant:
2289 4731 2306 4763 ι
2349 4712 2492 4766 Cave
2531 4711 2702 4771 adire,
2749 4725 2880 4764 cave
2917 4721 3156 4778 tangere,
3191 4727 3210 4760 ι
3245 4711 3512 4778 supersti-

1936 4807 2134 4860 tiosam
2183 4806 2342 4859 istam
2388 4801 2874 4857 contaminationis
2922 4816 2986 4855 ex
3041 4802 3354 4870 promiscuo
3408 4817 3509 4854 usu

1936 4896 2285 4953 formidinem
2337 4909 2510 4964 usque
2541 4893 2606 4947 ad
2655 4894 2931 4946 vitandum
2984 4891 3304 4960 poculorqu
3342 4891 3509 4947 etiam

1940 4999 2277 5051 contactum,
2333 5000 2504 5055 usque
2548 4985 2612 5040 ad
2645 4983 3094 5052 compellationes
3131 4982 3512 5036 allocutiones-

1933 5096 2040 5151 que
2075 5079 2410 5135 omittendas
2446 5075 2609 5149 $00
2641 5073 2992 5129 extendentes
3026 5092 3038 5126 :
3078 5074 3513 5142 augescebatque

1934 5173 2142 5229 indies
2189 5170 2454 5234 schisma,
2506 5169 2579 5222 ita
2631 5175 2689 5222 ut
2739 5166 2832 5236 qui
2889 5165 3006 5220 heri
3059 5182 3164 5219 non
3205 5166 3512 5220 dubitasset

1935 5261 2330 5319 consuetudine
2359 5259 2436 5314 uti
2465 5257 2795 5327 cujuSpiam,
2828 5255 3076 5308 eumdem
3115 5256 3272 5308 hodie
3294 5271 3514 5311 aversa-

1935 5365 2105 5410 retur.
2146 5354 2224 5408 Ac
2258 5352 2423 5408 veluti
2473 5350 2518 5406 si
2565 5351 2654 5403 cui
2697 5349 2808 5419 jam
2863 5348 3002 5401 male
3042 5347 3275 5401 interius
3316 5348 3515 5402 affecto

1937 5461 2109 5500 novus
2127 5445 2343 5498 aliunde
2370 5443 2593 5512 insuper
2623 5441 2846 5495 morbus
2870 5439 3188 5496 accesserit,
3205 5439 3515 5508 duplicatur

1936 5537 2138 5593 misero
2169 5535 2346 5599 dolor,
2372 5543 2424 5589 et
2460 5535 2613 5604 prius
2639 5535 2838 5586 malum
2875 5548 2902 5586 a
2935 5531 3356 5598 superveniente
3395 5532 3516 5586 lan-

1936 5642 2102 5695 guore
2139 5623 2423 5694 gravitatis
2454 5637 2518 5675 ac
2555 5620 2816 5676 molestize
2867 5629 3220 5688 augmentum
3272 5620 3470 5690 accipit
3496 5661 3513 5684 ,

1936 5716 2068 5786 quin
2106 5716 2270 5771 etiam
2309 5714 2415 5783 ipsi
2451 5716 2612 5766 ambo
2646 5712 2819 5766 morini
2859 5719 3096 5779 pugnant
3132 5710 3273 5764 inter
3308 5727 3428 5764 sese
3458 5711 3512 5768 in

1938 5808 2230 5877 perniciem
2267 5806 2475 5878 aegroti,
2501 5805 2656 5872 cujus
2681 5804 2745 5858 ad
2773 5804 3178 5857 incommodum
3211 5804 3313 5860 mis
3351 5803 3518 5858 riam-

1937 5920 2041 5973 qne
2080 5901 2342 5955 redundat
2371 5899 2514 5971 quod
2549 5915 2670 5969 qum
2697 5898 2935 5953 renn-dia
2971 5899 3193 5950 levando
3227 5896 3363 5952 forte
3399 5898 3514 5966 lan-
