  <div class='ocr_page' id='page_1' title='image "/cluster/home/n/w/nwhite01/storage/ocr_20150623/143/hvd.32044019208321/470.png"; bbox 0 0 3964 6546; ppageno 0'>
   <div class='ocr_carea' id='block_1_1' title="bbox 212 409 305 473">
    <p class='ocr_par' dir='ltr' id='par_1_1' title="bbox 212 409 305 473">
     <span class='ocr_line' id='line_1_1' title="bbox 212 409 305 473; baseline -0.043 0"><span class='ocrx_word' id='word_1_1' title='bbox 212 409 305 473; x_wconf 73' lang='grc' dir='ltr'>8ῦῆ</span> 
     </span>
    </p>
   </div>
   <div class='ocr_carea' id='block_1_2' title="bbox 1168 400 2493 472">
    <p class='ocr_par' dir='ltr' id='par_1_2' title="bbox 1168 400 2493 472">
     <span class='ocr_line' id='line_1_2' title="bbox 1168 400 2493 472; baseline 0.004 -6"><span class='ocrx_word' id='word_1_2' title='bbox 1168 405 1260 467; x_wconf 91' lang='lat' dir='ltr'><strong>DE</strong></span> <span class='ocrx_word' id='word_1_3' title='bbox 1297 400 1688 468; x_wconf 81' lang='lat' dir='ltr'><strong>MICHAELE</strong></span> <span class='ocrx_word' id='word_1_4' title='bbox 1731 407 2195 469; x_wconf 68' lang='grc' dir='ltr'>ΡΑιΑιοωσι)</span> <span class='ocrx_word' id='word_1_5' title='bbox 2237 409 2380 470; x_wconf 83' lang='lat' dir='ltr'><strong>LIB.</strong></span> <span class='ocrx_word' id='word_1_6' title='bbox 2428 413 2493 472; x_wconf 88' lang='lat' dir='ltr'><strong>V.</strong></span> 
     </span>
    </p>
   </div>
   <div class='ocr_carea' id='block_1_3' title="bbox 3341 412 3448 472">
    <p class='ocr_par' dir='ltr' id='par_1_3' title="bbox 3341 412 3448 472">
     <span class='ocr_line' id='line_1_3' title="bbox 3341 412 3448 472; baseline -0.037 0"><span class='ocrx_word' id='word_1_7' title='bbox 3341 412 3448 472; x_wconf 72' lang='lat'><strong>866</strong></span> 
     </span>
    </p>
   </div>
   <div class='ocr_carea' id='block_1_4' title="bbox 212 516 3456 607">
    <p class='ocr_par' dir='ltr' id='par_1_4' title="bbox 212 516 3456 607">
     <span class='ocr_line' id='line_1_4' title="bbox 212 516 3456 607; baseline 0.001 -27"><span class='ocrx_word' id='word_1_8' title='bbox 212 529 316 592; x_wconf 83' lang='grc' dir='ltr'>κς’.</span> <span class='ocrx_word' id='word_1_9' title='bbox 348 523 538 588; x_wconf 79' lang='grc' dir='ltr'>Ὅπως</span> <span class='ocrx_word' id='word_1_10' title='bbox 566 519 658 576; x_wconf 83' lang='grc' dir='ltr'><strong>καί</strong></span> <span class='ocrx_word' id='word_1_11' title='bbox 688 516 863 607; x_wconf 53' lang='lat' dir='ltr'><strong>add“;</strong></span> <span class='ocrx_word' id='word_1_12' title='bbox 895 522 1044 607; x_wconf 54' lang='grc' dir='ltr'>προς</span> <span class='ocrx_word' id='word_1_13' title='bbox 1077 523 1184 578; x_wconf 83' lang='grc' dir='ltr'><strong>τὸν</strong></span> <span class='ocrx_word' id='word_1_14' title='bbox 1205 526 1462 579; x_wconf 66' lang='grc' dir='ltr'>πάππαν</span> <span class='ocrx_word' id='word_1_15' title='bbox 1488 523 1770 595; x_wconf 84' lang='grc' dir='ltr'>πρέσϐεις</span> <span class='ocrx_word' id='word_1_16' title='bbox 1801 531 1849 587; x_wconf 73' lang='grc' dir='ltr'><strong>Α</strong></span> <span class='ocrx_word' id='word_1_17' title='bbox 1877 524 1980 587; x_wconf 77' lang='grc' dir='ltr'>κζ’.</span> <span class='ocrx_word' id='word_1_18' title='bbox 2019 525 2221 592; x_wconf 78' lang='grc' dir='ltr'>Ὅπως</span> <span class='ocrx_word' id='word_1_19' title='bbox 2278 523 2532 607; x_wconf 57' lang='grc' dir='ltr'>Ἰκάριος</span> <span class='ocrx_word' id='word_1_20' title='bbox 2589 525 3034 607; x_wconf 66' lang='grc' dir='ltr'>πρρσχευρήσιις</span> <span class='ocrx_word' id='word_1_21' title='bbox 3082 522 3161 591; x_wconf 79' lang='grc' dir='ltr'>τῷ</span> <span class='ocrx_word' id='word_1_22' title='bbox 3203 525 3456 592; x_wconf 73' lang='grc' dir='ltr'>βασιλεῖ</span> 
     </span>
    </p>
   </div>
   <div class='ocr_carea' id='block_1_5' title="bbox 781 594 1170 650">
    <p class='ocr_par' dir='ltr' id='par_1_5' title="bbox 781 594 1170 650">
     <span class='ocr_line' id='line_1_5' title="bbox 781 594 1170 650; baseline 0.003 -2"><span class='ocrx_word' id='word_1_23' title='bbox 781 594 1170 650; x_wconf 74' lang='grc' dir='ltr'><strong>ἐστέλλοντο.</strong></span> 
     </span>
    </p>
   </div>
   <div class='ocr_carea' id='block_1_6' title="bbox 276 704 1772 782">
    <p class='ocr_par' dir='ltr' id='par_1_6' title="bbox 276 704 1772 782">
     <span class='ocr_line' id='line_1_6' title="bbox 276 704 1772 782; baseline -0.003 -20"><span class='ocrx_word' id='word_1_24' title='bbox 276 705 357 782; x_wconf 86' lang='grc' dir='ltr'><strong>[Ρ.</strong></span> <span class='ocrx_word' id='word_1_25' title='bbox 391 704 518 779; x_wconf 73' lang='grc'><strong>278]</strong></span> <span class='ocrx_word' id='word_1_26' title='bbox 567 704 624 759; x_wconf 84' lang='grc' dir='ltr'>Ὀ</span> <span class='ocrx_word' id='word_1_27' title='bbox 661 705 845 777; x_wconf 88' lang='grc' dir='ltr'>μέντοι</span> <span class='ocrx_word' id='word_1_28' title='bbox 865 723 929 774; x_wconf 89' lang='grc' dir='ltr'><strong>γε</strong></span> <span class='ocrx_word' id='word_1_29' title='bbox 959 705 1209 776; x_wconf 78' lang='grc' dir='ltr'>βασιλεὺς</span> <span class='ocrx_word' id='word_1_30' title='bbox 1239 707 1495 778; x_wconf 85' lang='grc' dir='ltr'>πρέσϐεις</span> <span class='ocrx_word' id='word_1_31' title='bbox 1517 706 1772 776; x_wconf 83' lang='grc' dir='ltr'>εὐτρεπι-</span> 
     </span>
    </p>
   </div>
   <div class='ocr_carea' id='block_1_7' title="bbox 210 796 1771 870">
    <p class='ocr_par' dir='ltr' id='par_1_7' title="bbox 210 796 1771 870">
     <span class='ocr_line' id='line_1_7' title="bbox 210 796 1771 870; baseline -0.002 -16"><span class='ocrx_word' id='word_1_32' title='bbox 210 815 299 863; x_wconf 85' lang='grc' dir='ltr'><strong>σας</strong></span> <span class='ocrx_word' id='word_1_33' title='bbox 331 797 644 852; x_wconf 82' lang='grc' dir='ltr'>ἀποστέλλει</span> <span class='ocrx_word' id='word_1_34' title='bbox 675 796 811 868; x_wconf 82' lang='grc' dir='ltr'>πρὸς</span> <span class='ocrx_word' id='word_1_35' title='bbox 859 797 1116 862; x_wconf 81' lang='grc' dir='ltr'><strong>πάππαν,</strong></span> <span class='ocrx_word' id='word_1_36' title='bbox 1150 799 1266 870; x_wconf 75' lang='grc' dir='ltr'>ἅμα</span> <span class='ocrx_word' id='word_1_37' title='bbox 1297 799 1398 869; x_wconf 82' lang='grc' dir='ltr'>μὲν</span> <span class='ocrx_word' id='word_1_38' title='bbox 1429 798 1771 870; x_wconf 77' lang='grc' dir='ltr'><strong>δηλώσοντας</strong></span> 
     </span>
    </p>
   </div>
   <div class='ocr_carea' id='block_1_8' title="bbox 208 887 1773 960">
    <p class='ocr_par' dir='ltr' id='par_1_8' title="bbox 208 887 1773 960">
     <span class='ocr_line' id='line_1_8' title="bbox 208 887 1773 960; baseline -0.001 -17"><span class='ocrx_word' id='word_1_39' title='bbox 208 891 289 944; x_wconf 71' lang='grc' dir='ltr'>τὸν</span> <span class='ocrx_word' id='word_1_40' title='bbox 315 890 409 958; x_wconf 78' lang='grc' dir='ltr'>τῆς</span> <span class='ocrx_word' id='word_1_41' title='bbox 437 887 690 958; x_wconf 77' lang='grc' dir='ltr'>πράξεως</span> <span class='ocrx_word' id='word_1_42' title='bbox 721 888 1104 960; x_wconf 82' lang='grc' dir='ltr'>ἐπιτελεσμὸν,</span> <span class='ocrx_word' id='word_1_43' title='bbox 1144 889 1260 960; x_wconf 78' lang='grc' dir='ltr'>ἅμα</span> <span class='ocrx_word' id='word_1_44' title='bbox 1293 890 1350 943; x_wconf 82' lang='grc' dir='ltr'>δὲ</span> <span class='ocrx_word' id='word_1_45' title='bbox 1380 890 1473 944; x_wconf 79' lang='grc' dir='ltr'>καὶ</span> <span class='ocrx_word' id='word_1_46' title='bbox 1511 889 1580 944; x_wconf 80' lang='grc' dir='ltr'><strong>τὰ</strong></span> <span class='ocrx_word' id='word_1_47' title='bbox 1627 890 1773 943; x_wconf 83' lang='grc' dir='ltr'><strong>κατά</strong></span> 
     </span>
    </p>
   </div>
   <div class='ocr_carea' id='block_1_9' title="bbox 208 980 1773 1052">
    <p class='ocr_par' dir='ltr' id='par_1_9' title="bbox 208 980 1773 1052">
     <span class='ocr_line' id='line_1_9' title="bbox 208 980 1773 1052; baseline -0.001 -16"><span class='ocrx_word' id='word_1_48' title='bbox 208 983 288 1036; x_wconf 81' lang='grc' dir='ltr'>τὸν</span> <span class='ocrx_word' id='word_1_49' title='bbox 319 980 597 1052; x_wconf 83' lang='grc' dir='ltr'>Κάρουλον</span> <span class='ocrx_word' id='word_1_50' title='bbox 623 980 1048 1051; x_wconf 80' lang='grc' dir='ltr'>μαθησείοντας,</span> <span class='ocrx_word' id='word_1_51' title='bbox 1074 984 1123 1036; x_wconf 86' lang='grc' dir='ltr'><strong>εί</strong></span> <span class='ocrx_word' id='word_1_52' title='bbox 1149 981 1436 1052; x_wconf 79' lang='grc' dir='ltr'>καθυφῆκε</span> <span class='ocrx_word' id='word_1_53' title='bbox 1469 983 1567 1052; x_wconf 82' lang='grc' dir='ltr'>τῆς</span> <span class='ocrx_word' id='word_1_54' title='bbox 1596 982 1773 1051; x_wconf 77' lang='grc' dir='ltr'>ὁρμῆς</span> 
     </span>
    </p>
   </div>
   <div class='ocr_carea' id='block_1_10' title="bbox 208 1073 1774 1147">
    <p class='ocr_par' dir='ltr' id='par_1_10' title="bbox 208 1073 1774 1147">
     <span class='ocr_line' id='line_1_10' title="bbox 208 1073 1774 1147; baseline -0.001 -19"><span class='ocrx_word' id='word_1_55' title='bbox 208 1074 406 1144; x_wconf 81' lang='grc' dir='ltr'>ἐκείνης</span> <span class='ocrx_word' id='word_1_56' title='bbox 439 1073 535 1127; x_wconf 65' lang='grc' dir='ltr'><strong>καί⁵</strong></span> <span class='ocrx_word' id='word_1_57' title='bbox 566 1073 700 1144; x_wconf 79' lang='grc' dir='ltr'>πρὸς</span> <span class='ocrx_word' id='word_1_58' title='bbox 749 1073 810 1126; x_wconf 78' lang='grc' dir='ltr'>τὸ</span> <span class='ocrx_word' id='word_1_59' title='bbox 851 1075 1239 1147; x_wconf 81' lang='grc' dir='ltr'><strong>ταπεινότερον</strong></span> <span class='ocrx_word' id='word_1_60' title='bbox 1293 1075 1584 1146; x_wconf 82' lang='grc' dir='ltr'>ὑπεκλίθη.</span> <span class='ocrx_word' id='word_1_61' title='bbox 1614 1077 1678 1128; x_wconf 86' lang='grc' dir='ltr'><strong>Οί</strong></span> <span class='ocrx_word' id='word_1_62' title='bbox 1715 1075 1774 1128; x_wconf 78' lang='grc' dir='ltr'>δὲ</span> 
     </span>
    </p>
   </div>
   <div class='ocr_carea' id='block_1_11' title="bbox 207 1163 1772 1239">
    <p class='ocr_par' dir='ltr' id='par_1_11' title="bbox 207 1163 1772 1239">
     <span class='ocr_line' id='line_1_11' title="bbox 207 1163 1772 1239; baseline 0.003 -23"><span class='ocrx_word' id='word_1_63' title='bbox 207 1163 630 1234; x_wconf 80' lang='grc' dir='ltr'>παραγενόμενοι</span> <span class='ocrx_word' id='word_1_64' title='bbox 657 1164 728 1217; x_wconf 82' lang='grc' dir='ltr'>τὰ</span> <span class='ocrx_word' id='word_1_65' title='bbox 759 1165 858 1235; x_wconf 85' lang='grc' dir='ltr'>μὲν</span> <span class='ocrx_word' id='word_1_66' title='bbox 886 1165 987 1236; x_wconf 82' lang='grc' dir='ltr'>τῆς</span> <span class='ocrx_word' id='word_1_67' title='bbox 1021 1168 1244 1239; x_wconf 76' lang='grc' dir='ltr'><strong>εἰρήνης</strong></span> <span class='ocrx_word' id='word_1_68' title='bbox 1263 1167 1604 1238; x_wconf 75' lang='grc' dir='ltr'>δηλώσαντες</span> <span class='ocrx_word' id='word_1_69' title='bbox 1632 1169 1772 1220; x_wconf 78' lang='grc' dir='ltr'>άπεο</span> 
     </span>
    </p>
   </div>
   <div class='ocr_carea' id='block_1_12' title="bbox 206 1255 1774 1330">
    <p class='ocr_par' dir='ltr' id='par_1_12' title="bbox 206 1255 1774 1330">
     <span class='ocr_line' id='line_1_12' title="bbox 206 1255 1774 1330; baseline 0.004 -21"><span class='ocrx_word' id='word_1_70' title='bbox 206 1256 484 1326; x_wconf 83' lang='grc' dir='ltr'>δέχθησαν,</span> <span class='ocrx_word' id='word_1_71' title='bbox 517 1255 1000 1327; x_wconf 82' lang='grc' dir='ltr'>καταλαμϐάνουσι</span> <span class='ocrx_word' id='word_1_72' title='bbox 1029 1259 1074 1312; x_wconf 84' lang='grc' dir='ltr'>δ’</span> <span class='ocrx_word' id='word_1_73' title='bbox 1123 1261 1303 1313; x_wconf 78' lang='grc' dir='ltr'>ἐκεῖσε</span> <span class='ocrx_word' id='word_1_74' title='bbox 1351 1261 1445 1313; x_wconf 81' lang='grc' dir='ltr'>τὸν</span> <span class='ocrx_word' id='word_1_75' title='bbox 1492 1260 1774 1330; x_wconf 85' lang='grc' dir='ltr'>Κάρουλον</span> 
     </span>
    </p>
   </div>
   <div class='ocr_carea' id='block_1_13' title="bbox 207 1347 1774 1425">
    <p class='ocr_par' dir='ltr' id='par_1_13' title="bbox 207 1347 1774 1425">
     <span class='ocr_line' id='line_1_13' title="bbox 207 1347 1774 1425; baseline 0.003 -23"><span class='ocrx_word' id='word_1_76' title='bbox 207 1347 368 1420; x_wconf 72' lang='grc' dir='ltr'><strong>συμοῦ</strong></span> <span class='ocrx_word' id='word_1_77' title='bbox 394 1349 626 1404; x_wconf 83' lang='grc' dir='ltr'>πνέοντα</span> <span class='ocrx_word' id='word_1_78' title='bbox 658 1349 752 1404; x_wconf 73' lang='grc' dir='ltr'>καὶ</span> <span class='ocrx_word' id='word_1_79' title='bbox 786 1351 1036 1423; x_wconf 75' lang='grc' dir='ltr'>λιπαρῶς</span> <span class='ocrx_word' id='word_1_80' title='bbox 1081 1352 1159 1424; x_wconf 77' lang='grc' dir='ltr'>τῷ</span> <span class='ocrx_word' id='word_1_81' title='bbox 1201 1353 1406 1424; x_wconf 69' lang='grc' dir='ltr'>πάππα</span> <span class='ocrx_word' id='word_1_82' title='bbox 1437 1353 1774 1425; x_wconf 88' lang='grc' dir='ltr'>προσκείμε-</span> 
     </span>
    </p>
   </div>
   <div class='ocr_carea' id='block_1_14' title="bbox 205 1441 1776 1516">
    <p class='ocr_par' dir='ltr' id='par_1_14' title="bbox 205 1441 1776 1516">
     <span class='ocr_line' id='line_1_14' title="bbox 205 1441 1776 1516; baseline 0.004 -22"><span class='ocrx_word' id='word_1_83' title='bbox 205 1457 283 1494; x_wconf 85' lang='grc' dir='ltr'><strong>νον</strong></span> <span class='ocrx_word' id='word_1_84' title='bbox 305 1441 393 1494; x_wconf 81' lang='grc' dir='ltr'>καὶ</span> <span class='ocrx_word' id='word_1_85' title='bbox 425 1441 910 1513; x_wconf 78' lang='grc' dir='ltr'>προσλιπαροῦντα</span> <span class='ocrx_word' id='word_1_86' title='bbox 940 1445 1154 1512; x_wconf 71' lang='grc' dir='ltr'>ἐφεῖναι</span> <span class='ocrx_word' id='word_1_87' title='bbox 1201 1446 1377 1516; x_wconf 83' lang='grc' dir='ltr'>τούτῳ</span> <span class='ocrx_word' id='word_1_88' title='bbox 1426 1447 1526 1514; x_wconf 81' lang='grc' dir='ltr'>τὴν</span> <span class='ocrx_word' id='word_1_89' title='bbox 1558 1447 1651 1500; x_wconf 80' lang='grc' dir='ltr'><strong>ἐπί</strong></span> <span class='ocrx_word' id='word_1_90' title='bbox 1674 1447 1776 1516; x_wconf 83' lang='grc' dir='ltr'>τὴν</span> 
     </span>
    </p>
   </div>
   <div class='ocr_carea' id='block_1_15' title="bbox 208 1533 1775 1614">
    <p class='ocr_par' dir='ltr' id='par_1_15' title="bbox 208 1533 1775 1614">
     <span class='ocr_line' id='line_1_15' title="bbox 208 1533 1775 1614; baseline 0.004 -27"><span class='ocrx_word' id='word_1_91' title='bbox 208 1534 348 1587; x_wconf 73' lang='grc' dir='ltr'>πόλιν</span> <span class='ocrx_word' id='word_1_92' title='bbox 376 1535 679 1589; x_wconf 82' lang='grc' dir='ltr'>ἐπέλευσιν.</span> <span class='ocrx_word' id='word_1_93' title='bbox 727 1535 946 1609; x_wconf 83' lang='grc' dir='ltr'>Ἑώρων</span> <span class='ocrx_word' id='word_1_94' title='bbox 971 1533 1065 1590; x_wconf 78' lang='grc' dir='ltr'>οὖν</span> <span class='ocrx_word' id='word_1_95' title='bbox 1097 1539 1304 1592; x_wconf 86' lang='grc' dir='ltr'>ἐκεῖνον</span> <span class='ocrx_word' id='word_1_96' title='bbox 1345 1541 1616 1614; x_wconf 78' lang='grc' dir='ltr'><strong>ὁσημέραι</strong></span> <span class='ocrx_word' id='word_1_97' title='bbox 1665 1541 1775 1594; x_wconf 87' lang='grc' dir='ltr'><strong>τῶν</strong></span> 
     </span>
    </p>
   </div>
   <div class='ocr_carea' id='block_1_16' title="bbox 209 1627 1777 1704">
    <p class='ocr_par' dir='ltr' id='par_1_16' title="bbox 209 1627 1777 1704">
     <span class='ocr_line' id='line_1_16' title="bbox 209 1627 1777 1704; baseline 0.008 -25"><span class='ocrx_word' id='word_1_98' title='bbox 209 1627 368 1680; x_wconf 81' lang='grc' dir='ltr'>ποδῶν</span> <span class='ocrx_word' id='word_1_99' title='bbox 389 1629 483 1682; x_wconf 83' lang='grc' dir='ltr'>τοῦ</span> <span class='ocrx_word' id='word_1_100' title='bbox 510 1631 714 1685; x_wconf 79' lang='grc' dir='ltr'>πάππα</span> <span class='ocrx_word' id='word_1_101' title='bbox 737 1631 1286 1704; x_wconf 78' lang='grc' dir='ltr'>προκυλινδούμενον,</span> <span class='ocrx_word' id='word_1_102' title='bbox 1316 1638 1410 1689; x_wconf 74' lang='grc' dir='ltr'>καὶ</span> <span class='ocrx_word' id='word_1_103' title='bbox 1436 1639 1490 1701; x_wconf 82' lang='grc' dir='ltr'><strong>ἐς</strong></span> <span class='ocrx_word' id='word_1_104' title='bbox 1522 1635 1777 1692; x_wconf 82' lang='grc' dir='ltr'>τοσοῦτον</span> 
     </span>
    </p>
   </div>
   <div class='ocr_carea' id='block_1_17' title="bbox 203 1721 1776 1800">
    <p class='ocr_par' dir='ltr' id='par_1_17' title="bbox 203 1721 1776 1800">
     <span class='ocr_line' id='line_1_17' title="bbox 203 1721 1776 1800; baseline 0.007 -28"><span class='ocrx_word' id='word_1_105' title='bbox 203 1723 308 1782; x_wconf 87' lang='grc' dir='ltr'>ταῖς</span> <span class='ocrx_word' id='word_1_106' title='bbox 363 1721 582 1790; x_wconf 80' lang='grc' dir='ltr'>μανίαις</span> <span class='ocrx_word' id='word_1_107' title='bbox 613 1725 1008 1796; x_wconf 85' lang='grc' dir='ltr'>συνισχημένον</span> <span class='ocrx_word' id='word_1_108' title='bbox 1053 1726 1194 1781; x_wconf 81' lang='grc' dir='ltr'>ὥστε</span> <span class='ocrx_word' id='word_1_109' title='bbox 1231 1730 1323 1782; x_wconf 75' lang='grc' dir='ltr'>καὶ</span> <span class='ocrx_word' id='word_1_110' title='bbox 1360 1729 1420 1782; x_wconf 79' lang='grc' dir='ltr'><strong>τὸ</strong></span> <span class='ocrx_word' id='word_1_111' title='bbox 1452 1729 1556 1783; x_wconf 72' lang='grc' dir='ltr'><strong>ἀνὰ</strong></span> <span class='ocrx_word' id='word_1_112' title='bbox 1586 1731 1776 1800; x_wconf 78' lang='grc' dir='ltr'>χεῖρας</span> 
     </span>
    </p>
   </div>
   <div class='ocr_carea' id='block_1_18' title="bbox 206 1814 1777 1893">
    <p class='ocr_par' dir='ltr' id='par_1_18' title="bbox 206 1814 1777 1893">
     <span class='ocr_line' id='line_1_18' title="bbox 206 1814 1777 1893; baseline 0.008 -30"><span class='ocrx_word' id='word_1_113' title='bbox 206 1814 490 1883; x_wconf 75' lang='grc' dir='ltr'>σκῆπτρον,</span> <span class='ocrx_word' id='word_1_114' title='bbox 525 1815 558 1868; x_wconf 82' lang='grc' dir='ltr'><strong>ὃ</strong></span> <span class='ocrx_word' id='word_1_115' title='bbox 588 1815 819 1885; x_wconf 83' lang='grc' dir='ltr'>σύνηθες</span> <span class='ocrx_word' id='word_1_116' title='bbox 850 1823 1074 1889; x_wconf 82' lang='grc' dir='ltr'>κρατεῖν</span> <span class='ocrx_word' id='word_1_117' title='bbox 1111 1823 1224 1885; x_wconf 86' lang='grc' dir='ltr'>τοῖς</span> <span class='ocrx_word' id='word_1_118' title='bbox 1250 1823 1360 1874; x_wconf 88' lang='grc' dir='ltr'><strong>τῶν</strong></span> <span class='ocrx_word' id='word_1_119' title='bbox 1407 1823 1627 1876; x_wconf 78' lang='grc' dir='ltr'>Ἰταλῶν</span> <span class='ocrx_word' id='word_1_120' title='bbox 1683 1840 1777 1893; x_wconf 78' lang='grc' dir='ltr'>με-</span> 
     </span>
    </p>
   </div>
   <div class='ocr_carea' id='block_1_19' title="bbox 2202 597 3093 652">
    <p class='ocr_par' dir='ltr' id='par_1_19' title="bbox 2202 597 3093 652">
     <span class='ocr_line' id='line_1_19' title="bbox 2202 597 3093 652; baseline 0 -2"><span class='ocrx_word' id='word_1_121' title='bbox 2202 597 2557 652; x_wconf 83' lang='grc' dir='ltr'>καθίσταται</span> <span class='ocrx_word' id='word_1_122' title='bbox 2584 597 2682 650; x_wconf 76' lang='grc' dir='ltr'>ἐπὶ</span> <span class='ocrx_word' id='word_1_123' title='bbox 2716 597 2819 651; x_wconf 83' lang='grc' dir='ltr'>τοῦ</span> <span class='ocrx_word' id='word_1_124' title='bbox 2863 601 3093 652; x_wconf 79' lang='grc' dir='ltr'>στόλου</span> 
     </span>
    </p>
   </div>
   <div class='ocr_carea' id='block_1_20' title="bbox 1945 705 3457 781">
    <p class='ocr_par' dir='ltr' id='par_1_20' title="bbox 1945 705 3457 781">
     <span class='ocr_line' id='line_1_20' title="bbox 1945 705 3457 781; baseline 0.001 -22"><span class='ocrx_word' id='word_1_125' title='bbox 1945 705 2132 770; x_wconf 74' lang='grc' dir='ltr'>Οὕτως</span> <span class='ocrx_word' id='word_1_126' title='bbox 2165 708 2651 779; x_wconf 74' lang='grc' dir='ltr'>ἀναχαιτιξομένου</span> <span class='ocrx_word' id='word_1_127' title='bbox 2679 708 2770 763; x_wconf 82' lang='grc' dir='ltr'>τοῦ</span> <span class='ocrx_word' id='word_1_128' title='bbox 2805 709 3118 781; x_wconf 82' lang='grc' dir='ltr'>Καρούλου,</span> <span class='ocrx_word' id='word_1_129' title='bbox 3145 711 3173 762; x_wconf 83' lang='grc' dir='ltr'>ὁ</span> <span class='ocrx_word' id='word_1_130' title='bbox 3196 709 3457 779; x_wconf 75' lang='grc' dir='ltr'>βασιλεὺς</span> 
     </span>
    </p>
   </div>
   <div class='ocr_carea' id='block_1_21' title="bbox 1873 800 3456 873">
    <p class='ocr_par' dir='ltr' id='par_1_21' title="bbox 1873 800 3456 873">
     <span class='ocr_line' id='line_1_21' title="bbox 1873 800 3456 873; baseline 0.003 -21"><span class='ocrx_word' id='word_1_131' title='bbox 1873 800 1981 854; x_wconf 88' lang='grc' dir='ltr'><strong>τῶν</strong></span> <span class='ocrx_word' id='word_1_132' title='bbox 2009 802 2070 867; x_wconf 80' lang='grc' dir='ltr'>ἐξ</span> <span class='ocrx_word' id='word_1_133' title='bbox 2097 802 2309 856; x_wconf 84' lang='grc' dir='ltr'>ἐκείνου</span> <span class='ocrx_word' id='word_1_134' title='bbox 2339 803 2644 873; x_wconf 79' lang='grc' dir='ltr'>φροντίδων</span> <span class='ocrx_word' id='word_1_135' title='bbox 2673 805 2969 868; x_wconf 69' lang='grc' dir='ltr'>ἀπολυθεὶς</span> <span class='ocrx_word' id='word_1_136' title='bbox 2992 805 3324 860; x_wconf 80' lang='grc' dir='ltr'>ἐπεϐάλλετο</span> <span class='ocrx_word' id='word_1_137' title='bbox 3341 807 3456 866; x_wconf 87' lang='grc' dir='ltr'>τοῖς</span> 
     </span>
    </p>
   </div>
   <div class='ocr_carea' id='block_1_22' title="bbox 1874 895 3456 968">
    <p class='ocr_par' dir='ltr' id='par_1_22' title="bbox 1874 895 3456 968">
     <span class='ocr_line' id='line_1_22' title="bbox 1874 895 3456 968; baseline 0.002 -21"><span class='ocrx_word' id='word_1_138' title='bbox 1874 895 2043 962; x_wconf 70' lang='grc' dir='ltr'>ἐγγὺς</span> <span class='ocrx_word' id='word_1_139' title='bbox 2074 895 2485 967; x_wconf 78' lang='grc' dir='ltr'>κραταιότερον.</span> <span class='ocrx_word' id='word_1_140' title='bbox 2521 896 2634 949; x_wconf 78' lang='grc' dir='ltr'><strong>Καὶ</strong></span> <span class='ocrx_word' id='word_1_141' title='bbox 2696 898 2932 966; x_wconf 75' lang='grc' dir='ltr'>Ἰκάριον</span> <span class='ocrx_word' id='word_1_142' title='bbox 2979 899 3456 968; x_wconf 68' lang='grc' dir='ltr'>προσχωρήσαντῑ</span> 
     </span>
    </p>
   </div>
   <div class='ocr_carea' id='block_1_23' title="bbox 1873 985 3453 1058">
    <p class='ocr_par' dir='ltr' id='par_1_23' title="bbox 1873 985 3453 1058">
     <span class='ocr_line' id='line_1_23' title="bbox 1873 985 3453 1058; baseline 0.002 -21"><span class='ocrx_word' id='word_1_143' title='bbox 1873 985 2127 1056; x_wconf 82' lang='grc' dir='ltr'>δέχεται,</span> <span class='ocrx_word' id='word_1_144' title='bbox 2177 987 2348 1057; x_wconf 80' lang='grc' dir='ltr'>ἄνδρα</span> <span class='ocrx_word' id='word_1_145' title='bbox 2395 987 2599 1058; x_wconf 80' lang='grc' dir='ltr'>πολλὴν</span> <span class='ocrx_word' id='word_1_146' title='bbox 2651 988 2752 1057; x_wconf 83' lang='grc' dir='ltr'>μὲν</span> <span class='ocrx_word' id='word_1_147' title='bbox 2788 989 2888 1057; x_wconf 85' lang='grc' dir='ltr'>τὴν</span> <span class='ocrx_word' id='word_1_148' title='bbox 2935 991 2992 1051; x_wconf 84' lang='grc' dir='ltr'><strong>ἐς</strong></span> <span class='ocrx_word' id='word_1_149' title='bbox 3044 991 3224 1058; x_wconf 69' lang='grc' dir='ltr'>μάχας</span> <span class='ocrx_word' id='word_1_150' title='bbox 3258 989 3453 1057; x_wconf 84' lang='grc' dir='ltr'>πεῖραν</span> 
     </span>
    </p>
   </div>
   <div class='ocr_carea' id='block_1_24' title="bbox 1875 1079 3453 1152">
    <p class='ocr_par' dir='ltr' id='par_1_24' title="bbox 1875 1079 3453 1152">
     <span class='ocr_line' id='line_1_24' title="bbox 1875 1079 3453 1152; baseline 0.003 -22"><span class='ocrx_word' id='word_1_151' title='bbox 1875 1079 2089 1149; x_wconf 77' lang='grc' dir='ltr'>ἔχοντα,</span> <span class='ocrx_word' id='word_1_152' title='bbox 2133 1081 2476 1150; x_wconf 76' lang='grc' dir='ltr'>κατάρχοντα</span> <span class='ocrx_word' id='word_1_153' title='bbox 2499 1080 2553 1133; x_wconf 82' lang='grc' dir='ltr'>δὲ</span> <span class='ocrx_word' id='word_1_154' title='bbox 2584 1081 2677 1134; x_wconf 74' lang='grc' dir='ltr'>καὶ</span> <span class='ocrx_word' id='word_1_155' title='bbox 2705 1081 2874 1152; x_wconf 84' lang='grc' dir='ltr'>νήσου</span> <span class='ocrx_word' id='word_1_156' title='bbox 2906 1082 3192 1151; x_wconf 79' lang='grc' dir='ltr'><strong>μεγίστης,</strong></span> <span class='ocrx_word' id='word_1_157' title='bbox 3221 1079 3306 1152; x_wconf 89' lang='grc' dir='ltr'><strong>[Ρ.</strong></span> <span class='ocrx_word' id='word_1_158' title='bbox 3327 1081 3453 1148; x_wconf 71' lang='grc'>2791</span> 
     </span>
    </p>
   </div>
   <div class='ocr_carea' id='block_1_25' title="bbox 1874 1170 3455 1243">
    <p class='ocr_par' dir='ltr' id='par_1_25' title="bbox 1874 1170 3455 1243">
     <span class='ocr_line' id='line_1_25' title="bbox 1874 1170 3455 1243; baseline 0.002 -21"><span class='ocrx_word' id='word_1_159' title='bbox 1874 1171 1940 1240; x_wconf 84' lang='grc' dir='ltr'>ἢν</span> <span class='ocrx_word' id='word_1_160' title='bbox 1982 1170 2356 1240; x_wconf 68' lang='grc' dir='ltr'>Ἀνεμῖοπύλας</span> <span class='ocrx_word' id='word_1_161' title='bbox 2381 1171 2500 1234; x_wconf 76' lang='grc' dir='ltr'>ἔθος</span> <span class='ocrx_word' id='word_1_162' title='bbox 2521 1174 2632 1236; x_wconf 90' lang='grc' dir='ltr'>τοῖς</span> <span class='ocrx_word' id='word_1_163' title='bbox 2662 1174 2780 1226; x_wconf 78' lang='grc' dir='ltr'>ἐκεῖ</span> <span class='ocrx_word' id='word_1_164' title='bbox 2815 1173 3015 1240; x_wconf 85' lang='grc' dir='ltr'>λέγειν,</span> <span class='ocrx_word' id='word_1_165' title='bbox 3042 1174 3368 1243; x_wconf 76' lang='grc' dir='ltr'>συμϐάματι</span> <span class='ocrx_word' id='word_1_166' title='bbox 3397 1174 3455 1225; x_wconf 72' lang='grc' dir='ltr'>δὲ</span> 
     </span>
    </p>
   </div>
   <div class='ocr_carea' id='block_1_26' title="bbox 1874 1262 3458 1335">
    <p class='ocr_par' dir='ltr' id='par_1_26' title="bbox 1874 1262 3458 1335">
     <span class='ocr_line' id='line_1_26' title="bbox 1874 1262 3458 1335; baseline 0.002 -20"><span class='ocrx_word' id='word_1_167' title='bbox 1874 1262 2043 1334; x_wconf 85' lang='grc' dir='ltr'>τύχης</span> <span class='ocrx_word' id='word_1_168' title='bbox 2069 1262 2278 1316; x_wconf 81' lang='grc' dir='ltr'>ἐκεῖθεν</span> <span class='ocrx_word' id='word_1_169' title='bbox 2307 1262 2575 1332; x_wconf 83' lang='grc' dir='ltr'>φυγόντα.</span> <span class='ocrx_word' id='word_1_170' title='bbox 2612 1265 2723 1335; x_wconf 84' lang='grc' dir='ltr'><strong>Τὴν</strong></span> <span class='ocrx_word' id='word_1_171' title='bbox 2751 1264 2886 1333; x_wconf 86' lang='grc' dir='ltr'>γοῦν</span> <span class='ocrx_word' id='word_1_172' title='bbox 2940 1266 3104 1335; x_wconf 76' lang='grc' dir='ltr'>νῆσον</span> <span class='ocrx_word' id='word_1_173' title='bbox 3152 1268 3458 1334; x_wconf 80' lang='grc' dir='ltr'>προσκυροί</span> 
     </span>
    </p>
   </div>
   <div class='ocr_carea' id='block_1_27' title="bbox 1877 1355 3459 1428">
    <p class='ocr_par' dir='ltr' id='par_1_27' title="bbox 1877 1355 3459 1428">
     <span class='ocr_line' id='line_1_27' title="bbox 1877 1355 3459 1428; baseline 0.001 -20"><span class='ocrx_word' id='word_1_174' title='bbox 1877 1355 2110 1425; x_wconf 80' lang='grc' dir='ltr'>βασιλεῖ,</span> <span class='ocrx_word' id='word_1_175' title='bbox 2155 1356 2250 1408; x_wconf 76' lang='grc' dir='ltr'>καὶ</span> <span class='ocrx_word' id='word_1_176' title='bbox 2292 1355 2457 1419; x_wconf 72' lang='grc' dir='ltr'>αὐτὸς</span> <span class='ocrx_word' id='word_1_177' title='bbox 2505 1360 2617 1420; x_wconf 87' lang='grc' dir='ltr'>τοῖς</span> <span class='ocrx_word' id='word_1_178' title='bbox 2664 1358 2760 1410; x_wconf 80' lang='grc' dir='ltr'>τοῦ</span> <span class='ocrx_word' id='word_1_179' title='bbox 2812 1359 3076 1428; x_wconf 82' lang='grc' dir='ltr'>βασιλέως</span> <span class='ocrx_word' id='word_1_180' title='bbox 3114 1360 3339 1421; x_wconf 74' lang='grc' dir='ltr'>οἰκείοις</span> <span class='ocrx_word' id='word_1_181' title='bbox 3368 1360 3459 1424; x_wconf 68' lang='grc' dir='ltr'>ἐγ-</span> 
     </span>
    </p>
   </div>
   <div class='ocr_carea' id='block_1_28' title="bbox 1875 1448 3460 1522">
    <p class='ocr_par' dir='ltr' id='par_1_28' title="bbox 1875 1448 3460 1522">
     <span class='ocr_line' id='line_1_28' title="bbox 1875 1448 3460 1522; baseline 0.001 -21"><span class='ocrx_word' id='word_1_182' title='bbox 1875 1448 2170 1517; x_wconf 77' lang='grc' dir='ltr'>γράφεται.</span> <span class='ocrx_word' id='word_1_183' title='bbox 2211 1448 2479 1512; x_wconf 72' lang='grc' dir='ltr'>Βισιλεὺς</span> <span class='ocrx_word' id='word_1_184' title='bbox 2511 1450 2555 1502; x_wconf 80' lang='grc' dir='ltr'>δ’</span> <span class='ocrx_word' id='word_1_185' title='bbox 2612 1451 2908 1504; x_wconf 83' lang='grc' dir='ltr'>ἀποϐαλὼν</span> <span class='ocrx_word' id='word_1_186' title='bbox 2951 1453 3050 1521; x_wconf 79' lang='grc' dir='ltr'>μὲν</span> <span class='ocrx_word' id='word_1_187' title='bbox 3114 1451 3218 1522; x_wconf 76' lang='grc' dir='ltr'><strong>πρὸ</strong></span> <span class='ocrx_word' id='word_1_188' title='bbox 3275 1452 3460 1518; x_wconf 72' lang='grc' dir='ltr'>ὀλίγον</span> 
     </span>
    </p>
   </div>
   <div class='ocr_carea' id='block_1_29' title="bbox 1877 1525 3462 1614">
    <p class='ocr_par' dir='ltr' id='par_1_29' title="bbox 1877 1525 3462 1614">
     <span class='ocr_line' id='line_1_29' title="bbox 1877 1525 3462 1614; baseline 0.002 -22"><span class='ocrx_word' id='word_1_189' title='bbox 1877 1540 2380 1610; x_wconf 77' lang='grc' dir='ltr'>σεϐαστοκράτορα,</span> <span class='ocrx_word' id='word_1_190' title='bbox 2412 1541 2704 1596; x_wconf 73' lang='grc' dir='ltr'>ἀποϐαλὼν</span> <span class='ocrx_word' id='word_1_191' title='bbox 2748 1542 2807 1595; x_wconf 77' lang='grc' dir='ltr'>δὲ</span> <span class='ocrx_word' id='word_1_192' title='bbox 2853 1549 2946 1596; x_wconf 76' lang='grc' dir='ltr'>καὶ</span> <span class='ocrx_word' id='word_1_193' title='bbox 2988 1525 3284 1614; x_wconf 81' lang='grc' dir='ltr'>δεσπότην,</span> <span class='ocrx_word' id='word_1_194' title='bbox 3333 1545 3462 1606; x_wconf 77' lang='grc' dir='ltr'>τοὺς</span> 
     </span>
    </p>
   </div>
   <div class='ocr_carea' id='block_1_30' title="bbox 1877 1633 3465 1704">
    <p class='ocr_par' dir='ltr' id='par_1_30' title="bbox 1877 1633 3465 1704">
     <span class='ocr_line' id='line_1_30' title="bbox 1877 1633 3465 1704; baseline 0 -16"><span class='ocrx_word' id='word_1_195' title='bbox 1877 1633 2270 1703; x_wconf 77' lang='grc' dir='ltr'>αὐταδέλφους,</span> <span class='ocrx_word' id='word_1_196' title='bbox 2297 1633 2375 1686; x_wconf 68' lang='grc' dir='ltr'>ἔτι</span> <span class='ocrx_word' id='word_1_197' title='bbox 2406 1633 2464 1687; x_wconf 79' lang='grc' dir='ltr'>δὲ</span> <span class='ocrx_word' id='word_1_198' title='bbox 2508 1634 2613 1704; x_wconf 75' lang='grc' dir='ltr'><strong>πρὸ</strong></span> <span class='ocrx_word' id='word_1_199' title='bbox 2647 1637 2856 1688; x_wconf 73' lang='grc' dir='ltr'>τούτων</span> <span class='ocrx_word' id='word_1_200' title='bbox 2887 1639 2980 1688; x_wconf 74' lang='grc' dir='ltr'><strong>καὶ</strong></span> <span class='ocrx_word' id='word_1_201' title='bbox 3011 1636 3174 1690; x_wconf 62' lang='grc' dir='ltr'>ἄλλον</span> <span class='ocrx_word' id='word_1_202' title='bbox 3196 1637 3465 1692; x_wconf 82' lang='grc' dir='ltr'>σεϐαστο·</span> 
     </span>
    </p>
   </div>
   <div class='ocr_carea' id='block_1_31' title="bbox 1879 1725 3464 1798">
    <p class='ocr_par' dir='ltr' id='par_1_31' title="bbox 1879 1725 3464 1798">
     <span class='ocr_line' id='line_1_31' title="bbox 1879 1725 3464 1798; baseline 0.003 -20"><span class='ocrx_word' id='word_1_203' title='bbox 1879 1725 2126 1796; x_wconf 84' lang='grc' dir='ltr'>κράτορα</span> <span class='ocrx_word' id='word_1_204' title='bbox 2163 1728 2255 1779; x_wconf 69' lang='grc' dir='ltr'>καὶ</span> <span class='ocrx_word' id='word_1_205' title='bbox 2275 1726 2530 1798; x_wconf 74' lang='grc' dir='ltr'>Καίσαρα</span> <span class='ocrx_word' id='word_1_206' title='bbox 2572 1729 2668 1781; x_wconf 73' lang='grc' dir='ltr'>καὶ</span> <span class='ocrx_word' id='word_1_207' title='bbox 2691 1729 3199 1798; x_wconf 81' lang='grc' dir='ltr'>πρωτοϐεστιάριον</span> <span class='ocrx_word' id='word_1_208' title='bbox 3233 1732 3327 1783; x_wconf 79' lang='grc' dir='ltr'>καὶ</span> <span class='ocrx_word' id='word_1_209' title='bbox 3368 1730 3464 1798; x_wconf 84' lang='grc' dir='ltr'>μέ-</span> 
     </span>
    </p>
   </div>
   <div class='ocr_carea' id='block_1_32' title="bbox 1879 1819 3464 1890">
    <p class='ocr_par' dir='ltr' id='par_1_32' title="bbox 1879 1819 3464 1890">
     <span class='ocr_line' id='line_1_32' title="bbox 1879 1819 3464 1890; baseline 0 -18"><span class='ocrx_word' id='word_1_210' title='bbox 1879 1835 1983 1888; x_wconf 82' lang='grc' dir='ltr'><strong>γαν</strong></span> <span class='ocrx_word' id='word_1_211' title='bbox 2009 1819 2177 1872; x_wconf 82' lang='grc' dir='ltr'>δοῦκα</span> <span class='ocrx_word' id='word_1_212' title='bbox 2209 1820 2302 1872; x_wconf 76' lang='grc' dir='ltr'>καὶ</span> <span class='ocrx_word' id='word_1_213' title='bbox 2358 1821 2548 1884; x_wconf 80' lang='grc' dir='ltr'>ἁπλῶς</span> <span class='ocrx_word' id='word_1_214' title='bbox 2591 1823 2717 1884; x_wconf 78' lang='grc' dir='ltr'>τοὺς</span> <span class='ocrx_word' id='word_1_215' title='bbox 2758 1825 2815 1874; x_wconf 85' lang='grc' dir='ltr'><strong>ἐν</strong></span> <span class='ocrx_word' id='word_1_216' title='bbox 2836 1823 2951 1884; x_wconf 89' lang='grc' dir='ltr'>τοῖς</span> <span class='ocrx_word' id='word_1_217' title='bbox 2985 1822 3265 1890; x_wconf 77' lang='grc' dir='ltr'>μεγίστοις</span> <span class='ocrx_word' id='word_1_218' title='bbox 3294 1822 3464 1888; x_wconf 65' lang='lat' dir='ltr'><strong>61$th-</strong></span> 
     </span>
    </p>
   </div>
   <div class='ocr_carea' id='block_1_33' title="bbox 204 1887 3466 1987">
    <p class='ocr_par' dir='ltr' id='par_1_33' title="bbox 204 1887 3466 1987">
     <span class='ocr_line' id='line_1_33' title="bbox 204 1887 3466 1987; baseline 0.002 -29"><span class='ocrx_word' id='word_1_219' title='bbox 204 1908 457 1974; x_wconf 80' lang='grc' dir='ltr'>γιστᾶσιν,</span> <span class='ocrx_word' id='word_1_220' title='bbox 503 1908 718 1963; x_wconf 78' lang='grc' dir='ltr'>ὀδοῦσιν</span> <span class='ocrx_word' id='word_1_221' title='bbox 748 1911 812 1964; x_wconf 81' lang='grc' dir='ltr'><strong>ἐκ</strong></span> <span class='ocrx_word' id='word_1_222' title='bbox 841 1887 1038 1982; x_wconf 84' lang='grc' dir='ltr'>μανίας</span> <span class='ocrx_word' id='word_1_223' title='bbox 1069 1918 1430 1984; x_wconf 73' lang='grc' dir='ltr'>καταφαγεῖν,</span> <span class='ocrx_word' id='word_1_224' title='bbox 1464 1917 1654 1987; x_wconf 80' lang='grc' dir='ltr'>ἐπειδὴ</span> <span class='ocrx_word' id='word_1_225' title='bbox 1683 1887 1770 1969; x_wconf 59' lang='grc' dir='ltr'>λι.</span> <span class='ocrx_word' id='word_1_226' title='bbox 1811 1887 1851 1943; x_wconf 76' lang='grc' dir='ltr'><strong>Β</strong></span> <span class='ocrx_word' id='word_1_227' title='bbox 1885 1927 2070 1978; x_wconf 68' lang='grc' dir='ltr'>μασιν.</span> <span class='ocrx_word' id='word_1_228' title='bbox 2097 1910 2292 1973; x_wconf 76' lang='grc' dir='ltr'>ἄλλους</span> <span class='ocrx_word' id='word_1_229' title='bbox 2311 1911 2560 1984; x_wconf 66' lang='grc' dir='ltr'>ἀνάγκην</span> <span class='ocrx_word' id='word_1_230' title='bbox 2589 1907 2732 1982; x_wconf 73' lang='grc' dir='ltr'>εἶχεν</span> <span class='ocrx_word' id='word_1_231' title='bbox 2775 1887 3010 1966; x_wconf 32' lang='grc' dir='ltr'>ἱστάναι..</span> <span class='ocrx_word' id='word_1_232' title='bbox 3044 1887 3153 1966; x_wconf 66' lang='grc' dir='ltr'><strong>Καὶ</strong></span> <span class='ocrx_word' id='word_1_233' title='bbox 3182 1912 3246 1982; x_wconf 82' lang='grc' dir='ltr'>δὴ</span> <span class='ocrx_word' id='word_1_234' title='bbox 3275 1887 3466 1965; x_wconf 53' lang='grc' dir='ltr'>τοῦτον</span> 
     </span>
    </p>
   </div>
   <div class='ocr_carea' id='block_1_34' title="bbox 205 1997 1773 2079">
    <p class='ocr_par' dir='ltr' id='par_1_34' title="bbox 205 1997 1773 2079">
     <span class='ocr_line' id='line_1_34' title="bbox 205 1997 1773 2079; baseline 0.007 -28"><span class='ocrx_word' id='word_1_235' title='bbox 205 1997 427 2052; x_wconf 86' lang='grc' dir='ltr'>τανεύων</span> <span class='ocrx_word' id='word_1_236' title='bbox 455 2001 553 2052; x_wconf 78' lang='grc' dir='ltr'>καὶ</span> <span class='ocrx_word' id='word_1_237' title='bbox 601 1999 700 2072; x_wconf 83' lang='grc' dir='ltr'>τὴν</span> <span class='ocrx_word' id='word_1_238' title='bbox 732 2004 874 2072; x_wconf 79' lang='grc' dir='ltr'>πρὸς</span> <span class='ocrx_word' id='word_1_239' title='bbox 904 2005 1260 2075; x_wconf 80' lang='grc' dir='ltr'>ἀπαρτισμὸν</span> <span class='ocrx_word' id='word_1_240' title='bbox 1310 2006 1496 2073; x_wconf 78' lang='grc' dir='ltr'>ἔξοδον</span> <span class='ocrx_word' id='word_1_241' title='bbox 1529 2009 1773 2079; x_wconf 83' lang='grc' dir='ltr'>προϐαλ-</span> 
     </span>
    </p>
   </div>
   <div class='ocr_carea' id='block_1_35' title="bbox 203 2091 1772 2166">
    <p class='ocr_par' dir='ltr' id='par_1_35' title="bbox 203 2091 1772 2166">
     <span class='ocr_line' id='line_1_35' title="bbox 203 2091 1772 2166; baseline 0.008 -24"><span class='ocrx_word' id='word_1_242' title='bbox 203 2091 406 2161; x_wconf 74' lang='grc' dir='ltr'>λόμενος</span> <span class='ocrx_word' id='word_1_243' title='bbox 447 2091 548 2146; x_wconf 82' lang='grc' dir='ltr'>καὶ</span> <span class='ocrx_word' id='word_1_244' title='bbox 580 2093 879 2162; x_wconf 76' lang='grc' dir='ltr'>προτείνων</span> <span class='ocrx_word' id='word_1_245' title='bbox 913 2097 978 2149; x_wconf 76' lang='grc' dir='ltr'>τὰ</span> <span class='ocrx_word' id='word_1_246' title='bbox 1028 2097 1194 2151; x_wconf 74' lang='grc' dir='ltr'>αὐτοῦ</span> <span class='ocrx_word' id='word_1_247' title='bbox 1227 2099 1414 2152; x_wconf 75' lang='grc' dir='ltr'>δίκαια</span> <span class='ocrx_word' id='word_1_248' title='bbox 1471 2102 1580 2154; x_wconf 78' lang='grc' dir='ltr'>οὐδ’</span> <span class='ocrx_word' id='word_1_249' title='bbox 1631 2103 1772 2166; x_wconf 81' lang='grc' dir='ltr'>ὅλως</span> 
     </span>
    </p>
   </div>
   <div class='ocr_carea' id='block_1_36' title="bbox 204 2185 1772 2265">
    <p class='ocr_par' dir='ltr' id='par_1_36' title="bbox 204 2185 1772 2265">
     <span class='ocr_line' id='line_1_36' title="bbox 204 2185 1772 2265; baseline 0.007 -28"><span class='ocrx_word' id='word_1_250' title='bbox 204 2185 283 2237; x_wconf 73' lang='grc' dir='ltr'>τὸν</span> <span class='ocrx_word' id='word_1_251' title='bbox 313 2185 549 2239; x_wconf 83' lang='grc' dir='ltr'>πάππαν</span> <span class='ocrx_word' id='word_1_252' title='bbox 597 2187 816 2242; x_wconf 83' lang='grc' dir='ltr'>ἔπειθεν</span> <span class='ocrx_word' id='word_1_253' title='bbox 847 2189 1128 2251; x_wconf 84' lang='grc' dir='ltr'>ἀπολύειν.</span> <span class='ocrx_word' id='word_1_254' title='bbox 1177 2190 1292 2245; x_wconf 86' lang='grc' dir='ltr'>ἀλλ’</span> <span class='ocrx_word' id='word_1_255' title='bbox 1326 2188 1397 2263; x_wconf 87' lang='grc' dir='ltr'>ἦν</span> <span class='ocrx_word' id='word_1_256' title='bbox 1421 2196 1570 2262; x_wconf 80' lang='grc' dir='ltr'><strong>παρά</strong></span> <span class='ocrx_word' id='word_1_257' title='bbox 1601 2193 1772 2265; x_wconf 68' lang='grc' dir='ltr'>κωφῷ</span> 
     </span>
    </p>
   </div>
   <div class='ocr_carea' id='block_1_37' title="bbox 205 2279 1775 2356">
    <p class='ocr_par' dir='ltr' id='par_1_37' title="bbox 205 2279 1775 2356">
     <span class='ocr_line' id='line_1_37' title="bbox 205 2279 1775 2356; baseline 0.007 -26"><span class='ocrx_word' id='word_1_258' title='bbox 205 2279 382 2348; x_wconf 83' lang='grc' dir='ltr'>λέγων.</span> <span class='ocrx_word' id='word_1_259' title='bbox 431 2279 744 2350; x_wconf 79' lang='grc' dir='ltr'>Ἀντεπῆγε</span> <span class='ocrx_word' id='word_1_260' title='bbox 778 2283 887 2353; x_wconf 72' lang='grc' dir='ltr'><strong>γὰρ</strong></span> <span class='ocrx_word' id='word_1_261' title='bbox 935 2285 1029 2336; x_wconf 73' lang='grc' dir='ltr'>καὶ</span> <span class='ocrx_word' id='word_1_262' title='bbox 1055 2285 1082 2336; x_wconf 85' lang='grc' dir='ltr'>ὁ</span> <span class='ocrx_word' id='word_1_263' title='bbox 1109 2284 1339 2347; x_wconf 65' lang='grc' dir='ltr'>πάπποις</span> <span class='ocrx_word' id='word_1_264' title='bbox 1373 2285 1443 2340; x_wconf 81' lang='grc' dir='ltr'><strong>τά</strong></span> <span class='ocrx_word' id='word_1_265' title='bbox 1495 2287 1636 2356; x_wconf 81' lang='grc' dir='ltr'>ὑπὲρ</span> <span class='ocrx_word' id='word_1_266' title='bbox 1667 2287 1775 2341; x_wconf 88' lang='grc' dir='ltr'><strong>τῶν</strong></span> 
     </span>
    </p>
   </div>
   <div class='ocr_carea' id='block_1_38' title="bbox 207 2369 1776 2448">
    <p class='ocr_par' dir='ltr' id='par_1_38' title="bbox 207 2369 1776 2448">
     <span class='ocr_line' id='line_1_38' title="bbox 207 2369 1776 2448; baseline 0.007 -26"><span class='ocrx_word' id='word_1_267' title='bbox 207 2369 438 2440; x_wconf 80' lang='grc' dir='ltr'>Γραικῶν</span> <span class='ocrx_word' id='word_1_268' title='bbox 482 2371 698 2438; x_wconf 83' lang='grc' dir='ltr'>δίκαια,</span> <span class='ocrx_word' id='word_1_269' title='bbox 757 2374 834 2437; x_wconf 86' lang='grc' dir='ltr'><strong>ώς</strong></span> <span class='ocrx_word' id='word_1_270' title='bbox 883 2374 1109 2429; x_wconf 78' lang='grc' dir='ltr'>ἐκείνων</span> <span class='ocrx_word' id='word_1_271' title='bbox 1163 2375 1298 2429; x_wconf 79' lang='grc' dir='ltr'>οὖσα</span> <span class='ocrx_word' id='word_1_272' title='bbox 1338 2379 1370 2448; x_wconf 86' lang='grc' dir='ltr'><strong>ή</strong></span> <span class='ocrx_word' id='word_1_273' title='bbox 1408 2379 1776 2447; x_wconf 82' lang='grc' dir='ltr'>μεγαλόπολις</span> 
     </span>
    </p>
   </div>
   <div class='ocr_carea' id='block_1_39' title="bbox 206 2463 1779 2542">
    <p class='ocr_par' dir='ltr' id='par_1_39' title="bbox 206 2463 1779 2542">
     <span class='ocr_line' id='line_1_39' title="bbox 206 2463 1779 2542; baseline 0.008 -28"><span class='ocrx_word' id='word_1_274' title='bbox 206 2463 418 2528; x_wconf 86' lang='grc' dir='ltr'>ἐκείνοις</span> <span class='ocrx_word' id='word_1_275' title='bbox 443 2463 618 2517; x_wconf 81' lang='grc' dir='ltr'>πάλιν</span> <span class='ocrx_word' id='word_1_276' title='bbox 672 2466 768 2519; x_wconf 77' lang='grc' dir='ltr'>καὶ</span> <span class='ocrx_word' id='word_1_277' title='bbox 802 2469 1191 2538; x_wconf 82' lang='grc' dir='ltr'>προσεγένετο,</span> <span class='ocrx_word' id='word_1_278' title='bbox 1239 2470 1331 2523; x_wconf 74' lang='grc' dir='ltr'>καὶ</span> <span class='ocrx_word' id='word_1_279' title='bbox 1378 2473 1462 2524; x_wconf 85' lang='grc' dir='ltr'>ὅτι</span> <span class='ocrx_word' id='word_1_280' title='bbox 1491 2473 1656 2542; x_wconf 85' lang='grc' dir='ltr'>νόμος</span> <span class='ocrx_word' id='word_1_281' title='bbox 1683 2474 1779 2526; x_wconf 59' lang='grc' dir='ltr'>ἀνά</span> 
     </span>
    </p>
   </div>
   <div class='ocr_carea' id='block_1_40' title="bbox 209 2553 1777 2632">
    <p class='ocr_par' dir='ltr' id='par_1_40' title="bbox 209 2553 1777 2632">
     <span class='ocr_line' id='line_1_40' title="bbox 209 2553 1777 2632; baseline 0.008 -26"><span class='ocrx_word' id='word_1_282' title='bbox 209 2553 430 2624; x_wconf 78' lang='grc' dir='ltr'>θρώποις</span> <span class='ocrx_word' id='word_1_283' title='bbox 485 2555 688 2621; x_wconf 78' lang='grc' dir='ltr'>ταῦτα,</span> <span class='ocrx_word' id='word_1_284' title='bbox 725 2559 824 2611; x_wconf 76' lang='grc' dir='ltr'>καὶ</span> <span class='ocrx_word' id='word_1_285' title='bbox 859 2559 1008 2632; x_wconf 87' lang='grc' dir='ltr'>δῶρα</span> <span class='ocrx_word' id='word_1_286' title='bbox 1042 2562 1282 2631; x_wconf 82' lang='grc' dir='ltr'>πολέμου</span> <span class='ocrx_word' id='word_1_287' title='bbox 1334 2563 1430 2616; x_wconf 66' lang='grc' dir='ltr'>καὶ</span> <span class='ocrx_word' id='word_1_288' title='bbox 1464 2565 1650 2628; x_wconf 79' lang='grc' dir='ltr'>πόλεις</span> <span class='ocrx_word' id='word_1_289' title='bbox 1681 2566 1777 2620; x_wconf 78' lang='grc' dir='ltr'>καὶ</span> 
     </span>
    </p>
   </div>
   <div class='ocr_carea' id='block_1_41' title="bbox 208 2649 1776 2730">
    <p class='ocr_par' dir='ltr' id='par_1_41' title="bbox 208 2649 1776 2730">
     <span class='ocr_line' id='line_1_41' title="bbox 208 2649 1776 2730; baseline 0.006 -28"><span class='ocrx_word' id='word_1_290' title='bbox 208 2652 469 2720; x_wconf 84' lang='grc' dir='ltr'>χρήματα,</span> <span class='ocrx_word' id='word_1_291' title='bbox 499 2649 569 2703; x_wconf 82' lang='grc' dir='ltr'>τὸ</span> <span class='ocrx_word' id='word_1_292' title='bbox 600 2649 657 2704; x_wconf 84' lang='grc' dir='ltr'>δὲ</span> <span class='ocrx_word' id='word_1_293' title='bbox 681 2652 871 2719; x_wconf 78' lang='grc' dir='ltr'>μεῖζον</span> <span class='ocrx_word' id='word_1_294' title='bbox 899 2652 999 2723; x_wconf 84' lang='grc' dir='ltr'>τῆς</span> <span class='ocrx_word' id='word_1_295' title='bbox 1039 2653 1365 2724; x_wconf 82' lang='grc' dir='ltr'>Ἑκκλησίας</span> <span class='ocrx_word' id='word_1_296' title='bbox 1389 2657 1495 2711; x_wconf 60' lang='lat' dir='ltr'><strong>uio!</strong></span> <span class='ocrx_word' id='word_1_297' title='bbox 1518 2661 1613 2711; x_wconf 71' lang='lat' dir='ltr'><strong>ml.</strong></span> <span class='ocrx_word' id='word_1_298' title='bbox 1638 2660 1776 2730; x_wconf 83' lang='grc' dir='ltr'>Χρι-</span> 
     </span>
    </p>
   </div>
   <div class='ocr_carea' id='block_1_42' title="bbox 211 2745 1776 2824">
    <p class='ocr_par' dir='ltr' id='par_1_42' title="bbox 211 2745 1776 2824">
     <span class='ocr_line' id='line_1_42' title="bbox 211 2745 1776 2824; baseline 0.007 -28"><span class='ocrx_word' id='word_1_299' title='bbox 211 2745 420 2800; x_wconf 84' lang='grc' dir='ltr'>στιανοί.</span> <span class='ocrx_word' id='word_1_300' title='bbox 448 2745 807 2817; x_wconf 80' lang='grc' dir='ltr'>Χριστιανοῖς</span> <span class='ocrx_word' id='word_1_301' title='bbox 859 2745 914 2799; x_wconf 81' lang='grc' dir='ltr'>δὲ</span> <span class='ocrx_word' id='word_1_302' title='bbox 970 2748 1113 2800; x_wconf 87' lang='grc' dir='ltr'><strong>κατά</strong></span> <span class='ocrx_word' id='word_1_303' title='bbox 1161 2749 1510 2820; x_wconf 78' lang='grc' dir='ltr'>Χριστιανῶν</span> <span class='ocrx_word' id='word_1_304' title='bbox 1541 2753 1776 2824; x_wconf 76' lang='grc' dir='ltr'>ἐφεῖναι,</span> 
     </span>
    </p>
   </div>
   <div class='ocr_carea' id='block_1_43' title="bbox 212 2835 1642 2915">
    <p class='ocr_par' dir='ltr' id='par_1_43' title="bbox 212 2835 1642 2915">
     <span class='ocr_line' id='line_1_43' title="bbox 212 2835 1642 2915; baseline 0.007 -26"><span class='ocrx_word' id='word_1_305' title='bbox 212 2835 280 2908; x_wconf 84' lang='grc' dir='ltr'>μὴ</span> <span class='ocrx_word' id='word_1_306' title='bbox 297 2837 382 2890; x_wconf 74' lang='grc' dir='ltr'>καὶ</span> <span class='ocrx_word' id='word_1_307' title='bbox 414 2838 494 2901; x_wconf 79' lang='grc' dir='ltr'><strong>είς</strong></span> <span class='ocrx_word' id='word_1_308' title='bbox 528 2837 912 2908; x_wconf 81' lang='grc' dir='ltr'>παροργισμὸν</span> <span class='ocrx_word' id='word_1_309' title='bbox 943 2836 1038 2892; x_wconf 79' lang='grc' dir='ltr'><strong>τοῦ</strong></span> <span class='ocrx_word' id='word_1_310' title='bbox 1077 2838 1242 2893; x_wconf 85' lang='grc' dir='ltr'>Θείου</span> <span class='ocrx_word' id='word_1_311' title='bbox 1276 2841 1642 2915; x_wconf 82' lang='grc' dir='ltr'>πράττοιμεν.</span> 
     </span>
    </p>
   </div>
   <div class='ocr_carea' id='block_1_44' title="bbox 336 3016 1637 3092">
    <p class='ocr_par' dir='ltr' id='par_1_44' title="bbox 336 3016 1637 3092">
     <span class='ocr_line' id='line_1_44' title="bbox 336 3016 1637 3092; baseline 0.006 -22"><span class='ocrx_word' id='word_1_312' title='bbox 336 3016 426 3072; x_wconf 74' lang='lat'><strong>26.</strong></span> <span class='ocrx_word' id='word_1_313' title='bbox 468 3016 549 3072; x_wconf 88' lang='lat' dir='ltr'><strong>Ut</strong></span> <span class='ocrx_word' id='word_1_314' title='bbox 574 3017 768 3072; x_wconf 83' lang='lat' dir='ltr'><strong>iterum</strong></span> <span class='ocrx_word' id='word_1_315' title='bbox 797 3019 866 3072; x_wconf 86' lang='lat' dir='ltr'><strong>ad</strong></span> <span class='ocrx_word' id='word_1_316' title='bbox 903 3018 1108 3086; x_wconf 79' lang='lat' dir='ltr'><strong>Papam</strong></span> <span class='ocrx_word' id='word_1_317' title='bbox 1141 3019 1301 3092; x_wconf 84' lang='lat' dir='ltr'><strong>legati</strong></span> <span class='ocrx_word' id='word_1_318' title='bbox 1334 3021 1438 3075; x_wconf 77' lang='lat' dir='ltr'><strong>sint</strong></span> <span class='ocrx_word' id='word_1_319' title='bbox 1467 3025 1637 3078; x_wconf 72' lang='lat' dir='ltr'><strong>nimi.</strong></span> 
     </span>
    </p>
   </div>
   <div class='ocr_carea' id='block_1_45' title="bbox 272 3109 1780 3185">
    <p class='ocr_par' dir='ltr' id='par_1_45' title="bbox 272 3109 1780 3185">
     <span class='ocr_line' id='line_1_45' title="bbox 272 3109 1780 3185; baseline 0.003 -19"><span class='ocrx_word' id='word_1_320' title='bbox 272 3109 542 3166; x_wconf 72' lang='lat' dir='ltr'><strong>Caeterum</strong></span> <span class='ocrx_word' id='word_1_321' title='bbox 583 3110 881 3180; x_wconf 70' lang='lat' dir='ltr'><strong>imperator</strong></span> <span class='ocrx_word' id='word_1_322' title='bbox 921 3111 1206 3180; x_wconf 79' lang='lat' dir='ltr'><strong>expeditos</strong></span> <span class='ocrx_word' id='word_1_323' title='bbox 1248 3113 1658 3185; x_wconf 86' lang='lat' dir='ltr'><strong>instructosque</strong></span> <span class='ocrx_word' id='word_1_324' title='bbox 1690 3115 1780 3170; x_wconf 68' lang='lat' dir='ltr'><strong>le~</strong></span> 
     </span>
    </p>
   </div>
   <div class='ocr_carea' id='block_1_46' title="bbox 1888 1999 3465 2073">
    <p class='ocr_par' dir='ltr' id='par_1_46' title="bbox 1888 1999 3465 2073">
     <span class='ocr_line' id='line_1_46' title="bbox 1888 1999 3465 2073; baseline 0.001 -20"><span class='ocrx_word' id='word_1_325' title='bbox 1888 2001 1988 2071; x_wconf 79' lang='grc' dir='ltr'>μὲν</span> <span class='ocrx_word' id='word_1_326' title='bbox 2012 2001 2104 2053; x_wconf 80' lang='grc' dir='ltr'>τὸν</span> <span class='ocrx_word' id='word_1_327' title='bbox 2155 2000 2390 2071; x_wconf 75' lang='grc' dir='ltr'>Ἰκάριον</span> <span class='ocrx_word' id='word_1_328' title='bbox 2425 2004 2519 2053; x_wconf 83' lang='grc' dir='ltr'>καὶ</span> <span class='ocrx_word' id='word_1_329' title='bbox 2557 2002 2641 2054; x_wconf 76' lang='grc' dir='ltr'>ἔτι</span> <span class='ocrx_word' id='word_1_330' title='bbox 2675 2005 2732 2054; x_wconf 84' lang='grc' dir='ltr'><strong>ἐν</strong></span> <span class='ocrx_word' id='word_1_331' title='bbox 2768 2004 3009 2066; x_wconf 76' lang='grc' dir='ltr'>ἰδιώταις</span> <span class='ocrx_word' id='word_1_332' title='bbox 3049 1999 3188 2073; x_wconf 77' lang='grc' dir='ltr'>εἶχε,</span> <span class='ocrx_word' id='word_1_333' title='bbox 3220 2003 3320 2057; x_wconf 73' lang='grc' dir='ltr'>καὶ</span> <span class='ocrx_word' id='word_1_334' title='bbox 3347 2003 3465 2072; x_wconf 77' lang='grc' dir='ltr'>ἄμα</span> 
     </span>
    </p>
   </div>
   <div class='ocr_carea' id='block_1_47' title="bbox 1883 2093 3467 2164">
    <p class='ocr_par' dir='ltr' id='par_1_47' title="bbox 1883 2093 3467 2164">
     <span class='ocr_line' id='line_1_47' title="bbox 1883 2093 3467 2164; baseline 0 -17"><span class='ocrx_word' id='word_1_335' title='bbox 1883 2093 2149 2163; x_wconf 80' lang='grc' dir='ltr'>δυνάμεσι</span> <span class='ocrx_word' id='word_1_336' title='bbox 2209 2096 2462 2159; x_wconf 77' lang='grc' dir='ltr'>πεζικαῖς</span> <span class='ocrx_word' id='word_1_337' title='bbox 2522 2095 2832 2164; x_wconf 85' lang='grc' dir='ltr'>ἐμϐιϐάσας</span> <span class='ocrx_word' id='word_1_338' title='bbox 2884 2097 3074 2149; x_wconf 75' lang='grc' dir='ltr'>ναυσὶν</span> <span class='ocrx_word' id='word_1_339' title='bbox 3125 2098 3334 2149; x_wconf 77' lang='grc' dir='ltr'>ἐκεῖνον</span> <span class='ocrx_word' id='word_1_340' title='bbox 3376 2093 3467 2147; x_wconf 77' lang='grc' dir='ltr'><strong>ἐπ’</strong></span> 
     </span>
    </p>
   </div>
   <div class='ocr_carea' id='block_1_48' title="bbox 1886 2185 3469 2257">
    <p class='ocr_par' dir='ltr' id='par_1_48' title="bbox 1886 2185 3469 2257">
     <span class='ocr_line' id='line_1_48' title="bbox 1886 2185 3469 2257; baseline 0.001 -19"><span class='ocrx_word' id='word_1_341' title='bbox 1886 2185 2127 2255; x_wconf 76' lang='grc' dir='ltr'>Εὐρίπου</span> <span class='ocrx_word' id='word_1_342' title='bbox 2165 2185 2374 2254; x_wconf 83' lang='grc' dir='ltr'>πέμπει</span> <span class='ocrx_word' id='word_1_343' title='bbox 2403 2185 2480 2255; x_wconf 84' lang='grc' dir='ltr'>τῷ</span> <span class='ocrx_word' id='word_1_344' title='bbox 2515 2186 2738 2256; x_wconf 84' lang='grc' dir='ltr'>μεγάλῳ</span> <span class='ocrx_word' id='word_1_345' title='bbox 2772 2186 2944 2255; x_wconf 80' lang='grc' dir='ltr'>κυρίῳ</span> <span class='ocrx_word' id='word_1_346' title='bbox 2987 2187 3210 2256; x_wconf 81' lang='grc' dir='ltr'>Ἰωάννῃ</span> <span class='ocrx_word' id='word_1_347' title='bbox 3259 2189 3469 2257; x_wconf 75' lang='grc' dir='ltr'>συμμί-</span> 
     </span>
    </p>
   </div>
   <div class='ocr_carea' id='block_1_49' title="bbox 1888 2275 3468 2349">
    <p class='ocr_par' dir='ltr' id='par_1_49' title="bbox 1888 2275 3468 2349">
     <span class='ocr_line' id='line_1_49' title="bbox 1888 2275 3468 2349; baseline 0.002 -21"><span class='ocrx_word' id='word_1_348' title='bbox 1888 2275 2069 2342; x_wconf 80' lang='grc' dir='ltr'>ξοντα.</span> <span class='ocrx_word' id='word_1_349' title='bbox 2102 2278 2211 2330; x_wconf 72' lang='grc' dir='ltr'><strong>Καὶ</strong></span> <span class='ocrx_word' id='word_1_350' title='bbox 2247 2277 2312 2347; x_wconf 80' lang='grc' dir='ltr'>δὴ</span> <span class='ocrx_word' id='word_1_351' title='bbox 2332 2279 2455 2330; x_wconf 72' lang='grc' dir='ltr'>ἐπεὶ</span> <span class='ocrx_word' id='word_1_352' title='bbox 2485 2279 2718 2348; x_wconf 76' lang='grc' dir='ltr'>στρατὸς</span> <span class='ocrx_word' id='word_1_353' title='bbox 2750 2278 2858 2330; x_wconf 83' lang='grc' dir='ltr'><strong>τῶν</strong></span> <span class='ocrx_word' id='word_1_354' title='bbox 2883 2279 3020 2332; x_wconf 86' lang='grc' dir='ltr'>νεῶν</span> <span class='ocrx_word' id='word_1_355' title='bbox 3044 2278 3306 2332; x_wconf 80' lang='grc' dir='ltr'>ἀπέϐαινε</span> <span class='ocrx_word' id='word_1_356' title='bbox 3340 2281 3468 2349; x_wconf 85' lang='grc' dir='ltr'>περί</span> 
     </span>
    </p>
   </div>
   <div class='ocr_carea' id='block_1_50' title="bbox 1889 2370 3470 2442">
    <p class='ocr_par' dir='ltr' id='par_1_50' title="bbox 1889 2370 3470 2442">
     <span class='ocr_line' id='line_1_50' title="bbox 1889 2370 3470 2442; baseline -0.001 -18"><span class='ocrx_word' id='word_1_357' title='bbox 1889 2386 1993 2424; x_wconf 85' lang='grc' dir='ltr'><strong>που</strong></span> <span class='ocrx_word' id='word_1_358' title='bbox 2023 2370 2149 2433; x_wconf 82' lang='grc' dir='ltr'>τοὺς</span> <span class='ocrx_word' id='word_1_359' title='bbox 2176 2371 2445 2440; x_wconf 69' lang='grc' dir='ltr'>Σωρεοὺς,</span> <span class='ocrx_word' id='word_1_360' title='bbox 2465 2371 2760 2442; x_wconf 71' lang='grc' dir='ltr'>δἸωάννης</span> <span class='ocrx_word' id='word_1_361' title='bbox 2783 2372 3089 2440; x_wconf 76' lang='grc' dir='ltr'>πυθόμενος</span> <span class='ocrx_word' id='word_1_362' title='bbox 3121 2372 3220 2440; x_wconf 79' lang='grc' dir='ltr'>τὴν</span> <span class='ocrx_word' id='word_1_363' title='bbox 3249 2373 3470 2426; x_wconf 79' lang='grc' dir='ltr'>ἐκείνων</span> 
     </span>
    </p>
   </div>
   <div class='ocr_carea' id='block_1_51' title="bbox 1888 2458 3472 2534">
    <p class='ocr_par' dir='ltr' id='par_1_51' title="bbox 1888 2458 3472 2534">
     <span class='ocr_line' id='line_1_51' title="bbox 1888 2458 3472 2534; baseline 0 -18"><span class='ocrx_word' id='word_1_364' title='bbox 1888 2463 2180 2526; x_wconf 75' lang='grc' dir='ltr'>ἀπόϐασιν,</span> <span class='ocrx_word' id='word_1_365' title='bbox 2239 2461 2332 2514; x_wconf 88' lang='grc' dir='ltr'><strong>καί</strong></span> <span class='ocrx_word' id='word_1_366' title='bbox 2380 2461 2430 2530; x_wconf 83' lang='grc' dir='ltr'>γ’</span> <span class='ocrx_word' id='word_1_367' title='bbox 2465 2461 2541 2526; x_wconf 86' lang='grc' dir='ltr'>ὼς</span> <span class='ocrx_word' id='word_1_368' title='bbox 2596 2458 2711 2532; x_wconf 81' lang='grc' dir='ltr'>εἶχε</span> <span class='ocrx_word' id='word_1_369' title='bbox 2760 2462 3027 2532; x_wconf 80' lang='grc' dir='ltr'>ποδαλγὸς</span> <span class='ocrx_word' id='word_1_370' title='bbox 3057 2462 3132 2516; x_wconf 86' lang='grc' dir='ltr'>ὣν</span> <span class='ocrx_word' id='word_1_371' title='bbox 3182 2465 3284 2534; x_wconf 82' lang='grc' dir='ltr'>τῆς</span> <span class='ocrx_word' id='word_1_372' title='bbox 3334 2466 3472 2534; x_wconf 64' lang='grc' dir='ltr'>πρὶς</span> 
     </span>
    </p>
   </div>
   <div class='ocr_carea' id='block_1_52' title="bbox 1885 2556 3474 2628">
    <p class='ocr_par' dir='ltr' id='par_1_52' title="bbox 1885 2556 3474 2628">
     <span class='ocr_line' id='line_1_52' title="bbox 1885 2556 3474 2628; baseline -0.001 -18"><span class='ocrx_word' id='word_1_373' title='bbox 1885 2558 2132 2620; x_wconf 80' lang='grc' dir='ltr'>ἐκείνους</span> <span class='ocrx_word' id='word_1_374' title='bbox 2162 2557 2262 2610; x_wconf 82' lang='grc' dir='ltr'>οὐκ</span> <span class='ocrx_word' id='word_1_375' title='bbox 2297 2558 2570 2627; x_wconf 78' lang='grc' dir='ltr'>ἀπέσχετο</span> <span class='ocrx_word' id='word_1_376' title='bbox 2611 2558 2815 2628; x_wconf 76' lang='grc' dir='ltr'>μάχης,</span> <span class='ocrx_word' id='word_1_377' title='bbox 2852 2557 2972 2610; x_wconf 82' lang='grc' dir='ltr'>ἀλλ’</span> <span class='ocrx_word' id='word_1_378' title='bbox 3000 2556 3232 2611; x_wconf 76' lang='grc' dir='ltr'>αὐτόθεν</span> <span class='ocrx_word' id='word_1_379' title='bbox 3271 2575 3474 2612; x_wconf 80' lang='grc' dir='ltr'>συντα-</span> 
     </span>
    </p>
   </div>
   <div class='ocr_carea' id='block_1_53' title="bbox 1891 2648 3474 2722">
    <p class='ocr_par' dir='ltr' id='par_1_53' title="bbox 1891 2648 3474 2722">
     <span class='ocr_line' id='line_1_53' title="bbox 1891 2648 3474 2722; baseline 0.001 -19"><span class='ocrx_word' id='word_1_380' title='bbox 1891 2648 2122 2720; x_wconf 72' lang='grc' dir='ltr'>ξάμενος</span> <span class='ocrx_word' id='word_1_381' title='bbox 2185 2650 2281 2704; x_wconf 80' lang='grc' dir='ltr'>καὶ</span> <span class='ocrx_word' id='word_1_382' title='bbox 2334 2649 2396 2702; x_wconf 80' lang='grc' dir='ltr'>τὸ</span> <span class='ocrx_word' id='word_1_383' title='bbox 2447 2650 2738 2703; x_wconf 82' lang='grc' dir='ltr'>Λατινικὸν</span> <span class='ocrx_word' id='word_1_384' title='bbox 2791 2651 3120 2722; x_wconf 82' lang='grc' dir='ltr'>εὐτρεπίσας</span> <span class='ocrx_word' id='word_1_385' title='bbox 3175 2652 3305 2705; x_wconf 77' lang='grc' dir='ltr'><strong>εὐθὺ</strong></span> <span class='ocrx_word' id='word_1_386' title='bbox 3364 2652 3474 2705; x_wconf 82' lang='grc' dir='ltr'><strong>τῶν</strong></span> 
     </span>
    </p>
   </div>
   <div class='ocr_carea' id='block_1_54' title="bbox 1889 2727 3474 2815">
    <p class='ocr_par' dir='ltr' id='par_1_54' title="bbox 1889 2727 3474 2815">
     <span class='ocr_line' id='line_1_54' title="bbox 1889 2727 3474 2815; baseline -0.002 -18"><span class='ocrx_word' id='word_1_387' title='bbox 1889 2727 2269 2797; x_wconf 82' lang='grc' dir='ltr'>ἀκουσθέντων</span> <span class='ocrx_word' id='word_1_388' title='bbox 2324 2743 2434 2813; x_wconf 62' lang='lat' dir='ltr'><strong>ﬁte.</strong></span> <span class='ocrx_word' id='word_1_389' title='bbox 2493 2743 2606 2797; x_wconf 76' lang='grc' dir='ltr'><strong>Καὶ</strong></span> <span class='ocrx_word' id='word_1_390' title='bbox 2648 2743 2831 2814; x_wconf 80' lang='grc' dir='ltr'>μάχην</span> <span class='ocrx_word' id='word_1_391' title='bbox 2881 2745 3159 2813; x_wconf 77' lang='grc' dir='ltr'>κρατερὰν</span> <span class='ocrx_word' id='word_1_392' title='bbox 3195 2745 3474 2815; x_wconf 74' lang='grc' dir='ltr'>συμμίξας</span> 
     </span>
    </p>
   </div>
   <div class='ocr_carea' id='block_1_55' title="bbox 1891 2835 3473 2907">
    <p class='ocr_par' dir='ltr' id='par_1_55' title="bbox 1891 2835 3473 2907">
     <span class='ocr_line' id='line_1_55' title="bbox 1891 2835 3473 2907; baseline 0.001 -17"><span class='ocrx_word' id='word_1_393' title='bbox 1891 2835 2234 2900; x_wconf 83' lang='grc' dir='ltr'>ἀκοντισθεὶς</span> <span class='ocrx_word' id='word_1_394' title='bbox 2273 2835 2498 2889; x_wconf 77' lang='grc' dir='ltr'>πίπτειο</span> <span class='ocrx_word' id='word_1_395' title='bbox 2531 2835 2594 2889; x_wconf 81' lang='grc' dir='ltr'>τὸ</span> <span class='ocrx_word' id='word_1_396' title='bbox 2621 2835 2732 2907; x_wconf 79' lang='grc' dir='ltr'>γὰρ</span> <span class='ocrx_word' id='word_1_397' title='bbox 2782 2835 2894 2889; x_wconf 91' lang='grc' dir='ltr'><strong>τῶν</strong></span> <span class='ocrx_word' id='word_1_398' title='bbox 2939 2837 3121 2890; x_wconf 86' lang='grc' dir='ltr'>ποδῶν</span> <span class='ocrx_word' id='word_1_399' title='bbox 3153 2837 3377 2907; x_wconf 76' lang='grc' dir='ltr'>ἄλγημα</span> <span class='ocrx_word' id='word_1_400' title='bbox 3411 2839 3473 2892; x_wconf 78' lang='grc' dir='ltr'>οὐ</span> 
     </span>
    </p>
   </div>
   <div class='ocr_carea' id='block_1_56' title="bbox 1891 3014 3476 3087">
    <p class='ocr_par' dir='ltr' id='par_1_56' title="bbox 1891 3014 3476 3087">
     <span class='ocr_line' id='line_1_56' title="bbox 1891 3014 3476 3087; baseline -0.003 -14"><span class='ocrx_word' id='word_1_401' title='bbox 1891 3019 1982 3073; x_wconf 72' lang='grc'><strong>27.</strong></span> <span class='ocrx_word' id='word_1_402' title='bbox 2029 3015 2099 3072; x_wconf 77' lang='grc' dir='ltr'><strong>ω</strong></span> <span class='ocrx_word' id='word_1_403' title='bbox 2132 3015 2346 3070; x_wconf 76' lang='lat' dir='ltr'><strong>[carius</strong></span> <span class='ocrx_word' id='word_1_404' title='bbox 2379 3017 2450 3071; x_wconf 80' lang='lat' dir='ltr'><strong>ad</strong></span> <span class='ocrx_word' id='word_1_405' title='bbox 2495 3017 2860 3084; x_wconf 69' lang='lat' dir='ltr'><strong>imperatore»:</strong></span> <span class='ocrx_word' id='word_1_406' title='bbox 2919 3014 3275 3087; x_wconf 74' lang='lat' dir='ltr'><strong>transfugiens</strong></span> <span class='ocrx_word' id='word_1_407' title='bbox 3311 3015 3476 3070; x_wconf 79' lang='lat' dir='ltr'><strong>classi</strong></span> 
     </span>
    </p>
   </div>
   <div class='ocr_carea' id='block_1_57' title="bbox 2419 3088 3330 3156">
    <p class='ocr_par' dir='ltr' id='par_1_57' title="bbox 2419 3088 3330 3156">
     <span class='ocr_line' id='line_1_57' title="bbox 2419 3088 3330 3156; baseline -0.001 -17"><span class='ocrx_word' id='word_1_408' title='bbox 2419 3089 2730 3156; x_wconf 58' lang='lat' dir='ltr'><strong>praepositus</strong></span> <span class='ocrx_word' id='word_1_409' title='bbox 2765 3088 2946 3155; x_wconf 80' lang='lat' dir='ltr'><strong>fuerit.</strong></span> <span class='ocrx_word' id='word_1_410' title='bbox 3327 3123 3330 3126; x_wconf 89' lang='lat'><strong><em>-</em></strong></span> 
     </span>
    </p>
   </div>
   <div class='ocr_carea' id='block_1_58' title="bbox 213 3203 3474 3289">
    <p class='ocr_par' dir='ltr' id='par_1_58' title="bbox 213 3203 3474 3289">
     <span class='ocr_line' id='line_1_58' title="bbox 213 3203 3474 3289; baseline 0.001 -35"><span class='ocrx_word' id='word_1_411' title='bbox 213 3213 355 3272; x_wconf 72' lang='lat' dir='ltr'><strong>gates</strong></span> <span class='ocrx_word' id='word_1_412' title='bbox 383 3203 563 3258; x_wconf 83' lang='lat' dir='ltr'><strong>mittit</strong></span> <span class='ocrx_word' id='word_1_413' title='bbox 598 3204 664 3258; x_wconf 89' lang='lat' dir='ltr'><strong>ad</strong></span> <span class='ocrx_word' id='word_1_414' title='bbox 694 3204 926 3272; x_wconf 84' lang='lat' dir='ltr'><strong>Papam,</strong></span> <span class='ocrx_word' id='word_1_415' title='bbox 967 3203 1129 3259; x_wconf 86' lang='lat' dir='ltr'><strong>simul</strong></span> <span class='ocrx_word' id='word_1_416' title='bbox 1157 3205 1562 3276; x_wconf 77' lang='lat' dir='ltr'><strong>signiﬁeaturos</strong></span> <span class='ocrx_word' id='word_1_417' title='bbox 1595 3222 1784 3278; x_wconf 83' lang='lat' dir='ltr'><strong>perpe-</strong></span> <span class='ocrx_word' id='word_1_418' title='bbox 1815 3230 1858 3289; x_wconf 64' lang='grc' dir='ltr'>α</span> <span class='ocrx_word' id='word_1_419' title='bbox 1964 3208 2058 3264; x_wconf 83' lang='lat' dir='ltr'><strong>Sic</strong></span> <span class='ocrx_word' id='word_1_420' title='bbox 2093 3221 2348 3276; x_wconf 87' lang='lat' dir='ltr'><strong>represso</strong></span> <span class='ocrx_word' id='word_1_421' title='bbox 2389 3208 2598 3276; x_wconf 89' lang='lat' dir='ltr'><strong>impetu</strong></span> <span class='ocrx_word' id='word_1_422' title='bbox 2639 3203 2849 3269; x_wconf 87' lang='lat' dir='ltr'><strong>Caroli,</strong></span> <span class='ocrx_word' id='word_1_423' title='bbox 2883 3203 3180 3275; x_wconf 89' lang='lat' dir='ltr'><strong>imperator</strong></span> <span class='ocrx_word' id='word_1_424' title='bbox 3210 3205 3311 3258; x_wconf 89' lang='lat' dir='ltr'><strong>ista</strong></span> <span class='ocrx_word' id='word_1_425' title='bbox 3343 3218 3474 3259; x_wconf 89' lang='lat' dir='ltr'><strong>cura</strong></span> 
     </span>
    </p>
   </div>
   <div class='ocr_carea' id='block_1_59' title="bbox 217 3295 1785 3366">
    <p class='ocr_par' dir='ltr' id='par_1_59' title="bbox 217 3295 1785 3366">
     <span class='ocr_line' id='line_1_59' title="bbox 217 3295 1785 3366; baseline 0.004 -19"><span class='ocrx_word' id='word_1_426' title='bbox 217 3303 399 3350; x_wconf 87' lang='lat' dir='ltr'><strong>tratum</strong></span> <span class='ocrx_word' id='word_1_427' title='bbox 460 3295 586 3366; x_wconf 83' lang='lat' dir='ltr'><strong>jam</strong></span> <span class='ocrx_word' id='word_1_428' title='bbox 643 3296 926 3365; x_wconf 73' lang='lat' dir='ltr'><strong>negotium</strong></span> <span class='ocrx_word' id='word_1_429' title='bbox 997 3306 1053 3352; x_wconf 87' lang='lat' dir='ltr'><strong>et</strong></span> <span class='ocrx_word' id='word_1_430' title='bbox 1103 3298 1444 3352; x_wconf 82' lang='lat' dir='ltr'><strong>exsccutioni</strong></span> <span class='ocrx_word' id='word_1_431' title='bbox 1516 3310 1785 3353; x_wconf 87' lang='lat' dir='ltr'><strong>conventa</strong></span> 
     </span>
    </p>
   </div>
   <div class='ocr_carea' id='block_1_60' title="bbox 218 3386 1784 3459">
    <p class='ocr_par' dir='ltr' id='par_1_60' title="bbox 218 3386 1784 3459">
     <span class='ocr_line' id='line_1_60' title="bbox 218 3386 1784 3459; baseline 0.002 -19"><span class='ocrx_word' id='word_1_432' title='bbox 218 3387 481 3454; x_wconf 79' lang='lat' dir='ltr'><strong>mandata,</strong></span> <span class='ocrx_word' id='word_1_433' title='bbox 551 3386 717 3442; x_wconf 88' lang='lat' dir='ltr'><strong>simul</strong></span> <span class='ocrx_word' id='word_1_434' title='bbox 769 3388 910 3441; x_wconf 87' lang='lat' dir='ltr'><strong>clam</strong></span> <span class='ocrx_word' id='word_1_435' title='bbox 976 3387 1356 3444; x_wconf 80' lang='lat' dir='ltr'><strong>sciscitaturos</strong></span> <span class='ocrx_word' id='word_1_436' title='bbox 1412 3389 1544 3459; x_wconf 87' lang='lat' dir='ltr'><strong>quid</strong></span> <span class='ocrx_word' id='word_1_437' title='bbox 1603 3407 1784 3445; x_wconf 83' lang='lat' dir='ltr'><strong>rerum</strong></span> 
     </span>
    </p>
   </div>
   <div class='ocr_carea' id='block_1_61' title="bbox 218 3479 1792 3551">
    <p class='ocr_par' dir='ltr' id='par_1_61' title="bbox 218 3479 1792 3551">
     <span class='ocr_line' id='line_1_61' title="bbox 218 3479 1792 3551; baseline 0.002 -18"><span class='ocrx_word' id='word_1_438' title='bbox 218 3483 484 3535; x_wconf 79' lang='lat' dir='ltr'><strong>moliretur</strong></span> <span class='ocrx_word' id='word_1_439' title='bbox 561 3479 817 3545; x_wconf 81' lang='lat' dir='ltr'><strong>Carolus,</strong></span> <span class='ocrx_word' id='word_1_440' title='bbox 875 3489 930 3535; x_wconf 86' lang='lat' dir='ltr'><strong>et</strong></span> <span class='ocrx_word' id='word_1_441' title='bbox 982 3481 1182 3551; x_wconf 86' lang='lat' dir='ltr'><strong>ecquid</strong></span> <span class='ocrx_word' id='word_1_442' title='bbox 1242 3481 1422 3537; x_wconf 85' lang='lat' dir='ltr'><strong>adhuc</strong></span> <span class='ocrx_word' id='word_1_443' title='bbox 1478 3482 1792 3538; x_wconf 70' lang='lat' dir='ltr'><strong>demisisset.</strong></span> 
     </span>
    </p>
   </div>
   <div class='ocr_carea' id='block_1_62' title="bbox 217 3572 1776 3642">
    <p class='ocr_par' dir='ltr' id='par_1_62' title="bbox 217 3572 1776 3642">
     <span class='ocr_line' id='line_1_62' title="bbox 217 3572 1776 3642; baseline 0.001 -15"><span class='ocrx_word' id='word_1_444' title='bbox 217 3574 465 3642; x_wconf 88' lang='lat' dir='ltr'><strong>animum,</strong></span> <span class='ocrx_word' id='word_1_445' title='bbox 495 3572 621 3628; x_wconf 74' lang='lat' dir='ltr'><strong>iero</strong></span> <span class='ocrx_word' id='word_1_446' title='bbox 655 3574 748 3627; x_wconf 85' lang='lat' dir='ltr'><strong>illo</strong></span> <span class='ocrx_word' id='word_1_447' title='bbox 776 3590 887 3642; x_wconf 91' lang='lat' dir='ltr'><strong>quo</strong></span> <span class='ocrx_word' id='word_1_448' title='bbox 918 3574 974 3629; x_wconf 91' lang='lat' dir='ltr'><strong>in</strong></span> <span class='ocrx_word' id='word_1_449' title='bbox 1001 3573 1222 3630; x_wconf 54' lang='lat' dir='ltr'><strong>Graecos</strong></span> <span class='ocrx_word' id='word_1_450' title='bbox 1245 3583 1404 3630; x_wconf 81' lang='lat' dir='ltr'><strong>antea</strong></span> <span class='ocrx_word' id='word_1_451' title='bbox 1437 3575 1776 3630; x_wconf 83' lang='lat' dir='ltr'><strong>incitabatur</strong></span> 
     </span>
    </p>
   </div>
   <div class='ocr_carea' id='block_1_63' title="bbox 215 3667 1792 3740">
    <p class='ocr_par' dir='ltr' id='par_1_63' title="bbox 215 3667 1792 3740">
     <span class='ocr_line' id='line_1_63' title="bbox 215 3667 1792 3740; baseline -0.001 -16"><span class='ocrx_word' id='word_1_452' title='bbox 215 3669 364 3740; x_wconf 59' lang='lat'><strong>510</strong></span> <span class='ocrx_word' id='word_1_453' title='bbox 392 3671 606 3739; x_wconf 89' lang='lat' dir='ltr'><strong>impetu</strong></span> <span class='ocrx_word' id='word_1_454' title='bbox 663 3668 916 3723; x_wconf 88' lang='lat' dir='ltr'><strong>remisso.</strong></span> <span class='ocrx_word' id='word_1_455' title='bbox 959 3667 1146 3740; x_wconf 75' lang='lat' dir='ltr'><strong>Legati</strong></span> <span class='ocrx_word' id='word_1_456' title='bbox 1201 3669 1414 3738; x_wconf 82' lang='lat' dir='ltr'><strong>appulsi</strong></span> <span class='ocrx_word' id='word_1_457' title='bbox 1466 3669 1792 3723; x_wconf 87' lang='lat' dir='ltr'><strong>nuntiarunt</strong></span> 
     </span>
    </p>
   </div>
   <div class='ocr_carea' id='block_1_64' title="bbox 218 3761 1788 3832">
    <p class='ocr_par' dir='ltr' id='par_1_64' title="bbox 218 3761 1788 3832">
     <span class='ocr_line' id='line_1_64' title="bbox 218 3761 1788 3832; baseline 0.001 -18"><span class='ocrx_word' id='word_1_458' title='bbox 218 3769 645 3818; x_wconf 88' lang='lat' dir='ltr'><strong>consummatam</strong></span> <span class='ocrx_word' id='word_1_459' title='bbox 673 3777 888 3832; x_wconf 85' lang='lat' dir='ltr'><strong>pacem,</strong></span> <span class='ocrx_word' id='word_1_460' title='bbox 914 3769 968 3815; x_wconf 88' lang='lat' dir='ltr'><strong>et</strong></span> <span class='ocrx_word' id='word_1_461' title='bbox 994 3762 1204 3830; x_wconf 79' lang='lat' dir='ltr'><strong>excepti</strong></span> <span class='ocrx_word' id='word_1_462' title='bbox 1245 3761 1604 3830; x_wconf 72' lang='lat' dir='ltr'><strong>perbenetole</strong></span> <span class='ocrx_word' id='word_1_463' title='bbox 1641 3771 1788 3816; x_wconf 91' lang='lat' dir='ltr'><strong>sunt.</strong></span> 
     </span>
    </p>
   </div>
   <div class='ocr_carea' id='block_1_65' title="bbox 219 3852 1789 3923">
    <p class='ocr_par' dir='ltr' id='par_1_65' title="bbox 219 3852 1789 3923">
     <span class='ocr_line' id='line_1_65' title="bbox 219 3852 1789 3923; baseline -0.004 -17"><span class='ocrx_word' id='word_1_464' title='bbox 219 3852 545 3908; x_wconf 82' lang='lat' dir='ltr'><strong>Invenerunt</strong></span> <span class='ocrx_word' id='word_1_465' title='bbox 581 3864 764 3908; x_wconf 87' lang='lat' dir='ltr'><strong>autem</strong></span> <span class='ocrx_word' id='word_1_466' title='bbox 816 3854 889 3908; x_wconf 85' lang='lat' dir='ltr'><strong>ibi</strong></span> <span class='ocrx_word' id='word_1_467' title='bbox 926 3853 1185 3908; x_wconf 86' lang='lat' dir='ltr'><strong>Carolum</strong></span> <span class='ocrx_word' id='word_1_468' title='bbox 1233 3853 1414 3909; x_wconf 88' lang='lat' dir='ltr'><strong>minas</strong></span> <span class='ocrx_word' id='word_1_469' title='bbox 1465 3855 1789 3923; x_wconf 73' lang='lat' dir='ltr'><strong>spirantem,</strong></span> 
     </span>
    </p>
   </div>
   <div class='ocr_carea' id='block_1_66' title="bbox 217 3945 1786 4016">
    <p class='ocr_par' dir='ltr' id='par_1_66' title="bbox 217 3945 1786 4016">
     <span class='ocr_line' id='line_1_66' title="bbox 217 3945 1786 4016; baseline 0.001 -20"><span class='ocrx_word' id='word_1_470' title='bbox 217 3946 428 4000; x_wconf 79' lang='lat' dir='ltr'><strong>etoumi</strong></span> <span class='ocrx_word' id='word_1_471' title='bbox 461 3946 818 4000; x_wconf 83' lang='lat' dir='ltr'><strong>contentione</strong></span> <span class='ocrx_word' id='word_1_472' title='bbox 849 3961 1071 4016; x_wconf 85' lang='lat' dir='ltr'><strong>precum</strong></span> <span class='ocrx_word' id='word_1_473' title='bbox 1105 3945 1514 4000; x_wconf 87' lang='lat' dir='ltr'><strong>incumbentem</strong></span> <span class='ocrx_word' id='word_1_474' title='bbox 1549 3946 1613 3999; x_wconf 89' lang='lat' dir='ltr'><strong>ad</strong></span> <span class='ocrx_word' id='word_1_475' title='bbox 1657 3960 1786 4000; x_wconf 78' lang='lat' dir='ltr'><strong>exo-</strong></span> 
     </span>
    </p>
   </div>
   <div class='ocr_carea' id='block_1_67' title="bbox 221 4039 1792 4109">
    <p class='ocr_par' dir='ltr' id='par_1_67' title="bbox 221 4039 1792 4109">
     <span class='ocr_line' id='line_1_67' title="bbox 221 4039 1792 4109; baseline 0.001 -18"><span class='ocrx_word' id='word_1_476' title='bbox 221 4040 436 4093; x_wconf 89' lang='lat' dir='ltr'><strong>randum</strong></span> <span class='ocrx_word' id='word_1_477' title='bbox 470 4039 675 4108; x_wconf 86' lang='lat' dir='ltr'><strong>Papam</strong></span> <span class='ocrx_word' id='word_1_478' title='bbox 713 4047 771 4093; x_wconf 89' lang='lat' dir='ltr'><strong>ut</strong></span> <span class='ocrx_word' id='word_1_479' title='bbox 797 4039 900 4094; x_wconf 85' lang='lat' dir='ltr'><strong>sibi</strong></span> <span class='ocrx_word' id='word_1_480' title='bbox 942 4039 1281 4107; x_wconf 81' lang='lat' dir='ltr'><strong>permitteret</strong></span> <span class='ocrx_word' id='word_1_481' title='bbox 1308 4039 1708 4109; x_wconf 78' lang='lat' dir='ltr'><strong>expeditionem</strong></span> <span class='ocrx_word' id='word_1_482' title='bbox 1739 4042 1792 4092; x_wconf 89' lang='lat' dir='ltr'><strong>in</strong></span> 
     </span>
    </p>
   </div>
   <div class='ocr_carea' id='block_1_68' title="bbox 223 4131 1794 4202">
    <p class='ocr_par' dir='ltr' id='par_1_68' title="bbox 223 4131 1794 4202">
     <span class='ocr_line' id='line_1_68' title="bbox 223 4131 1794 4202; baseline 0.001 -18"><span class='ocrx_word' id='word_1_483' title='bbox 223 4133 402 4187; x_wconf 87' lang='lat' dir='ltr'><strong>urbem</strong></span> <span class='ocrx_word' id='word_1_484' title='bbox 436 4133 1001 4202; x_wconf 83' lang='lat' dir='ltr'><strong>ConstantinOpolim.</strong></span> <span class='ocrx_word' id='word_1_485' title='bbox 1046 4131 1315 4187; x_wconf 83' lang='lat' dir='ltr'><strong>Videbant</strong></span> <span class='ocrx_word' id='word_1_486' title='bbox 1349 4132 1514 4202; x_wconf 71' lang='lat' dir='ltr'><strong>igltur</strong></span> <span class='ocrx_word' id='word_1_487' title='bbox 1547 4131 1794 4201; x_wconf 73' lang='lat' dir='ltr'><strong>numidie</strong></span> 
     </span>
    </p>
   </div>
   <div class='ocr_carea' id='block_1_69' title="bbox 214 4225 1794 4295">
    <p class='ocr_par' dir='ltr' id='par_1_69' title="bbox 214 4225 1794 4295">
     <span class='ocr_line' id='line_1_69' title="bbox 214 4225 1794 4295; baseline 0.001 -15"><span class='ocrx_word' id='word_1_488' title='bbox 214 4226 592 4282; x_wconf 73' lang='lat' dir='ltr'><strong>advolventcm</strong></span> <span class='ocrx_word' id='word_1_489' title='bbox 647 4241 708 4280; x_wconf 85' lang='lat' dir='ltr'><strong>se</strong></span> <span class='ocrx_word' id='word_1_490' title='bbox 759 4225 918 4294; x_wconf 71' lang='lat' dir='ltr'><strong>Papa:</strong></span> <span class='ocrx_word' id='word_1_491' title='bbox 989 4226 1255 4295; x_wconf 81' lang='lat' dir='ltr'><strong>pedibus,</strong></span> <span class='ocrx_word' id='word_1_492' title='bbox 1311 4236 1366 4281; x_wconf 90' lang='lat' dir='ltr'><strong>et</strong></span> <span class='ocrx_word' id='word_1_493' title='bbox 1437 4241 1503 4280; x_wconf 89' lang='lat' dir='ltr'><strong>eo</strong></span> <span class='ocrx_word' id='word_1_494' title='bbox 1563 4227 1794 4282; x_wconf 85' lang='lat' dir='ltr'><strong>subinde</strong></span> 
     </span>
    </p>
   </div>
   <div class='ocr_carea' id='block_1_70' title="bbox 222 4316 1796 4386">
    <p class='ocr_par' dir='ltr' id='par_1_70' title="bbox 222 4316 1796 4386">
     <span class='ocr_line' id='line_1_70' title="bbox 222 4316 1796 4386; baseline 0.001 -17"><span class='ocrx_word' id='word_1_495' title='bbox 222 4320 415 4373; x_wconf 83' lang='lat' dir='ltr'><strong>luroris</strong></span> <span class='ocrx_word' id='word_1_496' title='bbox 461 4317 857 4386; x_wconf 83' lang='lat' dir='ltr'><strong>inquietissirni</strong></span> <span class='ocrx_word' id='word_1_497' title='bbox 905 4327 1372 4386; x_wconf 88' lang='lat' dir='ltr'><strong>prorumpentem,</strong></span> <span class='ocrx_word' id='word_1_498' title='bbox 1409 4327 1466 4370; x_wconf 93' lang='lat' dir='ltr'><strong>ut</strong></span> <span class='ocrx_word' id='word_1_499' title='bbox 1495 4316 1642 4386; x_wconf 87' lang='lat' dir='ltr'><strong>quod</strong></span> <span class='ocrx_word' id='word_1_500' title='bbox 1679 4334 1796 4372; x_wconf 86' lang='lat' dir='ltr'><strong>ma-</strong></span> 
     </span>
    </p>
   </div>
   <div class='ocr_carea' id='block_1_71' title="bbox 223 4409 1792 4480">
    <p class='ocr_par' dir='ltr' id='par_1_71' title="bbox 223 4409 1792 4480">
     <span class='ocr_line' id='line_1_71' title="bbox 223 4409 1792 4480; baseline 0.002 -16"><span class='ocrx_word' id='word_1_501' title='bbox 223 4411 372 4466; x_wconf 85' lang='lat' dir='ltr'><strong>nibus</strong></span> <span class='ocrx_word' id='word_1_502' title='bbox 417 4427 574 4465; x_wconf 88' lang='lat' dir='ltr'><strong>more</strong></span> <span class='ocrx_word' id='word_1_503' title='bbox 633 4409 946 4464; x_wconf 79' lang='lat' dir='ltr'><strong>Italicorum</strong></span> <span class='ocrx_word' id='word_1_504' title='bbox 1006 4411 1313 4479; x_wconf 87' lang='lat' dir='ltr'><strong>principum</strong></span> <span class='ocrx_word' id='word_1_505' title='bbox 1372 4410 1620 4480; x_wconf 76' lang='lat' dir='ltr'><strong>gestabat</strong></span> <span class='ocrx_word' id='word_1_506' title='bbox 1671 4426 1792 4467; x_wconf 81' lang='lat' dir='ltr'><strong>sce-</strong></span> 
     </span>
    </p>
   </div>
   <div class='ocr_carea' id='block_1_72' title="bbox 223 4501 1790 4568">
    <p class='ocr_par' dir='ltr' id='par_1_72' title="bbox 223 4501 1790 4568">
     <span class='ocr_line' id='line_1_72' title="bbox 223 4501 1790 4568; baseline 0.001 -13"><span class='ocrx_word' id='word_1_507' title='bbox 223 4511 392 4568; x_wconf 83' lang='lat' dir='ltr'><strong>ptrum</strong></span> <span class='ocrx_word' id='word_1_508' title='bbox 422 4544 436 4565; x_wconf 88' lang='lat'><strong>.</strong></span> <span class='ocrx_word' id='word_1_509' title='bbox 491 4502 894 4556; x_wconf 85' lang='lat' dir='ltr'><strong>commordcret</strong></span> <span class='ocrx_word' id='word_1_510' title='bbox 939 4501 1157 4555; x_wconf 85' lang='lat' dir='ltr'><strong>rabiose</strong></span> <span class='ocrx_word' id='word_1_511' title='bbox 1201 4501 1435 4556; x_wconf 86' lang='lat' dir='ltr'><strong>admotis</strong></span> <span class='ocrx_word' id='word_1_512' title='bbox 1489 4502 1749 4556; x_wconf 77' lang='lat' dir='ltr'><strong>dentibus</strong></span> <span class='ocrx_word' id='word_1_513' title='bbox 1776 4542 1790 4566; x_wconf 89' lang='lat'><strong>,</strong></span> 
     </span>
    </p>
   </div>
   <div class='ocr_carea' id='block_1_73' title="bbox 1895 3296 3473 3369">
    <p class='ocr_par' dir='ltr' id='par_1_73' title="bbox 1895 3296 3473 3369">
     <span class='ocr_line' id='line_1_73' title="bbox 1895 3296 3473 3369; baseline -0.006 -12"><span class='ocrx_word' id='word_1_514' title='bbox 1895 3302 2108 3357; x_wconf 76' lang='lat' dir='ltr'><strong>levatus</strong></span> <span class='ocrx_word' id='word_1_515' title='bbox 2143 3314 2208 3355; x_wconf 89' lang='lat' dir='ltr'><strong>eo</strong></span> <span class='ocrx_word' id='word_1_516' title='bbox 2257 3298 2564 3352; x_wconf 87' lang='lat' dir='ltr'><strong>animosius</strong></span> <span class='ocrx_word' id='word_1_517' title='bbox 2613 3296 2882 3369; x_wconf 88' lang='lat' dir='ltr'><strong>incubuit</strong></span> <span class='ocrx_word' id='word_1_518' title='bbox 2915 3297 2969 3351; x_wconf 89' lang='lat' dir='ltr'><strong>in</strong></span> <span class='ocrx_word' id='word_1_519' title='bbox 3005 3312 3094 3351; x_wconf 90' lang='lat' dir='ltr'><strong>res</strong></span> <span class='ocrx_word' id='word_1_520' title='bbox 3147 3311 3276 3351; x_wconf 86' lang='lat' dir='ltr'><strong>suas</strong></span> <span class='ocrx_word' id='word_1_521' title='bbox 3312 3311 3473 3366; x_wconf 84' lang='lat' dir='ltr'><strong>quam</strong></span> 
     </span>
    </p>
   </div>
   <div class='ocr_carea' id='block_1_74' title="bbox 1893 3389 3476 3466">
    <p class='ocr_par' dir='ltr' id='par_1_74' title="bbox 1893 3389 3476 3466">
     <span class='ocr_line' id='line_1_74' title="bbox 1893 3389 3476 3466; baseline -0.004 -17"><span class='ocrx_word' id='word_1_522' title='bbox 1893 3395 2098 3466; x_wconf 87' lang='lat' dir='ltr'><strong>optime</strong></span> <span class='ocrx_word' id='word_1_523' title='bbox 2124 3391 2539 3447; x_wconf 83' lang='lat' dir='ltr'><strong>constituendas</strong></span> <span class='ocrx_word' id='word_1_524' title='bbox 2576 3405 2640 3444; x_wconf 84' lang='lat' dir='ltr'><strong>ex</strong></span> <span class='ocrx_word' id='word_1_525' title='bbox 2676 3389 2934 3459; x_wconf 57' lang='lat' dir='ltr'><strong>priesenti</strong></span> <span class='ocrx_word' id='word_1_526' title='bbox 2983 3407 3109 3454; x_wconf 88' lang='lat' dir='ltr'><strong>usu,</strong></span> <span class='ocrx_word' id='word_1_527' title='bbox 3141 3389 3363 3459; x_wconf 87' lang='lat' dir='ltr'><strong>quando</strong></span> <span class='ocrx_word' id='word_1_528' title='bbox 3409 3391 3476 3444; x_wconf 84' lang='lat' dir='ltr'><strong>ad</strong></span> 
     </span>
    </p>
   </div>
   <div class='ocr_carea' id='block_1_75' title="bbox 1893 3481 3475 3553">
    <p class='ocr_par' dir='ltr' id='par_1_75' title="bbox 1893 3481 3475 3553">
     <span class='ocr_line' id='line_1_75' title="bbox 1893 3481 3475 3553; baseline -0.006 -11"><span class='ocrx_word' id='word_1_529' title='bbox 1893 3503 1953 3542; x_wconf 84' lang='lat' dir='ltr'><strong>se</strong></span> <span class='ocrx_word' id='word_1_530' title='bbox 1989 3483 2392 3553; x_wconf 80' lang='lat' dir='ltr'><strong>confugientem</strong></span> <span class='ocrx_word' id='word_1_531' title='bbox 2442 3482 2677 3552; x_wconf 77' lang='lat' dir='ltr'><strong>benigne</strong></span> <span class='ocrx_word' id='word_1_532' title='bbox 2725 3481 2958 3537; x_wconf 80' lang='lat' dir='ltr'><strong>Icarium</strong></span> <span class='ocrx_word' id='word_1_533' title='bbox 3010 3483 3234 3552; x_wconf 75' lang='lat' dir='ltr'><strong>excipit,</strong></span> <span class='ocrx_word' id='word_1_534' title='bbox 3295 3481 3475 3535; x_wconf 87' lang='lat' dir='ltr'><strong>virum</strong></span> 
     </span>
    </p>
   </div>
   <div class='ocr_carea' id='block_1_76' title="bbox 1895 3575 3474 3647">
    <p class='ocr_par' dir='ltr' id='par_1_76' title="bbox 1895 3575 3474 3647">
     <span class='ocr_line' id='line_1_76' title="bbox 1895 3575 3474 3647; baseline -0.005 -15"><span class='ocrx_word' id='word_1_535' title='bbox 1895 3578 2064 3632; x_wconf 85' lang='lat' dir='ltr'><strong>multa</strong></span> <span class='ocrx_word' id='word_1_536' title='bbox 2114 3577 2431 3647; x_wconf 80' lang='lat' dir='ltr'><strong>praeliorum</strong></span> <span class='ocrx_word' id='word_1_537' title='bbox 2473 3575 2809 3645; x_wconf 72' lang='lat' dir='ltr'><strong>experientia</strong></span> <span class='ocrx_word' id='word_1_538' title='bbox 2849 3575 3144 3630; x_wconf 85' lang='lat' dir='ltr'><strong>militarem</strong></span> <span class='ocrx_word' id='word_1_539' title='bbox 3189 3575 3474 3629; x_wconf 80' lang='lat' dir='ltr'><strong>scientiam</strong></span> 
     </span>
    </p>
   </div>
   <div class='ocr_carea' id='block_1_77' title="bbox 1894 3671 3482 3746">
    <p class='ocr_par' dir='ltr' id='par_1_77' title="bbox 1894 3671 3482 3746">
     <span class='ocr_line' id='line_1_77' title="bbox 1894 3671 3482 3746; baseline -0.004 -15"><span class='ocrx_word' id='word_1_540' title='bbox 1894 3677 2178 3746; x_wconf 87' lang='lat' dir='ltr'><strong>adeptum.</strong></span> <span class='ocrx_word' id='word_1_541' title='bbox 2212 3673 2477 3742; x_wconf 81' lang='lat' dir='ltr'><strong>Princeps</strong></span> <span class='ocrx_word' id='word_1_542' title='bbox 2505 3673 2552 3728; x_wconf 87' lang='lat' dir='ltr'><strong>is</strong></span> <span class='ocrx_word' id='word_1_543' title='bbox 2581 3671 2760 3727; x_wconf 69' lang='lat' dir='ltr'><strong>fuerat</strong></span> <span class='ocrx_word' id='word_1_544' title='bbox 2791 3673 2986 3729; x_wconf 69' lang='lat' dir='ltr'><strong>insulae</strong></span> <span class='ocrx_word' id='word_1_545' title='bbox 3014 3673 3287 3735; x_wconf 70' lang='lat' dir='ltr'><strong>maximm,</strong></span> <span class='ocrx_word' id='word_1_546' title='bbox 3317 3688 3482 3742; x_wconf 83' lang='lat' dir='ltr'><strong>qu:.m</strong></span> 
     </span>
    </p>
   </div>
   <div class='ocr_carea' id='block_1_78' title="bbox 1894 3766 3478 3841">
    <p class='ocr_par' dir='ltr' id='par_1_78' title="bbox 1894 3766 3478 3841">
     <span class='ocr_line' id='line_1_78' title="bbox 1894 3766 3478 3841; baseline -0.005 -17"><span class='ocrx_word' id='word_1_547' title='bbox 1894 3770 1989 3841; x_wconf 86' lang='lat' dir='ltr'><strong>qui</strong></span> <span class='ocrx_word' id='word_1_548' title='bbox 2021 3770 2134 3824; x_wconf 87' lang='lat' dir='ltr'><strong>illic</strong></span> <span class='ocrx_word' id='word_1_549' title='bbox 2162 3769 2363 3837; x_wconf 79' lang='lat' dir='ltr'><strong>degunt</strong></span> <span class='ocrx_word' id='word_1_550' title='bbox 2392 3766 2781 3838; x_wconf 84' lang='lat' dir='ltr'><strong>Anetuopylas,</strong></span> <span class='ocrx_word' id='word_1_551' title='bbox 2814 3767 2914 3820; x_wconf 89' lang='lat' dir='ltr'><strong>hoc</strong></span> <span class='ocrx_word' id='word_1_552' title='bbox 2937 3774 3020 3820; x_wconf 91' lang='lat' dir='ltr'><strong>est</strong></span> <span class='ocrx_word' id='word_1_553' title='bbox 3044 3777 3326 3820; x_wconf 82' lang='lat' dir='ltr'><strong>ventorum</strong></span> <span class='ocrx_word' id='word_1_554' title='bbox 3353 3782 3478 3835; x_wconf 82' lang='lat' dir='ltr'><strong>por-</strong></span> 
     </span>
    </p>
   </div>
   <div class='ocr_carea' id='block_1_79' title="bbox 1896 3858 3482 3934">
    <p class='ocr_par' dir='ltr' id='par_1_79' title="bbox 1896 3858 3482 3934">
     <span class='ocr_line' id='line_1_79' title="bbox 1896 3858 3482 3934; baseline -0.005 -16"><span class='ocrx_word' id='word_1_555' title='bbox 1896 3872 1999 3925; x_wconf 85' lang='lat' dir='ltr'><strong>tas.</strong></span> <span class='ocrx_word' id='word_1_556' title='bbox 2031 3859 2192 3934; x_wconf 66' lang='grc'><strong>411</strong></span> <span class='ocrx_word' id='word_1_557' title='bbox 2226 3875 2422 3915; x_wconf 90' lang='lat' dir='ltr'><strong>vocare</strong></span> <span class='ocrx_word' id='word_1_558' title='bbox 2464 3867 2892 3914; x_wconf 85' lang='lat' dir='ltr'><strong>consueverunt.</strong></span> <span class='ocrx_word' id='word_1_559' title='bbox 2946 3858 3078 3912; x_wconf 89' lang='lat' dir='ltr'><strong>lndc</strong></span> <span class='ocrx_word' id='word_1_560' title='bbox 3119 3870 3298 3912; x_wconf 87' lang='lat' dir='ltr'><strong>autem</strong></span> <span class='ocrx_word' id='word_1_561' title='bbox 3346 3875 3482 3912; x_wconf 44' lang='lat' dir='ltr'><strong>casu</strong></span> 
     </span>
    </p>
   </div>
   <div class='ocr_carea' id='block_1_80' title="bbox 1895 3949 3479 4022">
    <p class='ocr_par' dir='ltr' id='par_1_80' title="bbox 1895 3949 3479 4022">
     <span class='ocr_line' id='line_1_80' title="bbox 1895 3949 3479 4022; baseline -0.007 -10"><span class='ocrx_word' id='word_1_562' title='bbox 1895 3964 1950 4013; x_wconf 91' lang='lat' dir='ltr'><strong>et</strong></span> <span class='ocrx_word' id='word_1_563' title='bbox 1978 3954 2340 4011; x_wconf 83' lang='lat' dir='ltr'><strong>conversione</strong></span> <span class='ocrx_word' id='word_1_564' title='bbox 2369 3952 2604 4022; x_wconf 86' lang='lat' dir='ltr'><strong>quadam</strong></span> <span class='ocrx_word' id='word_1_565' title='bbox 2641 3951 2810 4008; x_wconf 88' lang='lat' dir='ltr'><strong>sortis</strong></span> <span class='ocrx_word' id='word_1_566' title='bbox 2851 3951 2916 4005; x_wconf 91' lang='lat' dir='ltr'><strong>ad</strong></span> <span class='ocrx_word' id='word_1_567' title='bbox 2961 3950 3345 4019; x_wconf 71' lang='lat' dir='ltr'><strong>imperatorem</strong></span> <span class='ocrx_word' id='word_1_568' title='bbox 3390 3949 3479 4002; x_wconf 79' lang='lat' dir='ltr'><strong>iu-</strong></span> 
     </span>
    </p>
   </div>
   <div class='ocr_carea' id='block_1_81' title="bbox 1896 4041 3480 4118">
    <p class='ocr_par' dir='ltr' id='par_1_81' title="bbox 1896 4041 3480 4118">
     <span class='ocr_line' id='line_1_81' title="bbox 1896 4041 3480 4118; baseline -0.007 -16"><span class='ocrx_word' id='word_1_569' title='bbox 1896 4063 2022 4118; x_wconf 76' lang='lat' dir='ltr'><strong>gere</strong></span> <span class='ocrx_word' id='word_1_570' title='bbox 2050 4045 2370 4116; x_wconf 90' lang='lat' dir='ltr'><strong>compulsus</strong></span> <span class='ocrx_word' id='word_1_571' title='bbox 2393 4046 2483 4114; x_wconf 87' lang='lat' dir='ltr'><strong>jus</strong></span> <span class='ocrx_word' id='word_1_572' title='bbox 2517 4045 2570 4098; x_wconf 92' lang='lat' dir='ltr'><strong>in</strong></span> <span class='ocrx_word' id='word_1_573' title='bbox 2608 4059 2728 4098; x_wconf 87' lang='lat' dir='ltr'><strong>eam</strong></span> <span class='ocrx_word' id='word_1_574' title='bbox 2755 4043 2988 4098; x_wconf 89' lang='lat' dir='ltr'><strong>insulam</strong></span> <span class='ocrx_word' id='word_1_575' title='bbox 3016 4058 3176 4096; x_wconf 91' lang='lat' dir='ltr'><strong>suum</strong></span> <span class='ocrx_word' id='word_1_576' title='bbox 3211 4041 3258 4095; x_wconf 83' lang='lat' dir='ltr'><strong>ei</strong></span> <span class='ocrx_word' id='word_1_577' title='bbox 3291 4042 3480 4102; x_wconf 85' lang='lat' dir='ltr'><strong>cessit,</strong></span> 
     </span>
    </p>
   </div>
   <div class='ocr_carea' id='block_1_82' title="bbox 1897 4133 3482 4210">
    <p class='ocr_par' dir='ltr' id='par_1_82' title="bbox 1897 4133 3482 4210">
     <span class='ocr_line' id='line_1_82' title="bbox 1897 4133 3482 4210; baseline -0.005 -16"><span class='ocrx_word' id='word_1_578' title='bbox 1897 4143 2012 4210; x_wconf 92' lang='lat' dir='ltr'><strong>ipse</strong></span> <span class='ocrx_word' id='word_1_579' title='bbox 2064 4139 2120 4192; x_wconf 92' lang='lat' dir='ltr'><strong>in</strong></span> <span class='ocrx_word' id='word_1_580' title='bbox 2154 4137 2586 4192; x_wconf 82' lang='lat' dir='ltr'><strong>domesticorum</strong></span> <span class='ocrx_word' id='word_1_581' title='bbox 2640 4135 2874 4206; x_wconf 70' lang='lat' dir='ltr'><strong>Augusri</strong></span> <span class='ocrx_word' id='word_1_582' title='bbox 2918 4149 3144 4190; x_wconf 87' lang='lat' dir='ltr'><strong>censum</strong></span> <span class='ocrx_word' id='word_1_583' title='bbox 3187 4133 3482 4202; x_wconf 73' lang='lat' dir='ltr'><strong>ascriptus.</strong></span> 
     </span>
    </p>
   </div>
   <div class='ocr_carea' id='block_1_83' title="bbox 1895 4225 3480 4300">
    <p class='ocr_par' dir='ltr' id='par_1_83' title="bbox 1895 4225 3480 4300">
     <span class='ocr_line' id='line_1_83' title="bbox 1895 4225 3480 4300; baseline -0.005 -16"><span class='ocrx_word' id='word_1_584' title='bbox 1895 4229 2201 4300; x_wconf 80' lang='lat' dir='ltr'><strong>imperator</strong></span> <span class='ocrx_word' id='word_1_585' title='bbox 2251 4239 2430 4282; x_wconf 86' lang='lat' dir='ltr'><strong>autem</strong></span> <span class='ocrx_word' id='word_1_586' title='bbox 2483 4229 2689 4282; x_wconf 88' lang='lat' dir='ltr'><strong>amisso</strong></span> <span class='ocrx_word' id='word_1_587' title='bbox 2740 4229 2903 4298; x_wconf 85' lang='lat' dir='ltr'><strong>paulo</strong></span> <span class='ocrx_word' id='word_1_588' title='bbox 2962 4234 3090 4281; x_wconf 87' lang='lat' dir='ltr'><strong>ante</strong></span> <span class='ocrx_word' id='word_1_589' title='bbox 3139 4225 3480 4280; x_wconf 71' lang='lat' dir='ltr'><strong>sebastocra-</strong></span> 
     </span>
    </p>
   </div>
   <div class='ocr_carea' id='block_1_84' title="bbox 1899 4319 3483 4391">
    <p class='ocr_par' dir='ltr' id='par_1_84' title="bbox 1899 4319 3483 4391">
     <span class='ocr_line' id='line_1_84' title="bbox 1899 4319 3483 4391; baseline -0.004 -14"><span class='ocrx_word' id='word_1_590' title='bbox 1899 4333 2034 4388; x_wconf 90' lang='lat' dir='ltr'><strong>tore,</strong></span> <span class='ocrx_word' id='word_1_591' title='bbox 2072 4321 2278 4377; x_wconf 89' lang='lat' dir='ltr'><strong>amisso</strong></span> <span class='ocrx_word' id='word_1_592' title='bbox 2325 4321 2450 4375; x_wconf 85' lang='lat' dir='ltr'><strong>item</strong></span> <span class='ocrx_word' id='word_1_593' title='bbox 2486 4321 2714 4391; x_wconf 81' lang='lat' dir='ltr'><strong>despota</strong></span> <span class='ocrx_word' id='word_1_594' title='bbox 2765 4319 3034 4374; x_wconf 78' lang='lat' dir='ltr'><strong>fratribus</strong></span> <span class='ocrx_word' id='word_1_595' title='bbox 3077 4320 3216 4383; x_wconf 90' lang='lat' dir='ltr'><strong>suis,</strong></span> <span class='ocrx_word' id='word_1_596' title='bbox 3269 4328 3321 4373; x_wconf 87' lang='lat' dir='ltr'><strong>et</strong></span> <span class='ocrx_word' id='word_1_597' title='bbox 3358 4331 3483 4372; x_wconf 71' lang='lat' dir='ltr'><strong>ante</strong></span> 
     </span>
    </p>
   </div>
   <div class='ocr_carea' id='block_1_85' title="bbox 1849 4399 3480 4484">
    <p class='ocr_par' dir='ltr' id='par_1_85' title="bbox 1849 4399 3480 4484">
     <span class='ocr_line' id='line_1_85' title="bbox 1849 4399 3480 4484; baseline -0.003 -13"><span class='ocrx_word' id='word_1_598' title='bbox 1849 4399 1864 4412; x_wconf 51' lang='grc'>’</span> <span class='ocrx_word' id='word_1_599' title='bbox 1898 4417 2000 4471; x_wconf 83' lang='lat' dir='ltr'><strong>hos</strong></span> <span class='ocrx_word' id='word_1_600' title='bbox 2058 4423 2233 4470; x_wconf 87' lang='lat' dir='ltr'><strong>morte</strong></span> <span class='ocrx_word' id='word_1_601' title='bbox 2292 4414 2497 4484; x_wconf 85' lang='lat' dir='ltr'><strong>pariter</strong></span> <span class='ocrx_word' id='word_1_602' title='bbox 2555 4414 2786 4470; x_wconf 87' lang='lat' dir='ltr'><strong>sublatis</strong></span> <span class='ocrx_word' id='word_1_603' title='bbox 2845 4415 2951 4468; x_wconf 86' lang='lat' dir='ltr'><strong>alio</strong></span> <span class='ocrx_word' id='word_1_604' title='bbox 3009 4414 3480 4476; x_wconf 65' lang='lat' dir='ltr'><strong>sebastmeratore,</strong></span> 
     </span>
    </p>
   </div>
   <div class='ocr_carea' id='block_1_86' title="bbox 1899 4504 3484 4576">
    <p class='ocr_par' dir='ltr' id='par_1_86' title="bbox 1899 4504 3484 4576">
     <span class='ocr_line' id='line_1_86' title="bbox 1899 4504 3484 4576; baseline -0.004 -14"><span class='ocrx_word' id='word_1_605' title='bbox 1899 4515 2159 4576; x_wconf 69' lang='lat' dir='ltr'><strong>praeterea</strong></span> <span class='ocrx_word' id='word_1_606' title='bbox 2207 4505 2459 4570; x_wconf 63' lang='lat' dir='ltr'><strong>Carsare,</strong></span> <span class='ocrx_word' id='word_1_607' title='bbox 2515 4515 2629 4559; x_wconf 84' lang='lat' dir='ltr'><strong>tum</strong></span> <span class='ocrx_word' id='word_1_608' title='bbox 2694 4504 3117 4574; x_wconf 83' lang='lat' dir='ltr'><strong>protovestiario</strong></span> <span class='ocrx_word' id='word_1_609' title='bbox 3176 4520 3240 4558; x_wconf 88' lang='lat' dir='ltr'><strong>ac</strong></span> <span class='ocrx_word' id='word_1_610' title='bbox 3286 4520 3484 4573; x_wconf 68' lang='lat' dir='ltr'><strong>magum</strong></span> 
     </span>
    </p>
   </div>
   <div class='ocr_carea' id='block_1_87' title="bbox 224 4591 3487 4665">
    <p class='ocr_par' dir='ltr' id='par_1_87' title="bbox 224 4591 3487 4665">
     <span class='ocr_line' id='line_1_87' title="bbox 224 4591 3487 4665; baseline -0.003 -19"><span class='ocrx_word' id='word_1_611' title='bbox 224 4594 510 4665; x_wconf 81' lang='lat' dir='ltr'><strong>indignans</strong></span> <span class='ocrx_word' id='word_1_612' title='bbox 535 4594 638 4650; x_wconf 84' lang='lat' dir='ltr'><strong>sibi</strong></span> <span class='ocrx_word' id='word_1_613' title='bbox 673 4593 880 4664; x_wconf 80' lang='lat' dir='ltr'><strong>negari,</strong></span> <span class='ocrx_word' id='word_1_614' title='bbox 910 4609 1074 4663; x_wconf 84' lang='lat' dir='ltr'><strong>quam</strong></span> <span class='ocrx_word' id='word_1_615' title='bbox 1111 4592 1512 4648; x_wconf 86' lang='lat' dir='ltr'><strong>instantissime</strong></span> <span class='ocrx_word' id='word_1_616' title='bbox 1547 4595 1790 4662; x_wconf 81' lang='lat' dir='ltr'><strong>petebat,</strong></span> <span class='ocrx_word' id='word_1_617' title='bbox 1831 4591 1870 4645; x_wconf 84' lang='grc' dir='ltr'><strong>Ι)</strong></span> <span class='ocrx_word' id='word_1_618' title='bbox 1901 4599 2058 4662; x_wconf 81' lang='lat' dir='ltr'><strong>du&#39;cc,</strong></span> <span class='ocrx_word' id='word_1_619' title='bbox 2101 4607 2155 4650; x_wconf 90' lang='lat' dir='ltr'><strong>et</strong></span> <span class='ocrx_word' id='word_1_620' title='bbox 2193 4605 2250 4650; x_wconf 89' lang='lat' dir='ltr'><strong>ut</strong></span> <span class='ocrx_word' id='word_1_621' title='bbox 2299 4595 2467 4650; x_wconf 82' lang='lat' dir='ltr'><strong>verbo</strong></span> <span class='ocrx_word' id='word_1_622' title='bbox 2496 4595 2828 4665; x_wconf 81' lang='lat' dir='ltr'><strong>complectar</strong></span> <span class='ocrx_word' id='word_1_623' title='bbox 2876 4610 3008 4659; x_wconf 88' lang='lat' dir='ltr'><strong>uno,</strong></span> <span class='ocrx_word' id='word_1_624' title='bbox 3049 4593 3324 4663; x_wconf 80' lang='lat' dir='ltr'><strong>plerisque</strong></span> <span class='ocrx_word' id='word_1_625' title='bbox 3367 4593 3487 4646; x_wconf 58' lang='lat' dir='ltr'><strong>illo-</strong></span> 
     </span>
    </p>
   </div>
   <div class='ocr_carea' id='block_1_88' title="bbox 225 4685 1796 4756">
    <p class='ocr_par' dir='ltr' id='par_1_88' title="bbox 225 4685 1796 4756">
     <span class='ocr_line' id='line_1_88' title="bbox 225 4685 1796 4756; baseline 0.001 -18"><span class='ocrx_word' id='word_1_626' title='bbox 225 4687 535 4740; x_wconf 72' lang='lat' dir='ltr'><strong>facultatem</strong></span> <span class='ocrx_word' id='word_1_627' title='bbox 577 4685 914 4756; x_wconf 75' lang='lat' dir='ltr'><strong>exsequendi</strong></span> <span class='ocrx_word' id='word_1_628' title='bbox 945 4685 1089 4754; x_wconf 84' lang='lat' dir='ltr'><strong>quod</strong></span> <span class='ocrx_word' id='word_1_629' title='bbox 1130 4685 1514 4749; x_wconf 87' lang='lat' dir='ltr'><strong>constituerat,</strong></span> <span class='ocrx_word' id='word_1_630' title='bbox 1548 4698 1796 4754; x_wconf 86' lang='lat' dir='ltr'><strong>paratum</strong></span> 
     </span>
    </p>
   </div>
   <div class='ocr_carea' id='block_1_89' title="bbox 225 4777 1796 4847">
    <p class='ocr_par' dir='ltr' id='par_1_89' title="bbox 225 4777 1796 4847">
     <span class='ocr_line' id='line_1_89' title="bbox 225 4777 1796 4847; baseline 0.001 -16"><span class='ocrx_word' id='word_1_631' title='bbox 225 4778 428 4832; x_wconf 81' lang='lat' dir='ltr'><strong>scilicet</strong></span> <span class='ocrx_word' id='word_1_632' title='bbox 449 4779 753 4832; x_wconf 74' lang='lat' dir='ltr'><strong>exercitum</strong></span> <span class='ocrx_word' id='word_1_633' title='bbox 789 4777 1053 4832; x_wconf 85' lang='lat' dir='ltr'><strong>adversus</strong></span> <span class='ocrx_word' id='word_1_634' title='bbox 1084 4777 1468 4847; x_wconf 86' lang='lat' dir='ltr'><strong>imperatorem</strong></span> <span class='ocrx_word' id='word_1_635' title='bbox 1499 4778 1796 4833; x_wconf 79' lang='lat' dir='ltr'><strong>educendi:</strong></span> 
     </span>
    </p>
   </div>
   <div class='ocr_carea' id='block_1_90' title="bbox 224 4868 1799 4937">
    <p class='ocr_par' dir='ltr' id='par_1_90' title="bbox 224 4868 1799 4937">
     <span class='ocr_line' id='line_1_90' title="bbox 224 4868 1799 4937; baseline 0.003 -17"><span class='ocrx_word' id='word_1_636' title='bbox 224 4871 440 4937; x_wconf 82' lang='lat' dir='ltr'><strong>juribus</strong></span> <span class='ocrx_word' id='word_1_637' title='bbox 498 4870 564 4923; x_wconf 92' lang='lat' dir='ltr'><strong>ad</strong></span> <span class='ocrx_word' id='word_1_638' title='bbox 612 4871 664 4923; x_wconf 91' lang='lat' dir='ltr'><strong>id</strong></span> <span class='ocrx_word' id='word_1_639' title='bbox 710 4868 912 4925; x_wconf 75' lang='lat' dir='ltr'><strong>frustra</strong></span> <span class='ocrx_word' id='word_1_640' title='bbox 971 4871 1420 4924; x_wconf 69' lang='lat' dir='ltr'><strong>commemoratis</strong></span> <span class='ocrx_word' id='word_1_641' title='bbox 1468 4872 1604 4930; x_wconf 88' lang='lat' dir='ltr'><strong>suis,</strong></span> <span class='ocrx_word' id='word_1_642' title='bbox 1657 4871 1799 4925; x_wconf 83' lang='lat' dir='ltr'><strong>baud</strong></span> 
     </span>
    </p>
   </div>
   <div class='ocr_carea' id='block_1_91' title="bbox 229 4959 1803 5029">
    <p class='ocr_par' dir='ltr' id='par_1_91' title="bbox 229 4959 1803 5029">
     <span class='ocr_line' id='line_1_91' title="bbox 229 4959 1803 5029; baseline 0 -15"><span class='ocrx_word' id='word_1_643' title='bbox 229 4975 487 5029; x_wconf 79' lang='lat' dir='ltr'><strong>persuaso</strong></span> <span class='ocrx_word' id='word_1_644' title='bbox 543 4971 601 5015; x_wconf 92' lang='lat' dir='ltr'><strong>ut</strong></span> <span class='ocrx_word' id='word_1_645' title='bbox 661 4960 710 5014; x_wconf 91' lang='lat' dir='ltr'><strong>id</strong></span> <span class='ocrx_word' id='word_1_646' title='bbox 775 4961 975 5013; x_wconf 88' lang='lat' dir='ltr'><strong>bellum</strong></span> <span class='ocrx_word' id='word_1_647' title='bbox 1030 4959 1357 5028; x_wconf 82' lang='lat' dir='ltr'><strong>approbaret</strong></span> <span class='ocrx_word' id='word_1_648' title='bbox 1410 4968 1463 5012; x_wconf 89' lang='lat' dir='ltr'><strong>et</strong></span> <span class='ocrx_word' id='word_1_649' title='bbox 1509 4960 1678 5013; x_wconf 82' lang='lat' dir='ltr'><strong>surdo</strong></span> <span class='ocrx_word' id='word_1_650' title='bbox 1735 4961 1803 5014; x_wconf 87' lang='lat' dir='ltr'><strong>ad</strong></span> 
     </span>
    </p>
   </div>
   <div class='ocr_carea' id='block_1_92' title="bbox 230 5050 1802 5122">
    <p class='ocr_par' dir='ltr' id='par_1_92' title="bbox 230 5050 1802 5122">
     <span class='ocr_line' id='line_1_92' title="bbox 230 5050 1802 5122; baseline 0.003 -20"><span class='ocrx_word' id='word_1_651' title='bbox 230 5068 410 5120; x_wconf 88' lang='lat' dir='ltr'><strong>preces</strong></span> <span class='ocrx_word' id='word_1_652' title='bbox 451 5067 645 5106; x_wconf 89' lang='lat' dir='ltr'><strong>omnes</strong></span> <span class='ocrx_word' id='word_1_653' title='bbox 685 5051 819 5107; x_wconf 88' lang='lat' dir='ltr'><strong>tales</strong></span> <span class='ocrx_word' id='word_1_654' title='bbox 858 5051 1188 5120; x_wconf 79' lang='lat' dir='ltr'><strong>persistente</strong></span> <span class='ocrx_word' id='word_1_655' title='bbox 1219 5050 1383 5122; x_wconf 86' lang='lat' dir='ltr'><strong>Papa.</strong></span> <span class='ocrx_word' id='word_1_656' title='bbox 1417 5052 1518 5117; x_wconf 83' lang='lat' dir='ltr'><strong>Qui</strong></span> <span class='ocrx_word' id='word_1_657' title='bbox 1561 5052 1802 5108; x_wconf 85' lang='lat' dir='ltr'><strong>vicissim</strong></span> 
     </span>
    </p>
   </div>
   <div class='ocr_carea' id='block_1_93' title="bbox 232 5142 1807 5213">
    <p class='ocr_par' dir='ltr' id='par_1_93' title="bbox 232 5142 1807 5213">
     <span class='ocr_line' id='line_1_93' title="bbox 232 5142 1807 5213; baseline 0.004 -21"><span class='ocrx_word' id='word_1_658' title='bbox 232 5143 493 5213; x_wconf 47' lang='lat' dir='ltr'><strong>allegabat</strong></span> <span class='ocrx_word' id='word_1_659' title='bbox 519 5143 716 5198; x_wconf 81' lang='lat' dir='ltr'><strong>Carolo</strong></span> <span class='ocrx_word' id='word_1_660' title='bbox 745 5143 1062 5198; x_wconf 73' lang='lat' dir='ltr'><strong>Grzecorum</strong></span> <span class='ocrx_word' id='word_1_661' title='bbox 1096 5142 1241 5209; x_wconf 84' lang='lat' dir='ltr'><strong>jura,</strong></span> <span class='ocrx_word' id='word_1_662' title='bbox 1269 5142 1480 5212; x_wconf 87' lang='lat' dir='ltr'><strong>placide</strong></span> <span class='ocrx_word' id='word_1_663' title='bbox 1505 5145 1807 5199; x_wconf 87' lang='lat' dir='ltr'><strong>admonens</strong></span> 
     </span>
    </p>
   </div>
   <div class='ocr_carea' id='block_1_94' title="bbox 231 5234 1803 5303">
    <p class='ocr_par' dir='ltr' id='par_1_94' title="bbox 231 5234 1803 5303">
     <span class='ocr_line' id='line_1_94' title="bbox 231 5234 1803 5303; baseline 0.003 -18"><span class='ocrx_word' id='word_1_664' title='bbox 231 5249 542 5303; x_wconf 77' lang='lat' dir='ltr'><strong>possessam</strong></span> <span class='ocrx_word' id='word_1_665' title='bbox 564 5237 632 5289; x_wconf 87' lang='lat' dir='ltr'><strong>ab</strong></span> <span class='ocrx_word' id='word_1_666' title='bbox 659 5235 767 5290; x_wconf 89' lang='lat' dir='ltr'><strong>illis</strong></span> <span class='ocrx_word' id='word_1_667' title='bbox 788 5235 995 5289; x_wconf 85' lang='lat' dir='ltr'><strong>dudum</strong></span> <span class='ocrx_word' id='word_1_668' title='bbox 1019 5234 1578 5303; x_wconf 86' lang='lat' dir='ltr'><strong>Constantinopolim,</strong></span> <span class='ocrx_word' id='word_1_669' title='bbox 1603 5235 1803 5289; x_wconf 87' lang='lat' dir='ltr'><strong>iterum</strong></span> 
     </span>
    </p>
   </div>
   <div class='ocr_carea' id='block_1_95' title="bbox 231 5328 1808 5399">
    <p class='ocr_par' dir='ltr' id='par_1_95' title="bbox 231 5328 1808 5399">
     <span class='ocr_line' id='line_1_95' title="bbox 231 5328 1808 5399; baseline 0.002 -18"><span class='ocrx_word' id='word_1_670' title='bbox 231 5330 293 5382; x_wconf 89' lang='lat' dir='ltr'><strong>ad</strong></span> <span class='ocrx_word' id='word_1_671' title='bbox 341 5331 598 5399; x_wconf 87' lang='lat' dir='ltr'><strong>antiquos</strong></span> <span class='ocrx_word' id='word_1_672' title='bbox 633 5329 887 5384; x_wconf 86' lang='lat' dir='ltr'><strong>dominos</strong></span> <span class='ocrx_word' id='word_1_673' title='bbox 928 5328 1146 5384; x_wconf 79' lang='lat' dir='ltr'><strong>fortuna</strong></span> <span class='ocrx_word' id='word_1_674' title='bbox 1184 5329 1503 5384; x_wconf 82' lang='lat' dir='ltr'><strong>revolutam.</strong></span> <span class='ocrx_word' id='word_1_675' title='bbox 1552 5328 1656 5383; x_wconf 75' lang='lat' dir='ltr'><strong>Eas</strong></span> <span class='ocrx_word' id='word_1_676' title='bbox 1687 5344 1808 5384; x_wconf 87' lang='lat' dir='ltr'><strong>esse</strong></span> 
     </span>
    </p>
   </div>
   <div class='ocr_carea' id='block_1_96' title="bbox 237 5408 1805 5490">
    <p class='ocr_par' dir='ltr' id='par_1_96' title="bbox 237 5408 1805 5490">
     <span class='ocr_line' id='line_1_96' title="bbox 237 5408 1805 5490; baseline 0.002 -18"><span class='ocrx_word' id='word_1_677' title='bbox 237 5436 410 5476; x_wconf 77' lang='lat' dir='ltr'><strong>rerum</strong></span> <span class='ocrx_word' id='word_1_678' title='bbox 448 5425 810 5477; x_wconf 83' lang='lat' dir='ltr'><strong>humanarum</strong></span> <span class='ocrx_word' id='word_1_679' title='bbox 843 5424 1009 5485; x_wconf 84' lang='lat' dir='ltr'><strong>vices,</strong></span> <span class='ocrx_word' id='word_1_680' title='bbox 1061 5430 1117 5476; x_wconf 88' lang='lat' dir='ltr'><strong>et</strong></span> <span class='ocrx_word' id='word_1_681' title='bbox 1149 5423 1314 5476; x_wconf 86' lang='lat' dir='ltr'><strong>urbes</strong></span> <span class='ocrx_word' id='word_1_682' title='bbox 1343 5431 1395 5475; x_wconf 87' lang='lat' dir='ltr'><strong>et</strong></span> <span class='ocrx_word' id='word_1_683' title='bbox 1425 5437 1556 5490; x_wconf 85' lang='lat' dir='ltr'><strong>opes</strong></span> <span class='ocrx_word' id='word_1_684' title='bbox 1588 5408 1805 5475; x_wconf 73' lang='lat' dir='ltr'><strong>demum</strong></span> 
     </span>
    </p>
   </div>
   <div class='ocr_carea' id='block_1_97' title="bbox 235 5515 1808 5585">
    <p class='ocr_par' dir='ltr' id='par_1_97' title="bbox 235 5515 1808 5585">
     <span class='ocr_line' id='line_1_97' title="bbox 235 5515 1808 5585; baseline 0.001 -18"><span class='ocrx_word' id='word_1_685' title='bbox 235 5526 458 5569; x_wconf 71' lang='lat' dir='ltr'><strong>ea‘teras</strong></span> <span class='ocrx_word' id='word_1_686' title='bbox 491 5517 711 5585; x_wconf 82' lang='lat' dir='ltr'><strong>praemia</strong></span> <span class='ocrx_word' id='word_1_687' title='bbox 760 5531 881 5571; x_wconf 89' lang='lat' dir='ltr'><strong>esse</strong></span> <span class='ocrx_word' id='word_1_688' title='bbox 913 5515 1060 5578; x_wconf 88' lang='lat' dir='ltr'><strong>belli,</strong></span> <span class='ocrx_word' id='word_1_689' title='bbox 1109 5515 1273 5585; x_wconf 88' lang='lat' dir='ltr'><strong>eique</strong></span> <span class='ocrx_word' id='word_1_690' title='bbox 1304 5515 1404 5584; x_wconf 79' lang='lat' dir='ltr'><strong>legi</strong></span> <span class='ocrx_word' id='word_1_691' title='bbox 1438 5515 1808 5583; x_wconf 74' lang='lat' dir='ltr'><strong>nequit-scen-</strong></span> 
     </span>
    </p>
   </div>
   <div class='ocr_carea' id='block_1_98' title="bbox 235 5606 1810 5678">
    <p class='ocr_par' dir='ltr' id='par_1_98' title="bbox 235 5606 1810 5678">
     <span class='ocr_line' id='line_1_98' title="bbox 235 5606 1810 5678; baseline 0.001 -19"><span class='ocrx_word' id='word_1_692' title='bbox 235 5607 395 5673; x_wconf 81' lang='lat' dir='ltr'><strong>dum,</strong></span> <span class='ocrx_word' id='word_1_693' title='bbox 422 5611 720 5676; x_wconf 68' lang='lat' dir='ltr'><strong>prmsertim</strong></span> <span class='ocrx_word' id='word_1_694' title='bbox 773 5623 897 5661; x_wconf 87' lang='lat' dir='ltr'><strong>eum</strong></span> <span class='ocrx_word' id='word_1_695' title='bbox 949 5607 1124 5662; x_wconf 82' lang='lat' dir='ltr'><strong>Graeci</strong></span> <span class='ocrx_word' id='word_1_696' title='bbox 1165 5622 1386 5678; x_wconf 86' lang='lat' dir='ltr'><strong>quoque</strong></span> <span class='ocrx_word' id='word_1_697' title='bbox 1425 5606 1683 5661; x_wconf 74' lang='lat' dir='ltr'><strong>Ecclesia.-</strong></span> <span class='ocrx_word' id='word_1_698' title='bbox 1718 5608 1810 5662; x_wconf 88' lang='lat' dir='ltr'><strong>lilii</strong></span> 
     </span>
    </p>
   </div>
   <div class='ocr_carea' id='block_1_99' title="bbox 237 5698 1813 5774">
    <p class='ocr_par' dir='ltr' id='par_1_99' title="bbox 237 5698 1813 5774">
     <span class='ocr_line' id='line_1_99' title="bbox 237 5698 1813 5774; baseline 0.002 -22"><span class='ocrx_word' id='word_1_699' title='bbox 237 5698 638 5774; x_wconf 87' lang='lat' dir='ltr'><strong>Cbristianique</strong></span> <span class='ocrx_word' id='word_1_700' title='bbox 684 5709 869 5756; x_wconf 87' lang='lat' dir='ltr'><strong>essent</strong></span> <span class='ocrx_word' id='word_1_701' title='bbox 903 5717 915 5754; x_wconf 88' lang='lat'>:</span> <span class='ocrx_word' id='word_1_702' title='bbox 959 5719 976 5752; x_wconf 84' lang='grc' dir='ltr'><strong>ι</strong></span> <span class='ocrx_word' id='word_1_703' title='bbox 1015 5699 1224 5770; x_wconf 84' lang='lat' dir='ltr'><strong>Neque,</strong></span> <span class='ocrx_word' id='word_1_704' title='bbox 1277 5699 1479 5764; x_wconf 86' lang='lat' dir='ltr'><strong>aiebat,</strong></span> <span class='ocrx_word' id='word_1_705' title='bbox 1521 5713 1813 5768; x_wconf 88' lang='lat' dir='ltr'><strong>possumus</strong></span> 
     </span>
    </p>
   </div>
   <div class='ocr_carea' id='block_1_100' title="bbox 239 5790 1810 5857">
    <p class='ocr_par' dir='ltr' id='par_1_100' title="bbox 239 5790 1810 5857">
     <span class='ocr_line' id='line_1_100' title="bbox 239 5790 1810 5857; baseline 0.002 -14"><span class='ocrx_word' id='word_1_706' title='bbox 239 5793 576 5849; x_wconf 74' lang='lat' dir='ltr'><strong>(lbrisliauos</strong></span> <span class='ocrx_word' id='word_1_707' title='bbox 613 5809 736 5849; x_wconf 90' lang='lat' dir='ltr'><strong>cum</strong></span> <span class='ocrx_word' id='word_1_708' title='bbox 779 5791 1112 5848; x_wconf 77' lang='lat' dir='ltr'><strong>Christianis</strong></span> <span class='ocrx_word' id='word_1_709' title='bbox 1157 5790 1530 5857; x_wconf 84' lang='lat' dir='ltr'><strong>committere,</strong></span> <span class='ocrx_word' id='word_1_710' title='bbox 1571 5807 1640 5846; x_wconf 90' lang='lat' dir='ltr'><strong>ne</strong></span> <span class='ocrx_word' id='word_1_711' title='bbox 1674 5792 1810 5846; x_wconf 88' lang='lat' dir='ltr'><strong>iram</strong></span> 
     </span>
    </p>
   </div>
   <div class='ocr_carea' id='block_1_101' title="bbox 242 5883 1018 5957">
    <p class='ocr_par' dir='ltr' id='par_1_101' title="bbox 242 5883 1018 5957">
     <span class='ocr_line' id='line_1_101' title="bbox 242 5883 1018 5957; baseline 0 -20"><span class='ocrx_word' id='word_1_712' title='bbox 242 5883 292 5938; x_wconf 89' lang='lat' dir='ltr'><strong>in</strong></span> <span class='ocrx_word' id='word_1_713' title='bbox 325 5903 422 5939; x_wconf 75' lang='lat' dir='ltr'><strong>nos</strong></span> <span class='ocrx_word' id='word_1_714' title='bbox 451 5885 538 5941; x_wconf 64' lang='grc' dir='ltr'><strong>ί)ιί</strong></span> <span class='ocrx_word' id='word_1_715' title='bbox 580 5899 962 5957; x_wconf 77' lang='lat' dir='ltr'><strong>provocemus.</strong></span> <span class='ocrx_word' id='word_1_716' title='bbox 1000 5903 1018 5937; x_wconf 86' lang='grc' dir='ltr'><strong>ι</strong></span> 
     </span>
    </p>
   </div>
   <div class='ocr_carea' id='block_1_102' title="bbox 1904 4678 3571 4764">
    <p class='ocr_par' dir='ltr' id='par_1_102' title="bbox 1904 4678 3571 4764">
     <span class='ocr_line' id='line_1_102' title="bbox 1904 4678 3571 4764; baseline -0.005 -20"><span class='ocrx_word' id='word_1_717' title='bbox 1904 4706 2023 4744; x_wconf 91' lang='lat' dir='ltr'><strong>rum</strong></span> <span class='ocrx_word' id='word_1_718' title='bbox 2058 4691 2152 4759; x_wconf 88' lang='lat' dir='ltr'><strong>qui</strong></span> <span class='ocrx_word' id='word_1_719' title='bbox 2184 4687 2513 4764; x_wconf 69' lang='lat' dir='ltr'><strong>dignitatum</strong></span> <span class='ocrx_word' id='word_1_720' title='bbox 2568 4688 2934 4742; x_wconf 75' lang='lat' dir='ltr'><strong>maximarum</strong></span> <span class='ocrx_word' id='word_1_721' title='bbox 2975 4687 3167 4741; x_wconf 80' lang='lat' dir='ltr'><strong>limlos</strong></span> <span class='ocrx_word' id='word_1_722' title='bbox 3202 4688 3483 4756; x_wconf 74' lang='lat' dir='ltr'><strong>gerebant,</strong></span> <span class='ocrx_word' id='word_1_723' title='bbox 3554 4678 3571 4688; x_wconf 59' lang='grc'><strong>⁵</strong></span> 
     </span>
    </p>
   </div>
   <div class='ocr_carea' id='block_1_103' title="bbox 1904 4777 3486 4840">
    <p class='ocr_par' dir='ltr' id='par_1_103' title="bbox 1904 4777 3486 4840">
     <span class='ocr_line' id='line_1_103' title="bbox 1904 4777 3486 4840; baseline -0.006 -1"><span class='ocrx_word' id='word_1_724' title='bbox 1904 4799 2027 4839; x_wconf 86' lang='lat' dir='ltr'><strong>cum</strong></span> <span class='ocrx_word' id='word_1_725' title='bbox 2070 4783 2286 4836; x_wconf 87' lang='lat' dir='ltr'><strong>deberet</strong></span> <span class='ocrx_word' id='word_1_726' title='bbox 2325 4779 2571 4836; x_wconf 76' lang='lat' dir='ltr'><strong>sullicere</strong></span> <span class='ocrx_word' id='word_1_727' title='bbox 2622 4780 2759 4834; x_wconf 84' lang='lat' dir='ltr'><strong>aiios</strong></span> <span class='ocrx_word' id='word_1_728' title='bbox 2811 4781 2864 4832; x_wconf 88' lang='lat' dir='ltr'><strong>in</strong></span> <span class='ocrx_word' id='word_1_729' title='bbox 2912 4793 3100 4834; x_wconf 81' lang='lat' dir='ltr'><strong>eorum</strong></span> <span class='ocrx_word' id='word_1_730' title='bbox 3154 4779 3290 4840; x_wconf 82' lang='lat' dir='ltr'><strong>loca,</strong></span> <span class='ocrx_word' id='word_1_731' title='bbox 3342 4777 3486 4830; x_wconf 57' lang='lat' dir='ltr'><strong>hunc</strong></span> 
     </span>
    </p>
   </div>
   <div class='ocr_carea' id='block_1_104' title="bbox 1906 4869 3484 4943">
    <p class='ocr_par' dir='ltr' id='par_1_104' title="bbox 1906 4869 3484 4943">
     <span class='ocr_line' id='line_1_104' title="bbox 1906 4869 3484 4943; baseline -0.003 -18"><span class='ocrx_word' id='word_1_732' title='bbox 1906 4873 2122 4943; x_wconf 82' lang='lat' dir='ltr'><strong>quidem</strong></span> <span class='ocrx_word' id='word_1_733' title='bbox 2151 4871 2382 4926; x_wconf 85' lang='lat' dir='ltr'><strong>Icarium</strong></span> <span class='ocrx_word' id='word_1_734' title='bbox 2406 4872 2586 4925; x_wconf 86' lang='lat' dir='ltr'><strong>adhuc</strong></span> <span class='ocrx_word' id='word_1_735' title='bbox 2611 4871 2664 4924; x_wconf 91' lang='lat' dir='ltr'><strong>in</strong></span> <span class='ocrx_word' id='word_1_736' title='bbox 2693 4871 3030 4939; x_wconf 64' lang='lat' dir='ltr'><strong>priiatotum</strong></span> <span class='ocrx_word' id='word_1_737' title='bbox 3053 4870 3244 4923; x_wconf 78' lang='lat' dir='ltr'><strong>ordine</strong></span> <span class='ocrx_word' id='word_1_738' title='bbox 3277 4869 3437 4921; x_wconf 65' lang='lat' dir='ltr'><strong>tenui:</strong></span> <span class='ocrx_word' id='word_1_739' title='bbox 3471 4888 3484 4921; x_wconf 88' lang='lat'>:</span> 
     </span>
    </p>
   </div>
   <div class='ocr_carea' id='block_1_105' title="bbox 1907 4959 3486 5031">
    <p class='ocr_par' dir='ltr' id='par_1_105' title="bbox 1907 4959 3486 5031">
     <span class='ocr_line' id='line_1_105' title="bbox 1907 4959 3486 5031; baseline -0.006 -11"><span class='ocrx_word' id='word_1_740' title='bbox 1907 4977 2163 5020; x_wconf 68' lang='lat' dir='ltr'><strong>caeterum</strong></span> <span class='ocrx_word' id='word_1_741' title='bbox 2198 4963 2453 5018; x_wconf 86' lang='lat' dir='ltr'><strong>eumdem</strong></span> <span class='ocrx_word' id='word_1_742' title='bbox 2490 4979 2612 5017; x_wconf 87' lang='lat' dir='ltr'><strong>cum</strong></span> <span class='ocrx_word' id='word_1_743' title='bbox 2645 4963 2994 5031; x_wconf 84' lang='lat' dir='ltr'><strong>pedestribus</strong></span> <span class='ocrx_word' id='word_1_744' title='bbox 3041 4960 3213 5029; x_wconf 86' lang='lat' dir='ltr'><strong>copiis</strong></span> <span class='ocrx_word' id='word_1_745' title='bbox 3262 4959 3486 5028; x_wconf 62' lang='lat' dir='ltr'><strong>imposio</strong></span> 
     </span>
    </p>
   </div>
   <div class='ocr_carea' id='block_1_106' title="bbox 1910 5048 3486 5122">
    <p class='ocr_par' dir='ltr' id='par_1_106' title="bbox 1910 5048 3486 5122">
     <span class='ocr_line' id='line_1_106' title="bbox 1910 5048 3486 5122; baseline -0.008 -12"><span class='ocrx_word' id='word_1_746' title='bbox 1910 5066 2020 5110; x_wconf 80' lang='lat' dir='ltr'><strong>tuzn</strong></span> <span class='ocrx_word' id='word_1_747' title='bbox 2052 5054 2282 5108; x_wconf 64' lang='lat' dir='ltr'><strong>niuibus</strong></span> <span class='ocrx_word' id='word_1_748' title='bbox 2309 5053 2362 5106; x_wconf 89' lang='lat' dir='ltr'><strong>in</strong></span> <span class='ocrx_word' id='word_1_749' title='bbox 2385 5052 2648 5122; x_wconf 76' lang='lat' dir='ltr'><strong>Enipum</strong></span> <span class='ocrx_word' id='word_1_750' title='bbox 2682 5053 2866 5116; x_wconf 77' lang='lat' dir='ltr'><strong>mittil,</strong></span> <span class='ocrx_word' id='word_1_751' title='bbox 2895 5068 3019 5106; x_wconf 88' lang='lat' dir='ltr'><strong>cum</strong></span> <span class='ocrx_word' id='word_1_752' title='bbox 3043 5067 3238 5120; x_wconf 75' lang='lat' dir='ltr'><strong>magno</strong></span> <span class='ocrx_word' id='word_1_753' title='bbox 3262 5048 3486 5100; x_wconf 66' lang='lat' dir='ltr'><strong>domino</strong></span> 
     </span>
    </p>
   </div>
   <div class='ocr_carea' id='block_1_107' title="bbox 1906 5141 3483 5212">
    <p class='ocr_par' dir='ltr' id='par_1_107' title="bbox 1906 5141 3483 5212">
     <span class='ocr_line' id='line_1_107' title="bbox 1906 5141 3483 5212; baseline -0.006 -11"><span class='ocrx_word' id='word_1_754' title='bbox 1906 5146 2118 5201; x_wconf 87' lang='lat' dir='ltr'><strong>Joanne</strong></span> <span class='ocrx_word' id='word_1_755' title='bbox 2175 5143 2589 5198; x_wconf 79' lang='lat' dir='ltr'><strong>dimicaturum.</strong></span> <span class='ocrx_word' id='word_1_756' title='bbox 2643 5143 2917 5212; x_wconf 76' lang='lat' dir='ltr'><strong>Expositis</strong></span> <span class='ocrx_word' id='word_1_757' title='bbox 2978 5143 3127 5196; x_wconf 83' lang='lat' dir='ltr'><strong>hisce</strong></span> <span class='ocrx_word' id='word_1_758' title='bbox 3175 5141 3229 5194; x_wconf 90' lang='lat' dir='ltr'><strong>in</strong></span> <span class='ocrx_word' id='word_1_759' title='bbox 3285 5150 3483 5195; x_wconf 80' lang='lat' dir='ltr'><strong>terram</strong></span> 
     </span>
    </p>
   </div>
   <div class='ocr_carea' id='block_1_108' title="bbox 1911 5232 3485 5307">
    <p class='ocr_par' dir='ltr' id='par_1_108' title="bbox 1911 5232 3485 5307">
     <span class='ocr_line' id='line_1_108' title="bbox 1911 5232 3485 5307; baseline -0.005 -15"><span class='ocrx_word' id='word_1_760' title='bbox 1911 5237 2085 5307; x_wconf 83' lang='lat' dir='ltr'><strong>copiis</strong></span> <span class='ocrx_word' id='word_1_761' title='bbox 2133 5245 2186 5289; x_wconf 85' lang='lat' dir='ltr'><strong>et</strong></span> <span class='ocrx_word' id='word_1_762' title='bbox 2233 5250 2410 5304; x_wconf 85' lang='lat' dir='ltr'><strong>usque</strong></span> <span class='ocrx_word' id='word_1_763' title='bbox 2457 5236 2604 5289; x_wconf 87' lang='lat' dir='ltr'><strong>circa</strong></span> <span class='ocrx_word' id='word_1_764' title='bbox 2657 5233 2859 5288; x_wconf 86' lang='lat' dir='ltr'><strong>Soreos</strong></span> <span class='ocrx_word' id='word_1_765' title='bbox 2916 5234 3245 5304; x_wconf 70' lang='lat' dir='ltr'><strong>progressis,</strong></span> <span class='ocrx_word' id='word_1_766' title='bbox 3300 5232 3485 5284; x_wconf 86' lang='lat' dir='ltr'><strong>audito</strong></span> 
     </span>
    </p>
   </div>
   <div class='ocr_carea' id='block_1_109' title="bbox 1911 5324 3488 5394">
    <p class='ocr_par' dir='ltr' id='par_1_109' title="bbox 1911 5324 3488 5394">
     <span class='ocr_line' id='line_1_109' title="bbox 1911 5324 3488 5394; baseline -0.007 -12"><span class='ocrx_word' id='word_1_767' title='bbox 1911 5345 2098 5382; x_wconf 86' lang='lat' dir='ltr'><strong>earum</strong></span> <span class='ocrx_word' id='word_1_768' title='bbox 2149 5341 2382 5382; x_wconf 76' lang='lat' dir='ltr'><strong>excensu</strong></span> <span class='ocrx_word' id='word_1_769' title='bbox 2430 5324 2690 5388; x_wconf 74' lang='lat' dir='ltr'><strong>Joannes,</strong></span> <span class='ocrx_word' id='word_1_770' title='bbox 2732 5325 2831 5378; x_wconf 88' lang='lat' dir='ltr'><strong>etsi</strong></span> <span class='ocrx_word' id='word_1_771' title='bbox 2876 5341 3015 5393; x_wconf 67' lang='lat' dir='ltr'><strong>aeger</strong></span> <span class='ocrx_word' id='word_1_772' title='bbox 3057 5326 3316 5394; x_wconf 80' lang='lat' dir='ltr'><strong>podagra,</strong></span> <span class='ocrx_word' id='word_1_773' title='bbox 3354 5339 3488 5392; x_wconf 68' lang='lat' dir='ltr'><strong>pm-</strong></span> 
     </span>
    </p>
   </div>
   <div class='ocr_carea' id='block_1_110' title="bbox 1913 5414 3489 5481">
    <p class='ocr_par' dir='ltr' id='par_1_110' title="bbox 1913 5414 3489 5481">
     <span class='ocr_line' id='line_1_110' title="bbox 1913 5414 3489 5481; baseline -0.006 -5"><span class='ocrx_word' id='word_1_774' title='bbox 1913 5424 2046 5476; x_wconf 73' lang='lat' dir='ltr'><strong>lium</strong></span> <span class='ocrx_word' id='word_1_775' title='bbox 2081 5438 2188 5475; x_wconf 88' lang='lat' dir='ltr'><strong>non</strong></span> <span class='ocrx_word' id='word_1_776' title='bbox 2231 5421 2577 5481; x_wconf 85' lang='lat' dir='ltr'><strong>detrectavit,</strong></span> <span class='ocrx_word' id='word_1_777' title='bbox 2617 5421 2710 5473; x_wconf 85' lang='lat' dir='ltr'><strong>sed</strong></span> <span class='ocrx_word' id='word_1_778' title='bbox 2755 5419 2937 5472; x_wconf 84' lang='lat' dir='ltr'><strong>subito</strong></span> <span class='ocrx_word' id='word_1_779' title='bbox 2969 5418 3291 5470; x_wconf 74' lang='lat' dir='ltr'><strong>i.tSll‘UClalll</strong></span> <span class='ocrx_word' id='word_1_780' title='bbox 3337 5414 3489 5468; x_wconf 71' lang='lat' dir='ltr'><strong>Lati-</strong></span> 
     </span>
    </p>
   </div>
   <div class='ocr_carea' id='block_1_111' title="bbox 1913 5508 3493 5569">
    <p class='ocr_par' dir='ltr' id='par_1_111' title="bbox 1913 5508 3493 5569">
     <span class='ocr_line' id='line_1_111' title="bbox 1913 5508 3493 5569; baseline -0.006 0"><span class='ocrx_word' id='word_1_781' title='bbox 1913 5531 2111 5569; x_wconf 82' lang='lat' dir='ltr'><strong>norum</strong></span> <span class='ocrx_word' id='word_1_782' title='bbox 2157 5513 2329 5566; x_wconf 81' lang='lat' dir='ltr'><strong>aciem</strong></span> <span class='ocrx_word' id='word_1_783' title='bbox 2367 5528 2432 5566; x_wconf 86' lang='lat' dir='ltr'><strong>co</strong></span> <span class='ocrx_word' id='word_1_784' title='bbox 2479 5523 2624 5565; x_wconf 79' lang='lat' dir='ltr'><strong>reeta</strong></span> <span class='ocrx_word' id='word_1_785' title='bbox 2669 5511 2876 5564; x_wconf 88' lang='lat' dir='ltr'><strong>ducens</strong></span> <span class='ocrx_word' id='word_1_786' title='bbox 2915 5511 3004 5562; x_wconf 88' lang='lat' dir='ltr'><strong>ubi</strong></span> <span class='ocrx_word' id='word_1_787' title='bbox 3062 5508 3264 5562; x_wconf 77' lang='lat' dir='ltr'><strong>Versari</strong></span> <span class='ocrx_word' id='word_1_788' title='bbox 3307 5508 3493 5560; x_wconf 62' lang='lat' dir='ltr'><strong>hostes</strong></span> 
     </span>
    </p>
   </div>
   <div class='ocr_carea' id='block_1_112' title="bbox 1918 5598 3490 5672">
    <p class='ocr_par' dir='ltr' id='par_1_112' title="bbox 1918 5598 3490 5672">
     <span class='ocr_line' id='line_1_112' title="bbox 1918 5598 3490 5672; baseline -0.004 -13"><span class='ocrx_word' id='word_1_789' title='bbox 1918 5624 2001 5660; x_wconf 85' lang='lat' dir='ltr'><strong>au.</strong></span> <span class='ocrx_word' id='word_1_790' title='bbox 2029 5607 2188 5668; x_wconf 85' lang='lat' dir='ltr'><strong>ierat,</strong></span> <span class='ocrx_word' id='word_1_791' title='bbox 2226 5605 2338 5658; x_wconf 86' lang='lat' dir='ltr'><strong>aeri</strong></span> <span class='ocrx_word' id='word_1_792' title='bbox 2376 5602 2670 5659; x_wconf 87' lang='lat' dir='ltr'><strong>commissa</strong></span> <span class='ocrx_word' id='word_1_793' title='bbox 2711 5618 2890 5672; x_wconf 79' lang='lat' dir='ltr'><strong>pugna</strong></span> <span class='ocrx_word' id='word_1_794' title='bbox 2927 5603 3030 5656; x_wconf 87' lang='lat' dir='ltr'><strong>telo</strong></span> <span class='ocrx_word' id='word_1_795' title='bbox 3065 5601 3204 5655; x_wconf 88' lang='lat' dir='ltr'><strong>ictus</strong></span> <span class='ocrx_word' id='word_1_796' title='bbox 3235 5598 3490 5654; x_wconf 63' lang='grc' dir='ltr'>(ειιιιςίιᾲὶι.</span> 
     </span>
    </p>
   </div>
   <div class='ocr_carea' id='block_1_113' title="bbox 1916 5694 3496 5763">
    <p class='ocr_par' dir='ltr' id='par_1_113' title="bbox 1916 5694 3496 5763">
     <span class='ocr_line' id='line_1_113' title="bbox 1916 5694 3496 5763; baseline -0.004 -13"><span class='ocrx_word' id='word_1_797' title='bbox 1916 5697 2120 5752; x_wconf 84' lang='lat' dir='ltr'><strong>Pedum</strong></span> <span class='ocrx_word' id='word_1_798' title='bbox 2175 5698 2319 5748; x_wconf 83' lang='lat' dir='ltr'><strong>enim</strong></span> <span class='ocrx_word' id='word_1_799' title='bbox 2373 5694 2529 5748; x_wconf 91' lang='lat' dir='ltr'><strong>dolor</strong></span> <span class='ocrx_word' id='word_1_800' title='bbox 2577 5695 2719 5748; x_wconf 87' lang='lat' dir='ltr'><strong>baud</strong></span> <span class='ocrx_word' id='word_1_801' title='bbox 2771 5710 2966 5763; x_wconf 88' lang='lat' dir='ltr'><strong>passus</strong></span> <span class='ocrx_word' id='word_1_802' title='bbox 3013 5710 3138 5748; x_wconf 84' lang='lat' dir='ltr'><strong>eum</strong></span> <span class='ocrx_word' id='word_1_803' title='bbox 3191 5694 3389 5746; x_wconf 69' lang='lat' dir='ltr'><strong>librare</strong></span> <span class='ocrx_word' id='word_1_804' title='bbox 3438 5709 3496 5744; x_wconf 79' lang='lat' dir='ltr'><strong>sc</strong></span> 
     </span>
    </p>
   </div>
   <div class='ocr_carea' id='block_1_114' title="bbox 1921 5785 3498 5857">
    <p class='ocr_par' dir='ltr' id='par_1_114' title="bbox 1921 5785 3498 5857">
     <span class='ocr_line' id='line_1_114' title="bbox 1921 5785 3498 5857; baseline -0.003 -16"><span class='ocrx_word' id='word_1_805' title='bbox 1921 5787 2150 5842; x_wconf 82' lang='lat' dir='ltr'><strong>ﬁrmiter</strong></span> <span class='ocrx_word' id='word_1_806' title='bbox 2214 5789 2264 5840; x_wconf 91' lang='lat' dir='ltr'><strong>in</strong></span> <span class='ocrx_word' id='word_1_807' title='bbox 2315 5801 2460 5856; x_wconf 84' lang='lat' dir='ltr'><strong>equo</strong></span> <span class='ocrx_word' id='word_1_808' title='bbox 2516 5797 2568 5840; x_wconf 86' lang='lat' dir='ltr'><strong>et</strong></span> <span class='ocrx_word' id='word_1_809' title='bbox 2621 5787 2784 5841; x_wconf 86' lang='lat' dir='ltr'><strong>scalis</strong></span> <span class='ocrx_word' id='word_1_810' title='bbox 2837 5787 3187 5857; x_wconf 83' lang='lat' dir='ltr'><strong>equestribus</strong></span> <span class='ocrx_word' id='word_1_811' title='bbox 3243 5785 3498 5852; x_wconf 64' lang='lat' dir='ltr'><strong>utrinque</strong></span> 
     </span>
    </p>
   </div>
   <div class='ocr_carea' id='block_1_115' title="bbox 1923 5881 3497 5955">
    <p class='ocr_par' dir='ltr' id='par_1_115' title="bbox 1923 5881 3497 5955">
     <span class='ocr_line' id='line_1_115' title="bbox 1923 5881 3497 5955; baseline -0.007 -16"><span class='ocrx_word' id='word_1_812' title='bbox 1923 5885 2287 5955; x_wconf 78' lang='lat' dir='ltr'><strong>pendentibus</strong></span> <span class='ocrx_word' id='word_1_813' title='bbox 2340 5882 2564 5938; x_wconf 84' lang='lat' dir='ltr'><strong>robuste</strong></span> <span class='ocrx_word' id='word_1_814' title='bbox 2623 5882 2898 5950; x_wconf 76' lang='lat' dir='ltr'><strong>insistere,</strong></span> <span class='ocrx_word' id='word_1_815' title='bbox 2945 5884 3049 5937; x_wconf 83' lang='lat' dir='ltr'><strong>vim</strong></span> <span class='ocrx_word' id='word_1_816' title='bbox 3093 5881 3290 5937; x_wconf 85' lang='lat' dir='ltr'><strong>ademit</strong></span> <span class='ocrx_word' id='word_1_817' title='bbox 3330 5881 3497 5933; x_wconf 65' lang='lat' dir='ltr'><strong>susti-</strong></span> 
     </span>
    </p>
   </div>
  </div>
