3964 6520
511 387 614 449 ειη

1711 386 1962 442 Glitllil}
1983 386 2027 442 ll
2079 385 2375 443 PACHYM
2392 385 2554 443 [3“le

3637 391 3727 450 8f8

517 509 747 576 παρεῖχε
784 503 1026 574 στεῤῥῶς
1060 500 1390 554 ἀντιϐαίνειν
1423 503 1541 564 τ;ἰς
1704 502 1938 569 ἑκάτερα
1994 504 2090 570 τῆς
2124 506 2162 558 Α
2193 501 2247 554 δὲ
2279 503 2402 569 περὶ
2441 502 2530 552 τὸν
2575 501 2823 570 Ἰωάννην
2861 501 3050 566 ἀνέδην
3083 493 3150 569 ἦν
3189 499 3413 551 κτείνειν
3466 502 3552 553 τὶν
3582 523 3731 570 πρλσ.

517 596 832 665 ἐφεστρίδος
861 595 1136 664 κλίμαξιν,
1170 593 1286 646 ἀλλ’
1315 593 1411 663 ἅμ’
1449 593 1760 663 ἠκοντίζετο
1778 596 1868 646 καὶ
1894 611 2087 663 παρευ-

516 692 611 750 θὺς
645 689 840 740 ἔπιπτε
885 686 980 738 καὶ
1027 687 1302 756 ἡλίσκετο.
1338 685 1449 738 Καὶ
1497 685 1593 738 σὺν
1633 684 1783 752 αύτῷ
1827 684 1977 738 ἄλλοι
2029 701 2086 736 τε

515 781 700 833 πολλοὶ
735 779 1186 848 συμποδίζονται,
1206 778 1299 830 καὶ
1329 777 1392 847 δὴ
1415 779 1509 830 καὶ
1536 780 1561 830 ὁ
1592 780 1686 831 τοῦ
1728 778 1959 848 Ἰκαρίου
1990 778 2088 830 αὑ-

515 872 802 940 τάδελφος.
870 872 958 923 Ἐν
1005 871 1180 940 τούτῳ
1233 869 1290 922 δὲ
1350 870 1444 922 καὶ
1499 869 1728 940 στρατὸς
1780 869 1887 922 άπὸ
1919 868 2090 938 ξηρᾶς

515 963 813 1027 είσϐάλλει,
843 963 936 1025 οὓς
968 959 1102 1033 ἦγεν
1149 964 1176 1016 6
1210 962 1383 1030 μέγας
1415 962 1893 1032 στρατοπεδάρχης
1921 963 2091 1014 Συνα-

516 1057 674 1124 ἧηνὸς
725 1054 976 1121 Ἰωάννης
1007 1055 1102 1108 καὶ
1145 1054 1174 1106 6
1208 1055 1381 1124 μέγας
1417 1054 1775 1114 κονοσταῦλος
1809 1055 1836 1107 6
1868 1054 2090 1108 Καϐαλ-

517 1149 702 1212 λπὶριος
758 1142 998 1214 Μιχαὴλ.
1050 1145 1156 1198 Καὶ
1205 1145 1270 1214 δὴ
1309 1145 1651 1214 ὁρμήσαντες
1686 1146 1780 1197 ἐπὶ
1828 1144 2091 1214 Φάρσαλα

519 1239 800 1306 φρούριον,
823 1234 1030 1288 ὂιῐιθίαν
1063 1236 1090 1287 6
1115 1235 1346 1296 παλαιὸς
1370 1234 1481 1303 ἔχει
1505 1233 1685 1300 λόγος,
1709 1235 1797 1302 ἐφ’
1826 1227 1870 1301 ᾧ
1903 1251 2092 1304 σιταρ-

521 1334 666 1382 κηίεν
686 1330 811 1391 τοὺς
846 1329 902 1380 ὲν
936 1328 1013 1396 τῷ
1058 1327 1326 1397 φρουρίῳ,
1359 1328 1766 1396 προσπίπτωσι
1806 1326 1883 1395 τῷ
1910 1329 1974 1379 ὲκ
2006 1344 2093 1378 νο-

521 1423 669 1482 θείας
711 1419 952 1490 Ἰωάννῃ,
988 1418 1044 1481 ὃς
1092 1419 1158 1488 δὴ
1215 1418 1307 1471 κα)⁸
1340 1419 1492 1486 σφίσι
1525 1417 1802 1490 συρράξας
1855 1418 2092 1487 πόλεμον

519 1514 768 1580 γενναῖον
793 1511 884 1563 καὶ
926 1509 1180 1578 ἀνδρικὸν
1227 1511 1372 1580 αἱρεῖ
1411 1508 1511 1578 μὲν
1543 1513 1634 1561 καί
1665 1509 1756 1562 τόν
1788 1508 2090 1580 Συναδηνὶν

520 1604 615 1655 καὶ
640 1603 810 1670 μέγαν
849 1599 1354 1670 στρατοπεδάρχην,
1392 1600 1485 1653 τὸν
1509 1600 1690 1669 μέντοι
1719 1617 1778 1668 γε
1806 1601 1974 1670 μέγαν
2003 1618 2092 1653 κου

522 1693 814 1746 νοσταῦλον
843 1694 870 1745 6
901 1692 991 1744 ὑπ’
1041 1691 1235 1762 ἐκείνῳ
1268 1693 1394 1756 λαὸς
1439 1692 1637 1755 Ἰταλὸς
1681 1693 1892 1745 διώκων
1925 1709 2092 1746 κατα-

523 1785 706 1836 λαϐεῖν
731 1785 830 1837 οὐκ
859 1785 1099 1854 ἴσχυσεν,
1134 1784 1248 1836 ἀλλ’
1284 1785 1433 1847 ὅλαις
1476 1786 1653 1854 ἡνίαις
1673 1788 1880 1848 ἐκεῖνος
1909 1785 2093 1849 ἐνδοὺς

2190 592 2424 662 τυχόντα
2473 594 2563 644 καὶ
2619 593 2856 658 πολέμου
2923 591 3060 659 γέρα
3121 590 3420 645 σκυλεύειν.
3471 594 3733 662 Ἐγνωσαν

2188 682 2244 735 δὲ
2283 683 2378 736 καὶ
2406 683 2527 736 τότε
2589 681 2848 750 Ῥωμαῖοι
2911 681 3228 748 λειφθέντες
3264 681 3409 753 μάχῃ
3441 683 3532 734 τοῦ
3576 686 3734 739 Ὶωάν-

2190 793 2312 828 νου·
2347 777 2408 829 οὐ
2450 777 2556 848 γὰρ
2612 774 2671 840 ἐξ
2727 775 3003 843 ἐμφανοῦς
3071 773 3238 844 ὥρμα
3284 774 3733 845 παραταξάμενος,

2189 866 2308 920 ἀλλ’
2338 869 2401 920 ὲκ
2432 867 2590 938 λόχου
2633 866 2975 938 προσϐαλὼν,
3017 860 3127 928 οἷος
3181 866 3388 929 ἐκεῖνος
3414 868 3482 919 τὰ
3512 869 3734 936 τοιαῦτα,

2189 958 2496 1031 κατέπληξε
2535 960 2770 1024 θεαθεὶς,
2815 960 2908 1012 καὶ
2938 959 3066 1012 λαὸν
3099 959 3350 1031 ἔκκριτον
3377 961 3468 1014 καὶ
3495 963 3734 1029 ἐπιεικῶς

2193 1050 2383 1122 μαχῶν
2416 1052 2681 1122 ἔμπειρον
2711 1049 2787 1119 τῷ
2827 1054 2959 1120 παρ’
2989 1051 3178 1105 ἐλπίδα
3205 1053 3515 1122 πταίσματι
3568 1055 3734 1125 ἀνδριο

2190 1141 2303 1204 κῶς
2357 1143 2878 1210 καταγωνισάμενος
2910 1140 3066 1206 δόξαν
3117 1141 3370 1206 εὐκλείας
3423 1145 3736 1215 ἀποφέρεται

2188 1238 2289 1305 τῆς
2321 1235 2609 1303 μεγίστης.
2641 1236 2712 1287 Τὸ
2744 1235 2796 1286 δέ
2822 1252 2883 1302 γε
2920 1235 3176 1288 ναυτικδν
3217 1243 3310 1288 καί
3334 1238 3458 1289 ὅσον
3490 1240 3541 1289 ἐν
3567 1239 3736 1304 αὑταῖς

2190 1327 2379 1380 ναυσὶν
2409 1323 2476 1396 ἦν
2498 1326 2723 1395 ἀζήμιοι
2750 1325 3192 1396 διατηρηθέντες,
3223 1327 3254 1398 ἢ
3283 1326 3485 1396 μᾶλλον
3505 1328 3592 1379 καὶ
3617 1328 3734 1397 γέρα

2194 1421 2373 1488 μάχης
2428 1419 2858 1488 ὲπενεγκάμενοι
2916 1420 3040 1480 τοὺς
3073 1421 3202 1487 περὶ
3250 1420 3336 1471 τὶν
3371 1421 3547 1488 μέγαν
3573 1421 3738 1491 κύριον

2205 1513 2476 1583 Ἰωάννην,
2530 1513 2754 1580 εὐθύμῳ
2787 1512 2982 1582 καρδίᾳ
3036 1512 3174 1582 πρὸς
3213 1510 3302 1563 τὸν
3333 1509 3637 1581 κρατοῦντα
3661 1513 3732 1574 γῗ-

2193 1620 2390 1659 νονται.
2426 1605 2536 1657 Καὶ
2566 1607 2614 1656 οί
2649 1606 2750 1672 μὲν
2803 1605 2946 1672 ἀμφὶ
2984 1605 3076 1658 τὸν
3122 1604 3300 1674 μέγαν
3336 1603 3525 1674 κύριον
3555 1603 3652 1655 ὑπὸ
3671 1605 3740 1654 δει

2194 1699 2350 1767 σμοῖς
2386 1699 2597 1768 φρουρᾷ
2625 1697 2880 1760 δίδονται,
2913 1697 3142 1767 τιμᾶται
3191 1698 3246 1751 δὲ
3278 1699 3304 1750 6
3345 1699 3582 1766 Ἰκάριος
3610 1698 3741 1749 άντίο

2195 1805 2355 1844 ποινα
2403 1788 2511 1842 τῶν
2549 1787 2778 1857 ἀγώνων
2830 1790 2908 1858 τῷ
2959 1789 3053 1842 τοῦ
3109 1787 3346 1855 μεγάλου
3402 1787 3740 1840 κονοσταύλςυ

521 1877 599 1942 εἰς
627 1876 806 1946 φυγὴν
837 1877 1057 1947 ἤλαυνε,
1091 1879 1325 1939 καὶτοὺς
1354 1877 1454 1946 μὲν
1482 1878 1775 1940 διώκοντας
1803 1877 1936 1931 πολῦ
1963 1895 2092 1948 προ-
2127 1853 2165 1906 Β
2199 1881 2494 1952 ἀξιώματι.
2543 1882 2602 1935 '0
2630 1884 2815 1949 μέντοι
2844 1897 2908 1948 γε
2953 1882 3060 1933 τῶν
3093 1880 3288 1951 Θηϐῶν
3317 1879 3469 1942 ’λαὸς
3499 1879 3585 1932 τὸν
3611 1879 3744 1933 ἀδελ-

521 1975 658 2028 οὲων
681 1970 925 2044 ὲξήλυξε,
951 1972 1010 2024 τδ
1043 1973 1099 2025 δέ
1131 1987 1192 2038 γε
1223 1971 1485 2042 μοιρίδιον
1502 1971 1693 2038 ἀλύξαι
1725 1974 1826 2026 οὐκ
1855 1968 1922 2043 ἦν
1954 1973 2097 2024 ὲκεί-

521 2084 617 2138 νῳ,
645 2068 750 2120 κάν
783 2065 944 2120 πάντ’
967 2065 1262 2136 ἔπραττεν.
1303 2065 1700 2137 ’Δτακτότερον
1727 2067 1835 2137 γάρ
1856 2065 2096 2120 ἐλαύνων

520 2163 611 2211 τὸν
643 2157 833 2224 ἵππον,
878 2157 1005 2220 τοὺς
1043 2155 1266 2210 ὄπισθεν
1286 2157 1530 2227 οἰόμενος
1563 2157 1786 2226 φθάνειν
1817 2158 1911 2212 καὶ
1958 2158 2096 2228 πρὸς

521 2248 750 2311 ἐκείνοις
783 2249 965 2316 privet;
994 2245 1134 2316 ἔχων
1164 2247 1255 2300 τὸν
1295 2245 1418 2300 νοῦν
1447 2247 1593 2310 ὅπως
1637 2247 1888 2316 ἐκφύγοι,
1927 2264 2096 2317 προσ-

524 2340 706 2394 πταίει
733 2339 934 2408 δένδρῳ
963 2338 1086 2407 μεθ’
1124 2337 1252 2409 ὅλης
1297 2341 1392 2406 τῆς
1423 2338 1518 2392 τοῦ
1549 2339 1719 2392 ἵππου
1750 2341 1946 2410 φορᾶς,
1999 2341 2095 2393 καὶ

525 2433 668 2486 κατὰ
712 2431 906 2499 στῆθος
963 2430 1281 2484 συνθλᾶται.
1315 2432 1483 2492 Μόλις
1511 2431 1568 2483 δέ
1624 2448 1770 2493 τινες
1804 2431 1895 2484 τὸν
1928 2431 2100 2484 ἵππον.

527 2526 823 2595 στήσαντες
859 2523 940 2590 (οὐ
967 2523 1075 2593 γὰρ
1101 2518 1168 2593 ἦν
1205 2523 1399 2592 ἐκείνῳ
1434 2522 1593 2592 μέλον
1623 2522 1713 2576 τοῦ
1751 2524 2098 2590 ἴππου,άλλά

522 2635 585 2684 γε
615 2623 710 2689 τῆς
744 2619 957 2690 πληγῆς
987 2635 1045 2671 τε
1075 2619 1166 2672 καὶ
1199 2616 1295 2671 τοῦ
1327 2619 1581 2688 θανάτου)
1626 2619 1901 2689 ἡμιθνῆτα
1927 2637 2098 2672 κατα-

523 2711 829 2775 ϐιϐάζουσι,
890 2710 985 2764 καὶ
1036 2709 1110 2772 ὡς
1144 2703 1290 2780 εἶχον
1329 2710 1466 2779 πρὸς
1518 2710 1918 2781 Θεσσαλονίκην
1957 2713 2100 2767 άπα-

526 2802 786 2872 γαγόντες
807 2803 922 2854 ἐκεῖ
948 2801 1213 2856 θάπτουσι
1242 2801 1664 2872 τελευτήσαντα.
1693 2803 1779 2874 ίΡ.
1812 2804 1942 2876 280]
1975 2805 2098 2869 Τοῖς

529 2979 692 3032 ιιοιι.ῐι
726 2993 783 3032 se
813 2987 938 3048 post
963 2978 1155 3044 ictum,
1191 2977 1480 3048 cll‘ecitque
1508 2989 1564 3034 ut
1589 2995 1671 3050 pri
1698 2999 1708 3030 ι
1732 2995 1766 3035 o
1797 2981 1983 3036 statim
2009 2982 2100 3037 teli

530 3086 640 3139 quo
673 3087 966 3140 percussus
993 3080 1075 3126 est
1112 3071 1348 3142 impulsu
1381 3072 1510 3127 sella
1542 3088 1804 3128 excussus
1834 3074 2103 3128 corruerit

527 3171 824 3232 captusque
857 3160 1036 3216 subito
1065 3160 1251 3225 luerit,
1295 3170 1347 3216 et
1376 3176 1500 3216 cum
1534 3176 1600 3217 eo
1641 3163 1732 3217 alii
1779 3163 1932 3217 multi
1969 3179 2096 3219 casn

525 3254 713 3338 eodem
769 3253 1066 3324 implicati,
1115 3253 1314 3324 quippe
1374 3253 1687 3310 necessaria
1737 3255 2098 3310 subveniendi

532 3346 660 3400 «ιιιεὶ
714 3345 990 3400 laboranti
1027 3359 1156 3400 cnra
1209 3360 1235 3397 a
1284 3345 1408 3416 fuga
1457 3346 1780 3400 maturanda
1823 3346 2106 3416 prohibiti,

527 3438 909 3506 comprehensi
943 3437 1145 3507 pariter
1179 3437 1232 3491 in
1275 3437 1581 3491 custodiam
1624 3437 1733 3491 sint
1765 3439 1900 3492 dati.
1933 3439 1990 3492 ιιι
2021 3437 2106 3494 his

529 3527 632 3580 fuit
658 3527 834 3597 ipsius
865 3527 1024 3582 Icarii
1059 3527 1242 3580 frater.
1275 3525 1494 3580 Interim
1523 3537 1576 3582 et
1603 3529 1878 3584 exercitus
1901 3545 1930 3582 a
1962 3537 2106 3582 terra

531 3617 767 3688 irrupit,
827 3633 987 3688 quem
1053 3618 1310 3674 ductabat
1370 3634 1602 3689 magnus
1660 3621 2106 3690 stra'opedarcha

534 3709 858 3777 Synadcnus
889 3707 1130 3764 Joannes
1167 3720 1219 3765 et
1255 3726 1486 3781 magnus
1517 3713 1872 3769 conostanlus
1911 3713 2107 3770 Cabal’

531 3801 704 3856 larius
745 3800 993 3856 Michael.
1045 3800 1108 3856 lli
1163 3817 1285 3856 cum
1316 3802 1480 3875 412
1512 3802 1774 3859 Pharsala
1826 3806 2108 3862 tenderent

531 3893 651 3959 (arx
675 3906 738 3944 ea
763 3899 864 3956 est,
889 3891 980 3946 cui
1006 3906 1201 3946 nomen
1229 3895 1517 3962 antiquum
1547 3893 1742 3948 Phthia
1771 3892 1895 3966 fuil)
1924 3895 2108 3949 animo

2127 3211 2166 3266 C

429 4027 437 4035 .
527 3993 900 4036 commeatum
935 3983 1266 4053 importandi
1297 3984 1575 4054 praesidio,
1603 3984 1849 4040 incidunt
1875 3983 2109 4040 inJoan-

530 4092 653 4128 nem
700 4079 951 4141 nothum,
993 4077 1091 4146 qui
1140 4077 1327 4132 statim
1369 4093 1464 4134 eos
1501 4078 1612 4134 acri
1658 4079 1842 4149 pradio
1882 4083 2108 4136 adortus

533 4185 642 4222 non
675 4169 856 4224 minus
889 4169 1099 4224 fertiter
1129 4185 1294 4240 quam
1326 4168 1557 4226 feliciter
1586 4186 1700 4224 rem
1732 4173 1903 4242 gessit
1933 4174 2108 4242 captis

526 4277 654 4316 cum
707 4262 828 4316 aliis
881 4261 1157 4331 plurimis,
1218 4270 1333 4317 tum
1395 4261 1515 4332 ipso
1574 4261 1862 4333 Synadc..o
1912 4279 2110 4335 magno

532 4352 1006 4421 stratopedarcha.
1039 4350 1291 4422 Magnum
1335 4353 1716 4407 conostaulnm
1759 4352 1874 4407 Itali
1906 4353 2108 4410 milites

533 4445 764 4499 Joannis
788 4445 879 4499 diu
911 4445 1182 4516 persecuti
1209 4444 1429 4514 assequi
1455 4445 1768 4514 nequivere.
1796 4445 1888 4499 Ille
1907 4445 2109 4516 quippe

532 4537 662 4592 to'is
723 4535 953 4590 habenis
1021 4535 1227 4590 effusus
1296 4533 1351 4589 in
1415 4535 1598 4606 fugam
1670 4537 1893 4607 longum
1963 4537 2111 4593 inse—

533 4627 827 4697 quentibus
875 4636 1204 4697 praeceperat
1279 4626 1542 4695 spatium,
1593 4637 1648 4681 ut
1691 4629 1802 4698 jam
1869 4630 2107 4696 periculo

533 4722 825 4775 ιιι-ίιιιιειιιε
879 4720 1175 4774 vileretur.
1225 4719 1328 4772 Sed
1377 4718 1594 4773 fatalem
1646 4720 1834 4775 horam
1889 4737 1956 4776 ne
2003 4722 2108 4777 ista

532 4813 755 4881 quidem
781 4810 1132 4866 contentione
1156 4820 1466 4880 conatuque
1493 4828 1706 4867 summo
1740 4811 1993 4868 fruStrari
2018 4825 2110 4868 aut

534 4904 756 4956 dillcrre
792 4900 976 4955 infelix
1009 4901 1184 4972 potuit
1215 4919 1228 4955 :
1256 4904 1384 4956 dum
1426 4903 1570 4956 enim
1604 4903 1877 4960 incautius
1907 4921 2108 4974 equum

534 4977 764 5064 impellit
824 5006 1052 5047 securus
1093 4994 1470 5060 anteriorum,
1526 5010 1556 5049 a
1609 5004 1757 5064 tergo
1807 4997 1978 5051 solum
2030 4999 2112 5051 in-

534 5104 730 5158 gruere
751 5085 1055 5156 periculum
1089 5086 1412 5141 existimans
1447 5102 1623 5158 e0que
1656 5089 1888 5143 sollicite
1927 5106 2114 5160 respe-

535 5191 732 5239 ctans,
793 5177 846 5231 in
904 5178 1118 5232 obviam
1167 5178 1417 5232 arborem
1477 5187 1594 5233 toto
1650 5180 1776 5248 equi
1839 5181 2111 5237 currentis

539 5269 744 5340 impetit
795 5269 1068 5340 impactus
1119 5270 1340 5340 dirupto
1388 5259 1611 5340 pectore
1657 5271 1926 5334 concidit,
1971 5288 2113 5341 equo

542 5361 715 5416 libero
766 5363 1004 5416 abeunte
1036 5381 1048 5416 :
1085 5377 1261 5433 neque
1311 5363 1459 5424 enim
1509 5363 1698 5432 equiti,
1740 5363 1858 5416 diro
1897 5379 2025 5418 casn
2060 5374 2114 5418 et

539 5452 684 5507 letali
725 5453 946 5508 vulnere
990 5453 1219 5530 amicto,‘
1269 5454 1495 5508 vacabat
1551 5455 1617 5507 de
1662 5468 1803 5522 equo
1851 5453 2110 5522 cogitare.

542 5545 699 5601 llnuc
745 5557 926 5601 tamen
977 5563 1120 5618 aegre
1169 5547 1337 5617 aliqui
1399 5545 1618 5612 morati,
1675 5545 2004 5601 seminecem
2063 5551 2114 5602 ei

540 5645 892 5698 caballarium
938 5645 1251 5714 impositum
1288 5643 1731 5698 'I‘bessalnnicam
1763 5658 1886 5697 cum
1917 5644 2114 5713 depor-

543 5747 771 5796 tassem.
830 5752 954 5789 mox
1009 5736 1080 5790 ibi
1144 5746 1420 5790 mortuum
1478 5734 1828 5804 sepelierunt.
1875 5734 2116 5793 Joannes

543 5828 759 5886 intuitu
811 5844 933 5884 cum
980 5829 1095 5885 suis
1143 5830 1311 5884 multa
1358 5828 1581 5897 impune
1616 5826 1763 5882 facta
1799 5835 2111 5884 nostrorum

2146 4555 2186 4608 ι)
2217 4541 2383 4596 vincti
2437 4543 2701 4598 οιιειοόὶιιι
2765 4543 3055 4597 traduntur
3100 4561 3114 4597 :

2197 5829 2412 5887 'fensus
2459 5829 2722 5886 Romanis
2778 5831 2980 5886 mansit

2198 1972 2298 2039 φὺν
2336 1973 2588 2026 Ἰωάννου
2648 1972 2976 2041 Γουλίελμον
3030 1974 3205 2042 μέγαν
3254 1971 3449 2041 κύριον
3482 1971 3739 2024 ἀντικαθι-

2199 2063 2409 2116 στᾶσιν.
2455 2062 2691 2115 Ἐκεῖνον
2729 2062 2774 2116 δ’
2808 2063 3018 2132 άγήλας
3045 2064 3074 2117 6
3126 2063 3382 2133 βασιλεὺς
3417 2062 3511 2114 xa‘t
3541 2062 3744 2131 δοκιμά-

2199 2169 2296 2214 σα;
2336 2154 2635 2224 λαμϐάνειν
2665 2155 2914 2224 γαμϐρὸν
2947 2155 3038 2222 ὑφ’
3084 2155 3267 2224 ὅρκοις
3303 2153 3603 2222 ἀσφαλέσιν
3635 2154 3747 2206 ἀττέ-

2196 2242 2312 2297 λυε.
2342 2242 2621 2313 Μετέωροι
2651 2243 2694 2295 δ’
2717 2239 2858 2313 ἦσαν
2884 2245 2932 2296 oi
2964 2246 3130 2313 γάμοι
3161 2241 3286 2298 καθ’
3312 2244 3637 2312 ὑποσχέσεις
3667 2247 3747 2296 καὶ

2200 2334 2385 2402 μόνας.
2428 2333 2565 2386 Ἀλλ’
2599 2335 2806 2396 ἐκεῖνος
2845 2333 2938 2401 ἅμ’
2971 2333 3168 2396 ἐπιϐὰς
3191 2337 3290 2399 τῆς
3322 2333 3603 2399 πατρίδος,
3630 2335 3746 2402 νόσῳ

2196 2425 2515 2495 περιπεσὼν
2562 2425 2810 2497 τελευτᾷ.
2863 2426 3176 2497 Διαδὲχεται
3215 2426 3270 2480 δὲ
3303 2427 3332 2478 6
3362 2425 3590 2494 ἁδελφὸς
3625 2427 3744 2478 Exsi-

2197 2534 2288 2572 vou
2319 2519 2664 2588 Γαυλίελμος,
2717 2519 2776 2572 ὃν
2833 2520 2929 2572 καὶ
2962 2520 3211 2590 γαμϐρὸν
3250 2519 3511 2572 Ἰωάννου
3553 2521 3580 2570 6
3614 2519 3745 2584 λόγος

2198 2610 2462 2681 παρίστα,
2509 2610 2771 2674 ὁλοτελῶς
2817 2611 2915 2682 τὴν
2971 2611 3063 2665 τοῦ
3095 2611 3421 2681 τεθνηκότος
3455 2610 3744 2680 κυριότητα.

2199 2703 2308 2756 Καὶ
2344 2698 2412 2774 ἦν
2441 2704 2576 2774 πρὸς
2611 2704 2918 2773 Ῥωμαίους
2950 2706 3398 2776 άντιφερῧμενος,
3446 2707 3497 2756 εί
3535 2706 3621 2756 καὶ
3645 2706 3747 2754 κατ’

2199 2793 2314 2857 ἔτος
2366 2795 2393 2848 6
2424 2793 2610 2857 στόλος
2665 2797 2841 2848 ἐκεῖσε
2898 2794 3255 2864 προσϐάλλων
3281 2794 3490 2848 ἐκάκου
3521 2792 3745 2846 τάκείνου

2199 2972 2365 3033 caede,
2391 2973 2563 3042 spolia
2590 2974 2820 3042 plurima
2845 2973 3247 3044 pretiosamque
3275 2973 3515 3043 przedam
3540 2972 3750 3026 victoriae

2205 3064 2490 3132 praemium
2522 3069 2782 3119 tulerunt.
2810 3063 2922 3119 lloc
2946 3066 3246 3134 alterojam
3276 3076 3480 3119 eVentu
3507 3062 3749 3116 Romanos

2203 3153 2391 3209 triSIis
2417 3156 2753 3224 experientia
2777 3156 2959 3210 docuit
2987 3156 3112 3224 quis
3136 3164 3189 3210 et
3209 3165 3455 3225 quantus
3477 3155 3611 3209 bello
3631 3163 3752 3208 essl-t

2206 3243 2462 3302 Joanncs-
2482 3248 2570 3303 hic
2622 3249 2846 3307 nothus.
2880 3249 2963 3304 vir
2993 3250 3236 3304 omnium
3282 3249 3665 3305 callidissimus
3699 3247 3750 3300 ad

2208 3337 2438 3394 insidias
2481 3341 2796 3403 strnendas,
2845 3351 2957 3395 tum
2989 3341 3078 3394 ubi
3121 3356 3187 3395 ex
3231 3341 3298 3396 iis
3342 3342 3393 3395 in
3433 3342 3615 3412 plures
3648 3353 3750 3393 cunt

2208 3432 2397 3500 paucis
2423 3441 2752 3500 erumperet,
2794 3433 3144 3501 imperterriti
3175 3433 3284 3486 dux
3325 3433 3502 3486 animi
3537 3433 3752 3487 roboris-

2170 3540 2316 3594 -que
2349 3525 2659 3593 perrupturi
2709 3526 2928 3594 ιιιιὶὼίε
2975 3525 3310 3595 oppositum.
3349 3525 3496 3596 Ergo
3546 3525 3591 3579 is
3633 3539 3753 3576 tuine

2209 3632 2430 3686 quoque
2473 3632 2582 3670 non
2615 3617 2794 3686 palam
2847 3631 3142 3672 occurrens
3183 3631 3247 3672 ex
3285 3617 3539 3678 adverso,
3572 3615 3659 3670 sed
3699 3629 3751 3666 ex

2211 3713 2452 3768 latibulis
2518 3712 2818 3783 improviso
2877 3712 3130 3778 irruens,
3187 3712 3625 3782 inopinatissima
3679 3709 3750 3762 ilia

2212 3805 2395 3874 specie
2437 3805 2627 3874 copias
2677 3805 2881 3873 alioqui
2943 3805 3114 3859 bonas
3168 3815 3221 3859 et
3271 3804 3405 3858 satis
3460 3803 3680 3858 exercita
3706 3816 3754 3851 as

2207 3896 2370 3968 513
2407 3896 2585 3966 primo
2611 3900 2864 3966 perculit,
2905 3912 3026 3950 mox
3060 3897 3421 3966 impressione
3482 3894 3753 3949 vehementi

2209 3987 2423 4056 disiecit
2457 3987 2782 4055 stravitque,
2814 3986 3043 4057 gloriam
3090 4003 3190 4041 suo
3233 3987 3438 4040 nomini
3489 3990 3750 4039 maximam

2210 4082 2302 4136 tali
2328 4082 2570 4135 facinore
2601 4081 2849 4150 adeptus.
2891 4082 2960 4134 At
3001 4081 3208 4136 naValis
3237 4080 3514 4135 exercitus
3557 4077 3726 4132 univer

2209 4188 2306 4228 sus
2353 4173 2667 4236 incolumis,
2710 4172 2912 4242 quippe
2964 4173 3248 4227 incruenta
3283 4173 3514 4227 victoria
3559 4170 3753 4240 potitus.

2209 4263 2435 4334 imuper
2478 4263 2667 4334 spoliis
2709 4265 2896 4329 dives,
2950 4263 3215 4318 Joannem
3297 4280 3424 4319 cum
3469 4264 3584 4318 suis
3639 4260 3756 4314 bello

2209 4364 2426 4427 captum
2460 4356 2689 4416 ducens.
2735 4356 2936 4426 gaudio
2973 4366 3026 4410 et
3069 4356 3434 4425 gratulatione
3472 4354 3667 4426 ingenti
3701 4353 3754 4404 ad

2213 4448 2597 4519 imperatorem
2637 4450 2815 4504 rediit.
2852 4450 2921 4503 At
2942 4447 3184 4504 Joannes
3210 4450 3434 4519 quidem
3463 4464 3586 4503 cum
3612 4445 3756 4502 Sociis

3169 4542 3339 4597 Icario
3394 4556 3525 4596 vero
3573 4553 3756 4594 merces

2215 4649 2398 4703 operae
2426 4634 2568 4688 bello
2597 4633 2830 4688 feliciter
2855 4643 3063 4688 navata:
3089 4643 3471 4703 repraesentata
3495 4641 3576 4686 est
3600 4625 3753 4694 magni

2217 4725 2524 4779 conostauli
2577 4725 2838 4780 attributa
2886 4725 3166 4794 dignitate.
3224 4723 3335 4778 Sub
3382 4723 3498 4778 haec
3549 4721 3756 4792 papulns

2213 4816 2523 4872 Thebarum
2582 4816 2802 4871 fratrem
2850 4813 3078 4871 Joannis
3140 4817 3468 4872 Gulielmum
3525 4823 3752 4883 magnum

2212 4912 2494 4966 dominum
2526 4926 2623 4980 pro
2654 4925 2718 4964 eo
2744 4910 3048 4965 constituit.
3074 4910 3273 4965 Verum
3304 4908 3565 4963 Joannem
3598 4907 3750 4975 ipsum

2213 5004 2508 5074 imperator
2543 5002 2846 5056 honor-ilice
2891 5011 3203 5066 tractatum,
3249 5003 3463 5072 propria
3499 5001 3545 5054 ei
3582 4999 3676 5052 lilia
3708 4997 3751 5048 in

2213 5095 2498 5166 coniugem
2536 5095 2827 5166 promissa.
2859 5105 2980 5166 post
3005 5097 3278 5150 firmatum
3299 5095 3644 5163 jurejurando
3665 5089 3752 5143 fua-

2214 5189 2318 5244 dus
2346 5188 2574 5243 liberum
2612 5187 2844 5252 dimisit,
2892 5195 3116 5242 nutante
3163 5187 3341 5242 adhuc
3386 5185 3615 5255 coniugii
3655 5199 3753 5249 spe,

2215 5282 2417 5352 quippe
2496 5297 2600 5335 non
2659 5281 2800 5334 ultra
2858 5291 3013 5350 pacta
3060 5290 3114 5335 et
3167 5283 3440 5350 sponsalia
3489 5275 3752 5348 progressi.

2215 5375 2481 5428 Caeterum
2511 5373 2819 5427 deStinatus
2857 5389 3093 5442 sponsus
3123 5373 3287 5427 simul
3323 5374 3548 5443 patriam
3580 5367 3752 5436 attigit.

2217 5470 2409 5523 morbo
2464 5476 2750 5536 correptus
2795 5468 2968 5532 obiit,
3027 5483 3402 5522 successorem
3455 5466 3754 5536 principatus

2218 5559 2270 5612 in
2318 5556 2551 5612 solidum
2604 5557 2840 5612 universi
2904 5557 3218 5627 relinquens
3274 5556 3592 5612 Gulielmum
3649 5552 3751 5606 fta-

2221 5661 2354 5704 trem
2389 5664 2546 5718 quem
2588 5649 2843 5716 superius
2874 5649 3111 5703 diximus
3140 5649 3370 5704 Joannis
3419 5648 3564 5703 notbi
3613 5646 3749 5699 lilium

2220 5739 2462 5802 duxisse,
2505 5738 2709 5807 quique
2754 5739 2876 5792 ideo
2923 5738 3100 5791 soceri
3148 5740 3391 5806 partibus
3421 5739 3653 5791 addictus
3683 5734 3752 5784 in-

3027 5848 3041 5884 :
3087 5846 3256 5900 quare
3315 5833 3499 5888 claSsis
3551 5830 3599 5883 in
3654 5826 3752 5894 eius
