3964 6522
252 387 378 448 869

1224 381 1322 441 DE
1368 375 1761 440 MICHAELE
1802 373 2267 436 PALAZOLOGO
2309 373 2451 437 LIB.
2502 376 2567 435 ν.

3435 369 3542 430 8ἷο

254 499 369 550 καὶ
394 494 546 548 οὐδὲν
569 495 658 549 εἷα
677 492 885 556 ἀνύειν,
922 491 1376 564 περιζωσαμὲνου
1422 491 1522 563 τὴν
1554 491 1649 545 τοῦ
1688 489 1858 560 μεγάο
1888 490 1933 546 Α
1963 485 2139 548 ἄλλως
2171 485 2350 554 λόγιον
2391 489 2484 538 καὶ
2506 486 2596 538 ἐπὶ
2627 487 2740 548 τοῖς
2787 483 3076 552 πράγμασι
3105 479 3396 553 τρίϐωνα),
3427 483 3547 552 ἅμα

256 589 368 640 λου
400 587 590 648 δουκδς
630 585 787 652 ἀξίαν
812 584 903 638 τού
949 583 1186 652 Ἰκαρίου
1216 587 1308 638 καὶ
1335 585 1426 638 τὸν
1473 584 1659 638 στόλον
1687 581 1854 650 ἄγον-

255 696 388 736 τος.

256 847 382 909 κη’.
418 841 542 893 Ἔτι
575 838 644 891 τὰ
674 837 824 892 κατὰ
852 838 960 891 τὸν
1003 839 1563 908 πατριαρχεύσαντα
1629 838 1852 906 Ἰωσὴφ

803 909 900 962 καὶ
940 909 1048 962 τὸν
1073 909 1322 964 Βέκκον.

347 1047 456 1102 Τοῦ
501 1044 696 1117 Ἰωσὴφ
745 1049 802 1101 δὲ
835 1046 1146 1116 καθημένου
1175 1047 1232 1101 ἐν
1262 1050 1327 1118 τῇ
1362 1049 1503 1102 κατὰ
1547 1049 1640 1101 τὸν
1702 1049 1857 1103 Ἀνά-

259 1141 447 1193 πλονν
479 1143 638 1211 μονῇ,
667 1140 822 1204 νόσος
847 1142 1204 1194 ἐπεισπίπτει
1230 1141 1307 1211 τῷ
1340 1141 1562 1218 Ἰωάννῃ
1594 1158 1856 1213 πατριαρ-

263 1231 458 1302 χοῦντι
497 1232 642 1302 δεινή
665 1247 680 1264 ο
709 1226 776 1303 ἦν
805 1231 850 1285 δ’
879 1233 1041 1296 αὐτὸς
1099 1235 1126 1286 6
1181 1234 1384 1296 Βέκκος
1413 1237 1441 1287 6
1467 1235 1561 1287 καὶ
1590 1235 1856 1305 πρότερον

267 1325 656 1398 χαρτοφύλαξ.
690 1326 800 1379 Καὶ
841 1325 904 1398 δὴ
937 1326 1109 1379 πολλὰ
1140 1326 1329 1379 παθὼν
1357 1328 1449 1378 καὶ
1496 1327 1710 1397 ῥαΐσας,
1746 1331 1858 1390 τοῖς

273 1420 486 1488 ἰατροῖς
515 1419 670 1484 δόξαν
705 1421 762 1472 ὲν
808 1420 1006 1489 σχολῆς
1035 1422 1185 1488 τόπῳ
1236 1418 1597 1486 μετατεθέντα
1633 1418 1725 1471 τὶν
1763 1420 1860 1490 άρ-

271 1513 590 1578 ρωστούντα
617 1511 737 1566 κατ’
775 1513 913 1566 ἰδίαν
945 1512 1368 1584 θεραπεύεσθαι,
1399 1511 1474 1581 μὴ
1509 1513 1597 1565 καὶ
1631 1513 1664 1583 η
1695 1513 1858 1581 ἀσχο-

269 1605 369 1657 λία
400 1604 590 1674 τριϐὴν
630 1605 836 1675 ἐμποιῇ
878 1609 943 1675 τῇ
994 1606 1154 1674 νόσῳ,
1193 1607 1315 1657 ἐπεὶ
1343 1604 1463 1672 εκαὶ
1496 1605 1690 1675 ῥαΐσας
1723 1608 1860 1674 πρὸς

267 1697 356 1764 τῷ
388 1698 482 1748 καὶ
507 1697 658 1766 πόμα
693 1697 780 1768 [Ρ.
811 1697 942 1769 2811
975 1697 1311 1768 καθαρτικὸν
1343 1697 1744 1767 προσφέρεσθαι
1767 1695 1856 1766 ἦν,

268 1789 299 1838 ὁ
330 1790 426 1856 τῆς
461 1786 680 1857 Λαύρας
720 1789 858 1858 πρὸς
881 1788 1054 1842 ταῦτα
1085 1790 1249 1852 τόπος
1279 1789 1528 1858 ἐκρίνετο
1561 1791 1854 1859 χρήσιμος.

275 1881 393 1932 Καὶ
419 1881 447 1933 6
495 1881 594 1951 μὲν
627 1881 883 1950 βασιλεὺς
915 1883 1003 1936 διὰ
1044 1882 1218 1935 ταῦτα
1261 1882 1578 1953 μεταθεῖναι
1615 1883 1708 1937 τὸν
1751 1882 1861 1936 Ἰω-

276 1972 391 2042 σὴφ
420 1974 694 2040 ἐϐούλετο,
729 1977 805 2040 ὡς
856 1977 957 2030 οὐκ
987 1976 1264 2048 εὐπρεπὲς
1316 1977 1492 2039 ἄλλως
1547 1976 1606 2028 ὃν
1657 1978 1714 2030 έν
1762 1979 1860 2047 μιᾷ

276 2068 416 2135 μονῇ
449 2067 748 2137 διατρίϐειν
798 2069 892 2123 τόν
940 2087 1000 2122 τε
1055 2070 1225 2140 ἀργὸν
1266 2071 1329 2123 ὲκ
1370 2071 1736 2141 πατριαρχίας
1770 2075 1863 2124 καὶ

275 2159 376 2212 τὸν
412 2160 512 2230 ἥδη
549 2163 1046 2233 πατριάρχεύοντα.
1097 2163 1235 2216 Ἀλλ’
1267 2166 1294 2218 6
1335 2165 1588 2233 Ἰωάννης
1618 2164 1734 2234 ἃμα
1765 2166 1862 2232 μὲν

278 2251 436 2314 εἰδὼς
475 2254 534 2305 τὸ
583 2255 675 2307 τοῦ
732 2253 927 2325 Ἰωσὴφ
982 2256 1185 2325 ἱλαρὸν,
1231 2259 1322 2310 καὶ
1361 2257 1436 2320 ὡς
1465 2256 1630 2310 αὑτοῦ
1673 2257 1864 2326 σχεδδν

276 2344 668 2413 ψηφισαμένου
711 2348 916 2409 ἐκεῖνος
965 2349 1036 2401 τὰ
1083 2349 1320 2419 πηδάλια
1368 2351 1472 2417 τῆς
1537 2350 1864 2421 Ἐκκλησία-ς

279 2437 558 2508 ἐλάμϐανε
591 2439 710 2511 (καὶ
739 2441 848 2512 γάρ
880 2443 978 2512 τὴν
1017 2441 1113 2496 ἀπ’
1147 2443 1354 2496 ἐκείνου
1399 2443 1593 2514 βουλὴν
1631 2444 1798 2496 θέλων
1839 2447 1865 2497 6

281 2529 505 2600 κρατῶν
558 2531 863 2602 λαμϐάνειν
923 2535 1049 2604 περὶ
1101 2533 1395 2604 προσώπου
1453 2535 1864 2599 διεπυνθάνετο,

284 2625 543 2691 κάκεῖνος
587 2627 780 2682 τοῦτον
821 2631 973 2700 παρὰ
1001 2632 1128 2696 τοὺς
1179 2631 1409 2696 πολλοὺς
1458 2634 1742 2703 ἐξελέγετο
1791 2633 1866 2698 ὡς

287 2818 493 2864 terram
545 2813 842 2881 quotannis
891 2814 1104 2871 invecta
1155 2831 1275 2870 eam
1329 2818 1596 2882 vastabat,
1654 2820 1869 2875 damnis

287 2898 529 2956 alliciens
579 2905 934 2974 iungentibus;
995 2923 1094 2963 nec
1135 2909 1406 2964 Guliehno
1457 2912 1693 2980 Spatium
1744 2929 1871 2983 pro-

291 3008 454 3062 Spere
499 2996 798 3066 quidquam
837 3001 1032 3069 agendi
1076 3017 1139 3057 ac
1186 3020 1252 3057 ne
1297 3006 1603 3073 respirandi
1647 3009 1866 3077 quidem

287 3087 456 3141 dabat
508 3087 686 3144 hostis
725 3091 774 3144 ei
808 3092 1095 3160 Oppositus
1130 3094 1360 3166 impiger
1401 3097 1627 3164 lcarius,
1685 3101 1866 3170 magni

284 3178 400 3246 jam
438 3179 594 3235 ducis
627 3193 894 3252 potestate
916 3187 1148 3242 classem
1185 3188 1442 3242 ductans.
1727 3221 1754 3238 ν

326 3316 417 3371 28.
463 3314 662 3372 Rursus
689 3318 754 3373 de
778 3322 1157 3390 expatriarcha
1189 3323 1419 3395 Jusep/to
1443 3338 1492 3382 et
1531 3329 1597 3382 de
1642 3327 1830 3386 Verco.

361 3450 681 3510 Diversante
714 3471 900 3525 porro,
935 3467 995 3512 ut
1026 3460 1228 3514 dictum
1266 3472 1368 3527 est,
1400 3464 1637 3535 Josepho
1668 3467 1720 3521 in
1757 3485 1873 3521 mo-

288 3546 532 3599 nasterio
561 3548 626 3599 ad
660 3548 932 3618 Anaplum
970 3552 1097 3614 sito,
1141 3555 1334 3610 morbo
1383 3559 1677 3628 corripitur
1721 3563 1870 3631 gravi

289 3633 536 3690 Joannes
585 3641 928 3704 patriarcha,
985 3642 1192 3698 Vcccus
1246 3646 1535 3711 nimirum,
1588 3651 1726 3703 idem
1780 3654 1871 3720 qui

289 3728 680 3797 chartopliylax
716 3730 866 3796 prius
895 3730 1091 3788 fuerat.
1127 3732 1231 3788 Per
1251 3751 1375 3790 eum
1405 3737 1720 3809 languorem
1748 3758 1871 3796 eum

292 3819 466 3872 multa
497 3822 574 3874 vel
606 3821 774 3893 414
801 3839 830 3877 a
867 3825 1012 3880 malo
1044 3825 1164 3895 ipso
1195 3828 1276 3882 vel
1322 3843 1352 3882 a
1397 3831 1654 3887 remediis
1681 3849 1875 3902 passus

293 3911 614 3967 meliuscule
659 3905 1025 3982 janrhabere
1078 3919 1374 3984 videretur,
1427 3923 1655 3980 medicis
1697 3925 1874 3979 visum

295 4003 580 4058 transferri
609 4020 814 4074 aegrum
846 4018 1096 4076 Oportere
1125 4011 1180 4064 in
1212 4013 1500 4068 seductum
1530 4031 1560 4070 a
1594 4018 1749 4072 turba
1779 4033 1878 4072 ne-

294 4097 566 4164 gotiorum
596 4097 801 4164 locum,
832 4102 924 4156 ubi
958 4104 1140 4157 curari
1168 4120 1262 4172 per
1292 4107 1464 4162 otium
1497 4123 1700 4178 posset,
1729 4114 1878 4168 nulla

298 4189 680 4259 interpellante
735 4193 982 4249 molestia
1041 4197 1488 4265 quotidianarum
1559 4206 1877 4273 occupatio-

298 4296 451 4335 num.
474 4282 836 4339 Decreverant
871 4295 1055 4342 autem
1090 4288 1142 4353 in
1169 4289 1270 4345 ista
1293 4293 1341 4345 ei
1371 4293 1556 4362 quiete
1585 4298 1878 4366 propinare

301 4376 586 4443 purgantia
619 4381 864 4446 qua-dam
903 4380 1219 4448 pharmaca,
1255 4385 1427 4440 morbi
1465 4387 1715 4444 videlicet
1749 4392 1876 4445 reli—

297 4468 459 4535 quias
491 4480 543 4521 et
588 4471 778 4522 noxios
827 4470 1088 4528 humores
1120 4474 1239 4544 ejus
1271 4491 1464 4533 causas
1495 4478 1741 4538 funditus
1775 4500 1873 4540 ex-

302 4557 585 4613 haustura.
622 4557 882 4628 Secessus
916 4579 1078 4632 porro
1122 4567 1188 4619 ad
1239 4582 1359 4623 eam
1410 4585 1521 4626 rem
1558 4577 1876 4644 aptissimus

303 4650 476 4705 Laura
503 4655 792 4722 putabatur
815 4657 1003 4710 eadem
1031 4657 1117 4711 illa
1152 4659 1239 4713 ubi
1276 4661 1502 4734 degebat
1528 4669 1616 4736 qui
1648 4671 1878 4737 patriar-

298 4744 400 4797 cha
452 4743 628 4800 fuerat
681 4744 991 4816 Joscpbus,
1027 4767 1189 4816 quem
1241 4752 1364 4809 ideo
1412 4757 1704 4828 imperator
1749 4765 1876 4821 alibi

300 4837 568 4892 collocare
601 4847 892 4904 statuerat,
926 4842 1069 4897 haud
1099 4855 1524 4902 consentaneum
1558 4855 1878 4912 existimans

301 4930 491 4985 eodem
544 4932 804 5002 hospitari
857 4935 1137 4991 domicilio
1194 4938 1535 4997 decessorcm
1589 4960 1878 5003 successo-

305 5038 527 5094 remque
558 5026 982 5094 patriarchatus.
1022 5027 1225 5086 Verum
1256 5029 1496 5090 Joannes
1532 5036 1691 5092 simul
1727 5055 1878 5095 com-

305 5123 516 5183 pertam
563 5118 770 5174 habens
818 5135 1028 5175 comem
1083 5122 1423 5196 hilaremque
1454 5126 1674 5198 Josephi
1727 5133 1880 5188 indo‘

305 5211 432 5270 lem,
458 5211 620 5264 simul
645 5213 898 5268 conscius
921 5214 1036 5282 ipso
1059 5225 1263 5269 tantum
1291 5233 1396 5271 non
1421 5221 1567 5274 clare
1592 5224 1881 5294 palamque

305 5300 637 5370 suffragante
668 5320 790 5360 sese
823 5321 1006 5378 nuper,
1026 5310 1091 5360 ad
1123 5307 1378 5365 Ecclesiae
1412 5309 1582 5367 fuisse
1611 5300 1882 5383 guberna-

305 5394 428 5448 chla
462 5407 771 5464 promotum
806 5399 1026 5469 (etenim
1054 5397 1277 5471 Josephi
1308 5403 1630 5458 sententiam
1661 5407 1726 5460 de
1755 5424 1882 5463 suc-

307 5503 525 5541 cessore
577 5488 764 5542 volens
815 5491 1111 5558 imperator
1165 5494 1481 5562 explorare,
1530 5499 1883 5554 c0nsulnerat

306 5597 430 5634 eum
465 5581 531 5635 de
564 5596 792 5650 persona
826 5598 984 5650 quam
1023 5583 1068 5636 ei
1106 5586 1314 5638 muneri
1357 5594 1538 5654 aptam
1574 5587 1878 5656 judicaret;

309 5684 363 5727 et
392 5673 662 5743 Josephus
696 5675 930 5730 Veccum
984 5692 1092 5742 pra:
1138 5677 1322 5732 multis
1374 5679 1438 5732 ad
1474 5679 1524 5732 id
1558 5683 1796 5751 elegerat
1826 5692 1884 5738 ut

309 5777 363 5821 et
385 5770 585 5838 alioqui
611 5769 874 5824 disertum
901 5786 964 5825 ac
984 5772 1227 5835 doctum,
1253 5781 1509 5836 praeterea
1539 5777 1881 5844 negotiorum

310 5845 784 5917 administratione
840 5861 1064 5928 tritum,
1115 5861 1350 5933 denique
1402 5872 1598 5933 praeter
1651 5879 1882 5937 caetera,

1961 580 2062 649 μὲν
2107 576 2201 634 οὖν
2246 581 2335 632 διὰ
2370 580 2564 644 ταῦτα,
2618 578 2734 648 ἅμα
2776 578 2832 630 δὲ
2886 577 3088 648 καὶτῷ
3123 578 3220 646 τῆς
3273 576 3545 647 σφετέρας

1958 670 2187 741 γνώμης
2220 671 2494 725 πιστεύων
2524 670 2809 741 εἱρηνικῷ,
2842 668 3140 722 διεκώλυσε
3174 671 3272 738 μὲν
3295 670 3385 724 τὸν
3425 671 3544 723 Ἰωο

1961 765 2071 836 σὴφ
2109 765 2518 836 μετατίθεσθαι,
2555 764 2699 816 οὕτω
2743 763 2786 815 δ’
2841 763 2994 825 ὄντος
3024 762 3206 814 ἐκεῖσε
3255 765 3347 815 καὶ
3382 761 3547 824 αὐτὸς

1957 861 2023 928 τῇ
2064 861 2200 929 μονῇ
2232 859 2474 928 ἐνδημεῖ,
2513 858 2604 910 καὶ
2628 853 2696 928 ἦν
2729 858 2787 906 τὸ
2820 855 2928 908 άπὸ
2952 856 3102 909 τοίδε
3139 857 3231 908 καὶ
3260 872 3544 927 προσαπο-

1961 953 2199 1005 στέλλων
2241 953 2371 1023 πρὸς
2421 951 2642 1023 Ἰωσὴφ,
2687 950 2780 1004 καὶ
2805 954 2901 1014 τὰς
2938 950 3271 1003 ἀπ’ἑκείνού
3302 950 3543 1018 ἀποκρί-

1962 1060 2078 1107 σεις
2113 1044 2456 1112 φιλοφρόνως
2487 1045 2580 1098 καὶ
2627 1044 2766 1113 μετὰ
2799 1043 3132 1114 προσηνείας
3171 1044 3350 1114 πάσης
3395 1042 3547 1118 δεχό-

1961 1153 2145 1205 μενος.
2187 1131 2296 1190 Ἦν
2341 1137 2450 1206 γὶρ
2482 1139 2535 1189 -ό
2584 1136 2724 1206 ἀνὴρ
2776 1138 2984 1198 ἐκεῖνος
3033 1136 3312 1205 εἰρηνικός
3347 1153 3407 1188 τε
3452 1135 3547 1186 καὶ

1962 1230 2166 1300 ἱλαρὸς,
2205 1232 2301 1284 καὶ
2356 1229 2612 1283 τοσοῦτον
2671 1233 2737 1302 τῇ
2803 1232 2903 1301 τῆς
2964 1230 3289 1298 Ἐκκλησίας
3344 1229 3546 1301 πράξει

1959 1325 2234 1395 ἀπήχθετο
2261 1323 2400 1378 ὥστε
2430 1323 2553 1396 μηδ’
2585 1324 2939 1395 αἰσχύνεσθαι
2973 1323 3232 1386 πολλάκις
3262 1323 3547 1394 ὁμολο,εῖν

1958 1417 2052 1470 τὸν
2081 1420 2242 1488 ὅρκον
2259 1417 2517 1484 γενέσθαι
2537 1417 2800 1487 κωλύμην
2815 1417 2910 1469 τοῦ
2937 1417 3036 1470 καὶ
3068 1415 3232 1470 αὑτὸν
3259 1418 3317 1470 ἐν
3337 1414 3548 1477 τούτοις

1963 1508 2122 1570 εἶναι,
2161 1512 2281 1563 ἐπεὶ
2310 1510 2476 1564 πλέον
2501 1512 2601 1564 ούκ
2631 1508 2697 1582 ἦν
2741 1511 2995 1578 γενέσθαι
3027 1511 3132 1562 τῶν
3171 1509 3546 1579 πραχθέντων,

1961 1605 2033 1667 ὡς
2089 1603 2495 1675 ὑπελάμϐανεν.
2568 1606 2655 1658 Ἐν
2685 1605 2896 1666 τούτοις
2947 1605 3150 1673 διάγων
3201 1606 3229 1657 6
3293 1605 3549 1673 Ἰωάννης

1964 1698 2136 1750 πολλὰ
2172 1697 2271 1766 μὲν
2302 1698 2630 1767 γραμμάτια
2663 1700 2745 1761 είς
2787 1702 2976 1769 χεῖρας
3009 1695 3123 1768 εἶχε
3165 1698 3480 1768 λαμϐάνων,
3513 1696 3550 1751 ἃ.

1965 1791 2027 1862 δὴ
2061 1793 2153 1844 καὶ
2182 1792 2229 1844 οἱ
2264 1793 2579 1862 σχιζόμενοι
2607 1793 2906 1857 ἐξετίθουν,
2938 1793 3243 1854 δεικνύντες
3273 1794 3370 1862 τὴν
3405 1795 3551 1861 πρᾶο

1966 1884 2048 1949 ξιν
2079 1885 2152 1947 ὼς
2185 1886 2464 1956 σφαλερὰν
2509 1887 2604 1938 καὶ
2650 1885 2786 1938 Θεοῦ
2841 1888 3033 1957 πόρρω
3076 1886 3399 1955 βάλλουσαν,
3433 1885 3551 1953 ἅμα

1961 1975 2015 2028 δὲ
2047 1977 2139 2028 καὶ
2174 1978 2301 2039 τοὺς
2349 1977 2584 2041 Ἰταλοὺς
2614 1979 2838 2048 eve/.04;
2864 1971 3144 2047 αἱρέσεσιν
3173 1979 3233 2031 ού
3268 1993 3552 2030 συνεσκία-

1964 2069 2188 2137 σμέναι;
2220 2070 2395 2134 ἄλλως
2429 2071 2521 2122 καὶ
2552 2071 2898 2140 ἀμφιϐόλοις,
2928 2071 3045 2142 mi
3069 2073 3341 2141 ἐμφανέσι
3365 2089 3424 2123 τε
3455 2073 3551 2124 καὶ

1961 2161 2267 2231 λαμπραῖς.
2306 2159 2466 2232 Εἶχον
2498 2163 2554 2216 δὲ
2601 2164 2697 2216 καὶ
2732 2165 2840 2218 ἀπὸ
2883 2165 3115 2234 Γραρῶν
3141 2165 3217 2227 ὡς
3250 2166 3412 2234 δῆθεν
3451 2166 3552 2226 τὰς

1965 2255 2286 2320 ὑποδείξεις,
2313 2254 2380 2318 ἃς
2407 2257 2501 2309 καί
2534 2256 2979 2328 κατεστρώννυον
3005 2259 3415 2328 συνεχέστερον,
3449 2259 3552 2312 κᾶν

1965 2347 2068 2399 πού
2111 2365 2162 2399 τι
2212 2349 2309 2401 καὶ
2354 2349 2532 2416 ἁγίοις
2579 2350 2788 2421 ἐρρήθη
2825 2350 3216 2421 θεληματικδν,
3266 2353 3408 2405 εἴποι
3442 2368 3549 2414 τις,

1967 2441 2064 2491 καὶ
2099 2441 2160 2492 τὸ
2191 2443 2331 2494 κατὰ
2367 2444 2508 2510 σφᾶς
2539 2443 2811 2512 παριστάν
2860 2443 3024 2507 ἰδίως,
3057 2443 3132 2507 ὼς
3165 2444 3295 2513 περὶ
3328 2445 3554 2514 εἰρήνης

1965 2527 2076 2585 οἷον
2105 2532 2180 2594 ὡς
2211 2534 2555 2603 είρηνευτέον
2596 2536 2695 2604 μὲν
2729 2535 2865 2588 ὅπου
2909 2537 2984 2608 μὴ
3013 2537 3145 2589 Θεὸν
3180 2537 3551 2606 ζημιούμεθα,

1968 2625 2063 2677 καὶ
2100 2613 2436 2696 πολεμητέον
2467 2626 2620 2691 αὖθις
2656 2627 2788 2682 ὅπου
2825 2629 3157 2701 ζημιοῦσθαι
3207 2633 3340 2686 Θεὸν
3372 2633 3557 2687 κινδυο

1970 2806 2112 2875 quod
2145 2805 2266 2876 ejus
2303 2807 2601 2876 tranquillo
2627 2817 2680 2861 et
2705 2810 2954 2866 studioso
2987 2812 3137 2880 pacis
3167 2813 3388 2883 ingenio
3423 2829 3556 2869 con-

1970 2901 2203 2970 fideret),
2229 2901 2362 2963 haec,
2379 2895 2618 2970 impiam,
2639 2901 2876 2958 Joannes
2905 2917 3160 2975 reputans
3183 2908 3393 2962 obstitit
3417 2925 3556 2978 quo-

1975 2995 2157 3048 minus
2186 2994 2312 3048 inde
2339 2992 2607 3064 Joscphus
2637 3005 3003 3052 amowretur.
3041 2997 3134 3051 Illo
3163 2998 3326 3067 igitur
3357 3000 3554 3054 ibidem

1972 3090 2359 3150 permanente,
2418 3084 2609 3137 eodem
2670 3092 2724 3137 et
2779 3085 2896 3150 ipse
2955 3073 3211 3152 divertit,
3273 3090 3557 3145 missitaus

1897 3196 1940 3252 ο
1973 3170 2203 3227 subinde
2233 3172 2506 3228 olliciosas
2554 3173 2620 3226 ad
2661 3191 2784 3229 eum
2838 3177 3210 3244 salutationes,
3249 3179 3310 3233 et'
3338 3187 3559 3240 mutuas

1975 3265 2044 3318 ab
2072 3264 2190 3334 ipso
2219 3267 2494 3320 comitatis
2523 3267 2936 3325 humanis-simae
2961 3273 3392 3342 signiﬁcationes
3419 3279 3556 3328 reei-

1974 3355 2148 3422 piens.
2177 3353 2306 3408 Erat
2327 3356 2473 3408 enim
2499 3354 2770 3427 Joseplius
2797 3358 2932 3413 adeo
2955 3363 3194 3428 pacilicze
3222 3361 3556 3432 placidaeque

1973 3456 2201 3512 natur-te,
2257 3458 2314 3502 ut
2359 3463 2425 3502 co
2473 3451 2616 3517 qttod
2669 3450 2934 3507 hactenus
2983 3452 3220 3508 Ecclesia
3254 3467 3440 3524 egerat
3489 3457 3560 3510 ad

1976 3555 2163 3609 pacem
2237 3542 2474 3596 oblatam
2532 3543 2950 3599 disturbandam
3004 3547 3406 3612 otlenderetur,
3460 3565 3561 3604 nec

1976 3634 2182 3688 veritus
2214 3635 2409 3690 fuisset
2442 3636 2598 3690 fateri
2648 3639 2848 3708 saepius
2882 3653 2960 3704 se,
2999 3640 3097 3693 nisi
3147 3653 3561 3712 praeoccupatus

1971 3726 2266 3796 juramenti
2316 3745 2345 3781 a
2399 3743 2460 3784 se
2511 3730 2689 3799 palam
2739 3730 2870 3784 editi
2920 3732 3178 3802 religione
3228 3733 3444 3800 fuisset,
3489 3739 3556 3788 ad

1975 3821 2159 3875 omnia
2215 3819 2388 3876 fuisse
2441 3837 2797 3878 assensurum
2846 3839 2861 3876 :
2908 3839 3009 3879 nec
3055 3825 3200 3879 enim
3232 3825 3398 3897 415
3443 3827 3556 3897 jam

1978 3915 2358 3982 suspicabatur
2410 3917 2552 3984 quod
2605 3925 2765 3970 antea
2821 3916 3112 3980 timuerat,
3162 3932 3274 3971 rem
3327 3921 3558 3974 ulterius

1978 4021 2358 4075 processuram
2409 4021 2570 4074 quam
2624 4022 2736 4075 quo
2787 4017 2932 4060 esset
2984 4008 3250 4063 hactenus
3285 4023 3557 4078 promota.

1979 4098 2055 4151 Eo
2085 4100 2250 4168 igitur
2283 4099 2522 4168 hospitio
2553 4097 2792 4155 Joannes
2829 4109 3008 4163 utens,
3042 4101 3244 4155 multos
3275 4103 3329 4155 in
3363 4119 3559 4161 manus

1980 4194 2211 4262 sumpsit
2240 4193 2473 4263 legitque
2498 4194 2712 4248 libellos
2739 4194 2808 4248 ab
2853 4193 2921 4250 iis
2949 4194 3281 4264 compositos
3311 4196 3407 4266 qui
3436 4212 3563 4266 per-

1979 4285 2302 4341 severabant
2335 4287 2388 4341 in
2422 4287 2756 4353 schismate;
2800 4302 3035 4356 quorum
3083 4295 3201 4341 erat
3234 4303 3434 4360 scopus
3470 4305 3558 4345 os-

1981 4379 2199 4434 tendere
2231 4389 2542 4449 suspectum
2575 4381 2679 4435 hoc
2714 4388 2884 4434 totum
2919 4380 3071 4449 pacis
3103 4381 3378 4451 negmium
3418 4397 3559 4449 esse,

1982 4473 2248 4541 longeque
2298 4488 2327 4526 a
2383 4473 2492 4527 Deo
2537 4487 2602 4526 ac
2649 4488 2777 4527 vera
2831 4472 3090 4544 religione
3121 4490 3218 4528 nos
3249 4474 3564 4543 abducens;

1985 4575 2242 4636 praeterea
2291 4564 2455 4620 italos
2506 4565 2786 4620 haeresenn
2843 4564 3014 4620 teneri
3069 4582 3212 4634 reos,
3263 4583 3565 4638 earumque

1985 4678 2089 4714 non
2124 4660 2463 4715 occultarum
2496 4668 2589 4713 aut
2623 4658 2733 4713 ullo
2775 4659 2936 4713 modo
2981 4659 3294 4725 dubiarum,
3325 4663 3418 4714 sed
3452 4661 3565 4714 evi-

1983 4756 2227 4808 dentium
2272 4762 2326 4807 et
2360 4753 2662 4807 meridiana
2715 4753 2962 4808 claritate
2997 4763 3419 4824 compertarum.
3454 4753 3562 4807 Ta-

1983 4847 2114 4901 lium
2150 4853 2484 4901 assertorum
2520 4845 2849 4902 documenta
2877 4862 2934 4900 se
2972 4847 3170 4902 habere
3218 4847 3427 4901 scilicet
3453 4846 3574 4901 αἰει-

1982 4940 2114 4993 bant
2170 4937 2460 4993 manifesta
2508 4939 2780 5008 planeque
2827 4939 3204 4993 convincentia
3258 4937 3572 4992 testimonia

1982 5032 2308 5102 scriptorum
2356 5031 2818 5096 authenticorum,
2850 5046 2971 5100 qua:
3010 5041 3065 5085 et
3107 5029 3397 5086 ambitiose
3430 5044 3563 5084 cun-

1983 5133 2226 5179 texentes
2257 5123 2620 5193 proferebant.
2655 5123 2732 5176 Ac
2766 5124 2810 5177 si
2844 5123 2988 5192 quod
3021 5130 3336 5177 sanctorum
3385 5137 3568 5176 assere

1987 5228 2097 5272 tum
2143 5217 2194 5271 in
2234 5218 2570 5272 contrarium
2623 5228 3007 5285 opponeretur,
3043 5217 3274 5285 primum
3324 5215 3575 5284 excipiec

1984 5312 2114 5366 bant
2160 5311 2538 5374 arbitrarium,
2573 5319 2630 5364 ut
2657 5311 2780 5379 quis
2821 5309 3041 5375 dixerit,
3073 5311 3124 5364 id
3169 5325 3313 5373 esse,
3352 5308 3454 5364 hoc
3483 5319 3572 5364 est

1985 5421 2085 5475 pro
2132 5405 2248 5460 sola
2293 5405 2575 5459 voluntate
2623 5404 2742 5474 paci
2789 5404 3121 5457 Studentinm
3151 5404 3216 5458 ad
3262 5403 3570 5462 concordiae

1987 5497 2183 5552 oblatae
2216 5497 2718 5566 comproliatIOnem
2750 5495 3178 5549 accommodari.
3216 5493 3416 5549 Deinde
3436 5510 3570 5548 cuna

1985 5592 2252 5646 cedebant
2312 5589 2616 5644 faciendam
2677 5604 2808 5642 sane
2861 5604 3081 5657 pacem,
3133 5591 3224 5644 sed
3276 5599 3405 5644 tunc
3449 5599 3568 5644 tau-

1988 5699 2121 5755 tum,
2169 5688 2387 5758 quando
2433 5704 2540 5741 non
2587 5686 2894 5756 exigeretur
2927 5702 3228 5742 consensus
3263 5687 3315 5740 in
3367 5687 3419 5740 id
3457 5699 3574 5756 quo

1992 5782 2156 5836 Deum
2201 5781 2398 5835 offendi
2445 5789 2762 5835 constaret:
2816 5795 2991 5851 neque
3034 5780 3180 5834 enim
3232 5780 3322 5833 Dei
3353 5779 3571 5849 jactura

1988 5875 2127 5930 bene
2189 5873 2641 5944 tranquillitatem
2696 5877 2840 5945 erui;
2894 5877 3170 5947 satiusque
3226 5875 3396 5930 multo
3443 5885 3573 5932 esse
