3964 6554
285 416 391 476 8ῒὸ

1215 411 1314 471 DE
1358 407 1753 471 MICHAELE
1797 404 2254 466 PALA'IOLOGO
2299 405 2443 465 LIB.
2493 408 2556 464 \'.

3423 396 3526 458 δτι

287 528 568 584 κοινωνεῖν
600 526 832 589 ἐκείνοις
862 524 972 579 τῶν
1005 523 1372 594 χαρισμάτων
1396 523 1487 577 τοῦ
1520 525 1856 593 Πνευματος·
1889 524 1936 581 Α
1963 537 2092 585 των,
2129 519 2202 591 μὴ
2231 520 2310 572 ὅτι
2336 535 2397 587 γε
2428 517 2535 570 τῶν
2569 516 2856 587 γνωρίμων
2887 515 3109 586 συχνοὺς
3141 515 3215 575 εἰ,
3247 513 3531 582 παράκλη-

281 624 310 676 ὂ
343 624 440 676 καὶ
471 623 582 682 τοῖς
609 625 736 690 περὶ
769 619 975 674 ἐκεῖνον
1000 619 1092 671 καὶ
1119 617 1325 682 λοιποῖς
1352 617 1532 680 ἄλλοις
1555 617 1655 670 οὐκ
1681 614 1857 670 οίστδν

277 710 375 785 ἦν.
413 715 515 767 Διὰ
548 711 710 765 τοῦτο
740 713 833 765 καὶ
857 710 1136 782 ὁσημέραι
1163 710 1600 782 προσφοιτῶντες
1627 707 1859 779 ἀνεθάρ-

279 810 442 876 ρυνον
480 804 646 857 πλέον
690 803 824 873 πρὸς
859 803 916 856 τὶ
938 802 1140 864 τελέως
1167 802 1474 872 σχίζεσθαι.
1506 799 1662 854 Τοῦτ’
1693 801 1860 852 ἀκου-

282 899 410 950 σθὲν
433 896 510 966 τῷ
541 893 856 964 κρατοῦντι,
894 895 921 947 ὁ
959 894 1015 946 δὲ
1048 893 1424 963 πληροφορίαν
1452 893 1552 963 τὴν
1593 895 1672 954 εἰς
1719 890 1862 943 ἐκεῖ·

279 1005 374 1039 νον
401 984 618 1054 ἐκείνην
647 983 828 1052 ἀφεὶς,
860 983 955 1036 καὶ
982 983 1042 1036 τὸ
1075 984 1168 1038 ἐπὶ
1197 982 1409 1046 πολλοῖς
1437 979 1860 1052 συγκεχωρηκὸς

281 1083 346 1132 ἐκ
398 1079 713 1148 προθέσεως
743 1078 803 1130 οὐ
836 1078 978 1132 πάνυ
1029 1077 1281 1146 μετρίας,
1326 1076 1401 1140 ὡς
1445 1077 1506 1128 οὐ
1540 1076 1721 1128 δίκαια
1753 1072 1860 1126 πά-

284 1189 432 1240 σχων
475 1172 887 1239 κατεμέμφετο,
916 1171 964 1222 εί
993 1169 1155 1232 αὐτὸς
1201 1167 1300 1238 μὲν
1332 1167 1616 1236 συνήδεται
1658 1167 1704 1221 οἱ
1740 1167 1860 1227 ταῖς

287 1264 667 1318 ἀναπαύσεσιν
703 1262 777 1320 ὡς
811 1261 958 1323 εἰκὸς
994 1258 1555 1330 προσαποδεχόμενος,
1588 1258 1790 1318 ἐκεῖνος
1813 1255 1859 1307 δ’

284 1354 518 1422 ἀνδράσι
577 1351 947 1420 προσφέρεται
1010 1349 1255 1418 εὐμενῶς
1315 1349 1409 1400 καὶ
1451 1347 1665 1408 οἰκείως
1717 1347 1858 1398 πάνυ

289 1447 425 1500 πολὺ
456 1445 517 1496 τὸ
544 1444 682 1512 πρὸς
712 1443 876 1495 αὐτὸν
906 1441 1182 1510 διεστηκὸς
1229 1441 1463 1510 ἔχουσιν,
1497 1439 1636 1491 ὥστε
1677 1439 1770 1489 καὶ
1801 1435 1860 1488 τὺ

288 1539 453 1608 σῶμα
475 1535 838 1603 κατετέμνειν
869 1534 964 1601 τῆς
1009 1532 1357 1600 Ἐκκλησίας.
1391 1531 1604 1601 Χρῆναι
1640 1529 1683 1581 δ’
1715 1527 1861 1580 ὲκεί-

287 1646 411 1689 νους
444 1625 614 1692 αὐτῷ,
656 1625 744 1676 καὶ
915 1624 1076 1677 αὐτὸν
1124 1624 1308 1690 σφίσιν
1358 1622 1604 1683 ἕπεσθαι,
1646 1620 1862 1690 ἐχθροῖς

288 1719 557 1788 ἀριδήλως
587 1715 706 1768 οὖσι
738 1717 832 1768 καὶ
858 1715 948 1766 ἐπὶ
974 1716 1085 1778 τοῖς
1119 1717 1397 1784 μεγίστοις
1427 1713 1858 1784 διαφερομένοις.

291 1807 631 1878 Προΰτεμπε
690 1805 868 1858 τοίνυν
916 1805 1041 1866 τοὺς
1099 1805 1437 1874 ἀπεροῦντας
1485 1803 1559 1874 μὴ
1612 1801 1862 1870 δέχεσθαι

287 1901 430 1966 σφᾶς
461 1935 478 1961 ,
502 1897 568 1967 ἢν
603 1897 754 1966 μέλοι
782 1899 827 1948 οε
862 1894 958 1948 τοῦ
993 1894 1114 1948 καθ’
1148 1895 1378 1964 ἡσυχίαν
1411 1895 1707 1964 καθῆσθαι.
1755 1895 1867 1949 Ἰω-

289 1991 399 2060 σὴφ
427 1990 472 2042 δ’
517 1987 874 2058 ἀπεκρίνατο,
911 1986 976 2055 ἢν
1021 1985 1184 2040 αὐτόν
1223 2003 1278 2038 τε
1333 1987 1668 2056 περιορίζειν
1719 1985 1864 2039 θέλοι

289 2081 386 2134 καὶ
435 2079 563 2141 τοὺς
621 2077 758 2146 ἀμφ’
815 2077 998 2140 αὐτὸν,
1061 2075 1333 2130 οὕτωκαὶ
1366 2075 1682 2144 ἀναγκαίως
1739 2077 1867 2140 τοὺς

290 2172 618 2241 προσιόντας
646 2170 727 2240 μὴ
752 2167 1026 2238 δέχεσθαι,
1061 2168 1327 2239 πρότερον
1352 2168 1396 2222 δ’
1426 2169 1488 2222 οὐ
1517 2168 1695 2231 καλῶς
1721 2168 1868 2238 ἔχειν

289 2262 744 2334 κατηγορεῖσθαι,
789 2262 856 2331 ἦν
902 2277 1054 2324 τινας
1104 2260 1430 2331 προσιόντες
1485 2263 1580 2315 καὶ
1625 2262 1864 2331 δέχοιτοο

289 2358 544 2427 ἀνάγκην
571 2357 682 2427 γὰρ
724 2349 864 2409 εἶναι
901 2355 1246 2426 προσφοιτᾷν
1275 2354 1426 2424 σφίσι
1454 2353 1548 2408 καὶ
1573 2353 1678 2407 τῶν
1703 2353 1871 2424 ἀγνώ-

290 2535 464 2607 gratia
490 2533 667 2588 sancti
720 2531 1003 2603 Spiritus;
1032 2529 1174 2600 quod
1200 2538 1253 2584 et
1293 2529 1362 2584 iis
1391 2529 1484 2599 qui
1518 2529 1664 2584 circa
1693 2529 1871 2599 ipsum

288 2639 448 2684 erant
477 2637 530 2682 et
575 2627 800 2696 reliquis
821 2625 944 2679 aliis
992 2623 1278 2678 videbatur
1301 2622 1659 2678 intolerabile.
1693 2621 1874 2688 Quare

289 2721 469 2792 ipsum
489 2718 731 2791 quotidie
746 2717 1007 2772 adeuntes
1029 2717 1193 2770 etiam
1213 2724 1376 2785 atque
1399 2715 1562 2770 etiam
1585 2724 1871 2786 urgebant,

293 2827 352 2871 ut
377 2817 536 2886 plane
579 2828 637 2870 se
679 2828 744 2868 ac
782 2811 959 2880 palam
994 2809 1341 2864 abscinderet
1368 2809 1434 2864 ab
1460 2810 1609 2865 omni
1638 2825 1872 2866 consue-

293 2907 483 2962 tudine
521 2915 725 2974 partem
757 2903 1094 2959 contrariam
1124 2901 1476 2960 sectantium.
1507 2900 1564 2957 ιιι
1596 2917 1724 2957 vero
1768 2903 1875 2959 sibi

292 3000 603 3054 nuntiatum
664 2997 964 3066 imperator
1030 2994 1254 3066 gravius
1300 2995 1514 3065 accepit
1547 3011 1712 3066 quam
1775 3012 1876 3067 pro

293 3103 489 3149 caetera
515 3105 612 3144 sua
657 3087 710 3142 in
754 3103 877 3141 eum
911 3088 1178 3141 hactenus
1212 3086 1591 3142 demonstrata
1637 3087 1875 3142 benevo-

1963 629 2067 666 σιν.
2107 613 2176 664 Ἢ
2216 609 2346 678 γοῦν
2377 608 2734 680 περιορίζειν,
2767 609 2815 660 εί
2847 606 3013 669 θέλοι,
3046 606 3077 676 ἢ
3108 605 3293 658 ἄνετον
3325 605 3532 672 ἀςέντα

1959 703 2353 756 ἀκαταιτίατον
2405 701 2480 771 μὴ
2544 699 2878 771 μέμφεσθαι.
2931 698 3115 753 Ταῦτα
3169 697 3269 768 μὲν
3333 695 3531 767 Ἰωσὴφ

1959 793 2314 864 ἁπεκρίνατο,
2346 791 2406 844 οὗ
2444 792 2522 862 τῷ
2557 790 2721 844 πλέον
2756 793 2838 854 είς
2868 789 3169 860 κακουχίαν
3200 790 3309 844 τῶν
3334 790 3534 857 παρόν-

1960 901 2068 938 των
2109 885 2337 949 ἐθέλειν,
2375 883 2510 938 sm
2542 883 2818 938 πιστεύων
2855 885 2920 954 τῇ
2955 882 3214 948 διαθέσει,
3251 883 3368 952 ἅμα
3409 900 3533 951 κιρ-

1963 979 2060 1040 vi;
2089 981 2203 1040 τοῖς
2232 976 2411 1045 λόγοις
2441 975 2657 1047 καὶτῆς
2685 975 2985 1047 βαρύτητος
3009 976 3106 1028 οὐκ
3136 975 3335 1044 ὀλίγον,
3363 977 3411 1026 εί
3433 979 3534 1042 τῆς

1961 1070 2129 1140 τιμῆς
2163 1071 2558 1142 ὲξοστρακίσας
2596 1073 2770 1124 ποιεῖν
2806 1069 2978 1122 ἐθέλει
3020 1070 3114 1121 καὶ
3156 1070 3253 1138 τῆς
3290 1069 3395 1123 ἀπὸ
3425 1068 3534 1120 τῶν

1959 1160 2260 1232 ἀνθρώπων
2315 1159 2712 1232 παρακλήσεως
2773 1161 2998 1232 ἔρημον.
3067 1161 3124 1213 Ὀ
3177 1162 3232 1216 δὲ
3283 1161 3577 1232 βασιλεῖς,

1961 1247 2073 1304 οἷον
2097 1253 2161 1305 ἐκ
2193 1252 2299 1304 τῶν
2347 1252 2520 1321 λόγων
2569 1251 2748 1305 λαϐὼν
2800 1253 2862 1304 τό
2915 1252 2964 1304 οἱ
3020 1255 3280 1316 συνοῖσον,
3317 1254 3408 1306 καὶ
3452 1254 3535 1306 ὅτι

1963 1344 2233 1413 κατῆρξεν
2262 1345 2290 1398 ὁ
2333 1343 2659 1408 πεισόμενος
2702 1344 2877 1411 λέγων
2926 1339 2985 1398 οὗ
3020 1344 3181 1406 αὐτος
3215 1343 3537 1415 βουλόμενος

1965 1437 2098 1499 ἴσως
2145 1438 2319 1488 ποιεῖν
2351 1437 2490 1490 κατὰ
2518 1437 2618 1506 τὴν
2647 1436 2779 1504 προς
2829 1438 2946 1488 ἐκεῖ
2978 1453 3037 1489 ον
3087 1436 3364 1489 δυσωπίαν
3400 1437 3536 1488 ὁ.πέ-

1967 1546 2148 1600 σχετο,
2181 1529 2564 1598 ἐὐπρόσωπον
2598 1522 2709 1581 οἷον
2759 1529 3008 1581 ἐντεῦθεν
3051 1528 3144 1580 τὶν
3178 1527 3540 1599 περιορισμὸν

1962 1619 2170 1671 ἐκείνου
2190 1618 2412 1688 θέμενος
2427 1617 2499 1681 ὡς
2518 1618 2724 1671 ἐκείνου
2754 1617 2983 1689 πρώτως
3007 1616 3356 1688 μνησθέντος,
3395 1618 3460 1668 πέ
3473 1635 3542 1687 μυ

1963 1711 2072 1781 ψας
2101 1711 2282 1778 ἐξάγει
2311 1728 2369 1763 τε
2404 1713 2501 1781 τῆς
2529 1709 2772 1780 Λαύρας,
2802 1711 2904 1762 κᾶν
2923 1711 2987 1779 τῇ
3017 1708 3167 1779 Χηλῇ
3191 1709 3472 1778 (φρούριον
3493 1707 3541 1762 δ’

1965 1803 2103 1874 αὕτη
2121 1804 2448 1874 ὲπινησίδιον
2474 1803 2606 1874 πρὸς
2622 1806 2732 1866 τοῖς
2747 1804 2813 1855 ἄκ
2823 1818 2933 1873 ροτς
2956 1802 3052 1870 τῆς
3071 1801 3326 1866 Εὐξείνου
3340 1800 3510 1854 θαλάσ
3523 1829 3540 1839 -

1969 1897 2089 1966 σης)
2123 1895 2449 1966 περιορίζει,
2477 1897 2691 1967 εὐχερεῖ
2729 1895 2826 1964 μὲν
2855 1893 3174 1965 ἐνεαρίζειν,
3207 1894 3456 1965 δυσχερεῖ
3483 1893 3542 1945 δὲ

1970 1989 2203 2059 πάμπαν
2259 1987 2654 2058 διαχειμάζειν,
2710 1987 2785 2051 ὼς
2819 1987 2960 2041 κατὰ
3005 1985 3160 2056 στόμ’
3194 1985 3543 2048 ἀπαντῶντος

1968 2081 2036 2148 τῇ
2067 2079 2215 2150 νήσῳ
2268 2078 2455 2148 βορέου
2514 2077 2609 2130 καὶ
2655 2077 2753 2147 τὴν
2810 2077 3036 2148 πικρίαν
3087 2077 3410 2140 ἐκπνέοντος
3443 2077 3584 2145 τῆς,

1968 2171 2332 2242 ψυχρότητος.
2370 2169 2533 2233 Τινὰς
2568 2169 2624 2223 δὲ
2661 2169 2752 2221 καὶ
2782 2168 2892 2221 τῶν
2929 2168 3197 2238 μοναχῶν,
3254 2168 3304 2221 οἳ
3343 2167 3406 2237 δὴ
3440 2168 3545 2219 κά-

1973 2264 2138 2335 κείνῳ
2170 2263 2543 2335 προσέκειντο,
2579 2259 2643 2333 [Ρ
2677 2259 2804 2332 28l]
2860 2260 3020 2313 ἄλλον
3054 2259 3151 2331 μὲν
3181 2256 3417 2327 ἀλλαχοῦ
3458 2255 3546 2322 ἐξ·

1973 2354 2146 2428 ορίζει
2188 2355 2284 2409 καὶ
2318 2355 2502 2427 νήσοις
2533 2356 2644 2416 τοῖς
2689 2353 2811 2405 κατ’
2842 2353 3066 2421 Αἰγαῖον
3097 2349 3423 2423 περιορίζει,
3454 2349 3546 2402 τὸν

1976 2536 2204 2592 tantiutn
2252 2537 2415 2591 etiam
2449 2540 2777 2608 ignotorum,
2806 2535 2979 2589 multo
3019 2546 3198 2588 autem
3239 2533 3409 2602 magis
3449 2532 3548 2588 ad-

1974 2634 2190 2686 mittere
2212 2631 2530 2686 notissimos
2555 2631 2656 2684 sibi
2681 2630 2811 2684 olim
2841 2639 2893 2682 et
2927 2627 3228 2682 familiares
3254 2627 3548 2696 plurimos.

1974 2726 2081 2778 Aut
2111 2725 2274 2795 igitur
2303 2724 2497 2778 exsilio
2525 2738 2613 2777 me
2649 2722 2840 2775 multet
2865 2722 3184 2790 imperator,
3226 2728 3321 2772 aut
3380 2720 3550 2772 libere

1975 2834 2063 2874 me
2084 2818 2187 2873 frui
2214 2822 2356 2872 sinat
2382 2819 2481 2872 hoc
2511 2817 2652 2887 quod
2679 2815 2919 2884 indulget
2948 2817 3058 2868 otio
3083 2827 3214 2880 ;nec
3236 2811 3547 2881 colloquiis,

1976 2911 2092 2967 sine
2117 2911 2315 2980 quibus
2351 2910 2460 2963 vita
2489 2911 2574 2963 hic
2611 2908 2829 2979 quidem
2869 2907 3047 2960 vitalis
3089 2921 3193 2958 non
3231 2904 3323 2969 sit,
3360 2904 3549 2958 crimi-

1977 3004 2061 3057 nis
2085 3019 2193 3074 quo
2210 3011 2395 3058 carent
2425 3009 2606 3054 notam
2655 3000 2933 3069 appingat.
2969 2997 3092 3053 llmc
3125 2997 3224 3051 fuit
3249 2996 3315 3051 ad
3350 2997 3550 3050 missos

1976 3097 2045 3148 ab
2074 3096 2419 3164 {imperatore
2466 3091 2641 3146 oratio
2668 3089 2932 3160 {Joseplti,
2989 3105 3096 3144 non
3140 3089 3286 3144 illius
3331 3087 3550 3158 quidem

294 3183 462 3238 lentia
487 3191 539 3236 et
583 3181 708 3246 (ide,
738 3181 964 3248 enlpans
994 3179 1050 3234 in
1081 3185 1146 3234 eo
1184 3179 1327 3248 quod
1365 3179 1529 3234 nimis
1553 3195 1614 3235 se
1660 3180 1868 3234 facilem

1977 3188 2099 3258 ejici
2132 3186 2383 3251 volentis,
2419 3193 2512 3240 aut
2542 3200 2572 3238 a
2610 3183 2908 3239 suburbani
2941 3198 3210 3248 secessus,
3235 3196 3342 3251 quo
3372 3181 3552 3236 liben-

295 3275 558 3344 praeberet
579 3271 775 3328 studiis
801 3271 1148 3325 factiosorum
1176 3288 1191 3336 ;
1224 3272 1279 3325 in
1307 3285 1418 3340 quo
1444 3273 1563 3340 ejus
1585 3286 1708 3326 cum
1735 3287 1866 3342 pru-

295 3365 532 3421 dentiam
577 3362 1047 3432 eonstan'iamque
1086 3363 1417 3432 requirebat,
1466 3371 1579 3416 tum
1613 3376 1870 3434 prmterea

294 3461 625 3531 querebatur
655 3459 856 3528 injuste
879 3459 948 3512 ab
969 3473 1032 3513 eo
1054 3474 1239 3513 secum
1268 3459 1376 3528 agi,
1403 3459 1496 3528 qui
1520 3458 1571 3513 ei
1599 3469 1705 3512 tam
1740 3459 1874 3512 libe-

297 3569 415 3608 ram
449 3553 933 3622 tranquillamque,
965 3553 1108 3622 quod
1139 3568 1201 3606 ea
1235 3552 1414 3622 ipsum
1445 3553 1678 3622 gaudere
1724 3553 1873 3607 arbi-

297 3655 556 3709 traretur,
578 3646 816 3716 quietem
837 3661 898 3700 ac
922 3645 1300 3701 securritatem
1324 3647 1476 3700 daret
1505 3665 1516 3700 :
1541 3647 1658 3715 ipse
1687 3656 1870 3701 autem

297 3753 406 3792 non
437 3737 714 3792 dubitaret
745 3752 844 3793 nec
880 3749 1118 3793 cessaret
1149 3737 1204 3790 in
1235 3737 1481 3791 intimam
1509 3739 1674 3793 etia-n
1707 3738 1872 3792 fami—

297 3829 586 3885 liaritatem
629 3829 915 3885 admittere
961 3831 1232 3895 homines,
1278 3846 1307 3885 a
1333 3831 1532 3902 quibus
1564 3831 1721 3903 longe
1764 3831 1871 3886 alia

297 3920 660 3976 sentientibus
692 3932 745 3974 et
784 3921 838 3976 in
880 3922 1207 3978 contrariam
1255 3932 1370 3977 toto
1407 3922 1529 3977 nisu
1576 3923 1870 3978 factionem

297 4012 741 4069 incumbentibus
796 4031 995 4086 corpus
1042 4015 1298 4071 Ecclesiae
1355 4017 1703 4083 laceraretur,
1743 4032 1868 4071 cum

298 4106 480 4176 potius
519 4108 862 4177 Oportuisseti
898 4108 1078 4178 ipsum
1128 4124 1225 4178 pro
1264 4110 1587 4163 auctoritate
1615 4125 1712 4164 sua
1741 4109 1872 4166 dare

297 4213 519 4268 Operam
560 4207 618 4251 ut
662 4198 739 4252 illi
789 4213 908 4252 sese
955 4197 1058 4267 ipsi
1093 4197 1574 4253 accommodarent
1617 4201 1871 4268 acquies-

297 4291 470 4345 eendo
492 4289 706 4359 publice
744 4289 976 4344 decretis
1030 4299 1083 4344 et
1123 4290 1413 4360 tranquille
1455 4289 1706 4354 vivendo,
1763 4277 1869 4348 non

297 4390 479 4434 autem
504 4380 842 4435 committere
865 4389 922 4434 ut
943 4381 1193 4450 exemplo
1214 4395 1406 4436 eorum
1427 4381 1870 4452 turbulentisque

299 4475 547 4529 consiliis
563 4473 736 4542 abripi
756 4473 936 4544 ipsum
958 4482 1012 4528 et
1032 4483 1208 4543 partes
1220 4472 1386 4545 418
1410 4475 1584 4543 palam
1603 4474 1758 4544 sequi
1775 4475 1871 4529 ho-

1975 3292 2056 3336 ter
2083 3279 2360 3342 utebatur,
2383 3278 2565 3347 quiete
2604 3277 2809 3337 divelli,
2845 3276 2939 3329 sed
2975 3288 3303 3345 magnopere
3331 3274 3552 3329 fidentis

1971 3371 2101 3426 olim
2171 3371 2223 3423 in
2273 3384 2330 3424 se
2378 3377 2666 3437 prospecto
2711 3367 2905 3421 all’ectu
2958 3367 3337 3434 imperatoris;
3388 3381 3551 3436 quem

1973 3477 2250 3532 nunquam
2279 3477 2343 3516 eo
2377 3471 2665 3516 venturum
2715 3475 2944 3529 sperans
2982 3467 3167 3512 ultam
3193 3459 3419 3513 charum
3447 3458 3552 3513 sibi

1971 3565 2132 3624 caput
2155 3554 2447 3608 amandare
2473 3554 2788 3614 sustineret.
2813 3554 2880 3607 de
2903 3552 3175 3609 industria
3209 3553 3261 3606 in
3288 3567 3350 3607 ea
3386 3566 3550 3620 quam

1971 3647 2308 3705 fecitexsilii
2359 3647 2636 3702 mentione
2683 3645 2864 3700 verbis
2916 3653 2999 3699 est
3046 3659 3180 3700 usus
3232 3644 3554 3698 acerbitatis

1971 3758 2079 3798 non
2107 3757 2296 3812 parum
2327 3754 2464 3796 sono
2504 3740 2624 3809 ipso
2651 3737 3086 3808 praeferentibus,
3122 3753 3246 3792 eum
3274 3737 3352 3792 sic
3386 3752 3554 3808 exag-

1971 3850 2167 3906 gerans
2199 3835 2442 3888 diceret:
2479 3830 2814 3886 Esterminet
2845 3843 2980 3884 sane
3004 3843 3126 3894 nos,
3152 3836 3442 3897 postquam
3465 3831 3555 3879 bo-

1971 3944 2103 3983 nore
2145 3926 2378 3996 dejecit;
2423 3924 2538 3978 etsi
2571 3923 2717 3978 omni
2773 3923 3018 3976 humano
3063 3920 3304 3990 privatos
3353 3921 3552 3974 solatio

1973 4022 2108 4087 vult,
2141 4020 2194 4074 in
2235 4018 2406 4074 feram
2441 4017 2676 4086 aliquam
2694 4015 2873 4085 ejiciat
2902 4013 3276 4078 solitudinem,
3313 4014 3404 4068 tali
3441 4014 3552 4068 sci-

1973 4113 2100 4166 licet
2142 4107 2668 4165 commemoratione
2707 4105 2988 4161 conlidens
3034 4112 3441 4160 commoturum
3495 4121 3556 4160 se

1971 4204 2207 4274 aliquazn
2245 4202 2298 4256 in
2343 4202 2524 4256 animo
2561 4199 2821 4269 principis
2860 4198 2964 4254 sibi
3003 4197 3398 4254 devinctissimi
3459 4207 3556 4253 aut

1972 4295 2400 4352 misericordiam
2429 4302 2522 4347 aut
2543 4293 2930 4348 verecundiam
2959 4297 3066 4347 sul.
3117 4291 3188 4346 At
3223 4291 3382 4364 longe
3431 4292 3554 4362 opi-

1969 4390 2136 4444 nione
2179 4387 2349 4442 falsus
2393 4394 2477 4442 est
2527 4401 2661 4452 sua;
2694 4386 2894 4457 quippe
2927 4385 3243 4454 imperator,
3289 4385 3448 4455 cujus
3499 4385 3554 4438 in

1973 4481 2159 4533 animo
2188 4489 2340 4534 tener
2367 4479 2456 4533 ille
2485 4487 2642 4534 vetus
2669 4493 2735 4533 ac
2771 4478 2951 4532 lilialis
2978 4481 3031 4532 in
3075 4475 3370 4547 Joseplium
3399 4493 3556 4533 amor

300 4579 328 4619 s
355 4564 467 4617 imn
504 4563 936 4626 manifestorum,
967 4563 1023 4616 in
1049 4562 1211 4617 rebus
1256 4563 1508 4619 maximis
1535 4565 1605 4618 ab
1632 4565 1878 4619 Ecclesia
1913 4558 1951 4612 Β
1987 4570 2271 4624 refrixerat
2308 4584 2415 4624 non
2445 4583 2661 4636 parum,
2707 4569 2807 4622 hoc
2834 4568 2982 4621 illius
3007 4581 3268 4638 reSponso
3294 4567 3557 4637 plausibi-

304 4672 469 4726 rcqne
491 4656 705 4724 publica
739 4655 1172 4710 irrevocabiliter
1192 4655 1602 4720 dissidentium,
1642 4673 1870 4726 appare-

303 4756 407 4801 ret.
445 4746 592 4801 Misit
624 4762 752 4816 ergo
785 4747 852 4801 ad
883 4745 1178 4816 Josephum
1235 4746 1537 4818 imperator
1557 4758 1736 4802 certos
1779 4749 1873 4802 lio-

301 4839 500 4902 mines,
527 4838 621 4908 qui
656 4854 756 4892 suo
784 4839 1004 4893 nomine
1035 4847 1281 4893 vetarent
1308 4856 1374 4895 ne
1399 4839 1590 4894 talium
1621 4841 1876 4910 deinceps

303 4928 581 4983 hominum
620 4929 929 4982 convictum
972 4942 1435 4999 congressumque
1469 4929 1802 4996 admitteret,
1828 4931 1873 4985 si

299 5021 527 5092 quietis,
575 5036 680 5089 qua
711 5019 988 5090 gauderet,
1041 5029 1244 5076 certam
1283 5022 1384 5076 sibi
1421 5023 1584 5077 vellet
1622 5031 1876 5078 constare

301 5114 728 5184 possessionem.
765 5112 1063 5181 Respondit
1094 5111 1364 5183 Iosephus
1396 5129 1559 5167 unam
1596 5116 1673 5170 rei
1705 5130 1870 5185 quam

296 5207 515 5277 jnberet
544 5204 899 5273 exsequenda:
933 5204 1202 5260 rationem
1231 5221 1374 5272 esse,
1409 5206 1454 5260 si
1485 5221 1544 5260 se
1569 5222 1631 5262 ac
1664 5223 1760 5262 eos
1781 5207 1875 5276 qui

301 5311 486 5352 secum
509 5303 690 5350 essent
719 5295 772 5348 in
794 5295 1045 5348 exsilium
1064 5297 1382 5352 amandaret
1403 5298 1702 5368 imperator
1737 5317 1750 5352 :
1786 5315 1876 5353 re-

300 5387 493 5456 |.-gatis
513 5385 656 5440 enim
698 5386 1010 5440 facultatem
1047 5385 1232 5442 defore
1275 5388 1411 5444 istos
1448 5405 1680 5458 quorum
1729 5389 1880 5444 fami-

300 5483 539 5539 liaritate
563 5479 980 5532 interdiceretur
1007 5479 1339 5548 alloquendi.
1376 5481 1624 5548 Quandiu
1659 5499 1788 5538 vero
1809 5499 1875 5540 eo

301 5575 422 5628 loco
455 5572 695 5640 degeret,
741 5569 885 5623 haud
911 5585 968 5624 se
1005 5570 1129 5639 jure
1167 5574 1375 5644 culpari
1419 5577 1565 5645 quod
1613 5577 1876 5632 adeuntes

299 5666 366 5719 ad
407 5679 466 5717 se
495 5663 708 5730 aliquos
746 5673 853 5712 non
893 5660 1249 5718 excluderet:
1304 5680 1428 5720 nam
1483 5666 1587 5722 nisi
1635 5669 1875 5722 humano

300 5755 497 5810 solatio
517 5765 704 5806 carere
734 5752 880 5804 omni
913 5751 963 5804 in
1014 5753 1122 5808 isto
1156 5770 1375 5812 secessu
1427 5761 1608 5824 vellet,
1651 5774 1876 5815 necesse

301 5849 403 5904 sibi
443 5863 563 5902 csse
602 5843 782 5898 olticia
822 5859 928 5898 non
977 5851 1255 5916 aspernari
1297 5853 1438 5907 ultro
1481 5852 1545 5906 ad
1593 5868 1650 5907 se
1703 5843 1878 5906 venti-

645 5943 758 6002 i‘n
774 5955 914 6002 nec.
953 5946 1066 6004 Gn.
1104 5946 1336 6008 CXLIII

1977 4665 2081 4715 lem
2113 4677 2209 4716 nec
2236 4661 2337 4716 sibi
2371 4660 2740 4732 negligendam
2766 4659 2949 4713 offerri
2977 4659 3387 4713 excusationem
3411 4657 3556 4726 apud

1975 4755 2169 4825 vulgus
2192 4753 2420 4808 credidit
2448 4752 2730 4806 sententia;
2761 4751 3023 4810 durioris.
3057 4766 3309 4819 magnam
3341 4749 3558 4803 invidiae

1980 4858 2185 4916 partem
2221 4847 2520 4901 detractum
2555 4844 2618 4898 iri
2661 4853 2806 4898 recte
2842 4853 2992 4898 ratus
3027 4843 3248 4897 decreto
3294 4843 3346 4895 in
3388 4841 3561 4896 lose-

1978 4939 2143 5007 phum
2183 4937 2401 4999 exsilio,
2434 4935 2504 5000 si,
2544 4934 2689 5005 quod
2721 4935 2850 5003 egit,
2878 4934 3122 4990 studiose
3161 4933 3460 5004 divulgaret
3499 4931 3554 4985 id

1981 5029 2122 5085 ultro
2156 5029 2257 5083 sibi
2287 5028 2617 5084 conscivisse
2658 5027 3080 5098 poposcisseque
3129 5025 3337 5094 ipsum;
3387 5039 3446 5079 se
3495 5024 3552 5078 in

1980 5137 2045 5177 eo
2080 5131 2290 5174 tantum
2331 5119 2592 5175 voluntati
2637 5119 2756 5188 ejus
2815 5119 3020 5188 apertis
3066 5118 3250 5172 verbis
3300 5116 3554 5172 indicata:

1977 5213 2143 5286 519
2157 5214 2436 5269 annuisse.
2458 5211 2600 5283 Ergo
2618 5213 2767 5266 illum
2781 5211 2962 5266 educit
2981 5210 3177 5276 Laura,
3207 5220 3259 5265 et
3279 5210 3554 5280 deportari

1980 5307 2390 5363 curathelam.
2411 5305 2520 5360 Arx
2533 5308 2696 5361 ea'est
2721 5304 2981 5360 insularis
3003 5305 3056 5358 ln
3076 5314 3320 5359 extremo
3341 5302 3558 5357 Euxino

1981 5400 2161 5466 mari,
2233 5398 2495 5453 habitatio
2538 5397 2780 5468 jucunda
2835 5413 3002 5453 verno
3063 5407 3340 5467 tempore,
3379 5397 3560 5452 hieme

1985 5509 2178 5564 aspera
2197 5509 2296 5548 nec
2317 5493 2428 5546 fere
2442 5492 2762 5557 tolerabilis,
2783 5492 2985 5562 quippe
3016 5491 3163 5545 illam
3188 5489 3558 5560 Septentrioni

1984 5583 2268 5638 obversam
2299 5583 2535 5638 insulam
2578 5596 2721 5638 saevo
2749 5583 2878 5639 totis
2920 5582 3168 5638 faucibus
3229 5583 3398 5637 Borea
3432 5597 3558 5652 per-

1983 5670 2148 5725 flante
2193 5679 2249 5725 et
2283 5670 2454 5741 frigus
2493 5671 2770 5726 inhalante
2816 5671 3226 5743 rigidissimum.
3277 5672 3556 5739 Quosdam

1984 5778 2113 5818 vero
2143 5766 2558 5830 monachorum,
2598 5765 2692 5835 qui
2723 5765 2771 5821 ei
2815 5766 3183 5833 adhserebant,
3242 5765 3410 5820 alium
3449 5767 3560 5821 alio

1983 5857 2292 5912 exsulatum
2324 5855 2492 5922 misit,
2522 5858 2668 5912 varie
2714 5857 2765 5911 in
2796 5855 2962 5928 Εειοὶ
3017 5859 3266 5926 relegans
3324 5857 3554 5917 insulas.

3158 5951 3237 6012 28
