3964 6556
287 409 396 473 8ἹἿ

1238 363 1368 462 ΔΒΕ
1401 401 1793 462 ιιιοι-ιΑΕιΕ
1827 400 2290 461 PALEOLOGO
2329 402 2474 462 LIB.
2518 405 2581 464 ιν.

3429 404 3494 465 87
3505 404 3532 461 ὀ

281 522 379 588 τῆς
407 517 698 586 σφετέρας,
733 514 828 567 καὶ
872 512 936 584 δὴ
974 514 1048 581 τῷ
1102 512 1363 584 Θρᾳκικῴ
1408 511 1860 583 προσοκείλαντες
1889 516 1932 571 Α
1962 513 2059 583 λῆς
2110 513 2497 583 κατεῳαίνοντο
2529 514 2654 585 ὅρη,
2683 516 2778 570 καὶ
2822 510 2890 586 ἦν
2947 514 3046 584 μὲν
3080 515 3262 577 αὐτοῖς
3315 517 3440 569 ποτὲ
3477 517 3532 570 ιβ

283 610 544 680 Βοσπόρῳ
574 607 818 660 διέπλεον
841 606 907 658 τὰ
933 605 1092 658 στειά
1122 603 1216 657 τοῦ
1238 604 1460 669 Πόντου,
1484 605 1856 674 ἀφροντίστως

284 703 498 772 ἔχοντες
539 701 634 753 καὶ
663 698 928 770 βασιλέως
958 699 1051 750 καὶ
1085 697 1178 750 τοῦ
1209 698 1350 750 κατά
1379 699 1514 765 σφᾶς
1558 695 1820 766 συνήθους
1842 711 1854 724 °

287 795 422 866 μηδέ
453 795 562 864 γὰρ
614 787 754 845 εἶναι
809 791 901 843 τὸν
961 790 1324 860 προσίσχοντα
1358 791 1470 852 τοῖς
1522 789 1769 844 ἐνταυθοῖ
1799 790 1862 840 ἐκ

282 887 537 952 Γενοὺας,
578 883 709 956 πρὶν
751 884 816 937 ἂν
862 883 999 952 πρὸς
1042 885 1161 945 ταῖς
1205 882 1539 952 Βλαχέρναις
1569 881 1862 952 γενόμενον

284 979 514 1052 βασιλέα
545 995 603 1030 τε
635 978 904 1046 εὐφημεῖν
934 975 1004 1029 τὰ
1025 975 1212 1028 εἰκότα
1239 977 1335 1028 καὶ
1364 977 1716 1044 προσκυνεῖν,
1746 974 1863 1026 ἐτέο

286 1072 416 1142 ρωθι
448 1069 769 1140 τρέπεσθαι.
807 1067 941 1121 Τότε
971 1067 1152 1121 τοίνυν
1177 1069 1378 1121 ἐκεῖνοι
1406 1067 1500 1120 καὶ
1529 1067 1708 1122 αὐτῶν
1738 1084 1866 1122 συν⁶

283 1164 482 1218 θεσιῶν
505 1163 613 1215 τῶν
647 1162 787 1215 κατά
835 1162 976 1230 σφᾶς
1006 1160 1407 1230 ἀμελήσαντες,
1439 1160 1608 1231 οὐρίῳ
1653 1161 1863 1232 χρησά-

284 1275 438 1326 μενοι
469 1255 544 1326 τῷ
577 1257 641 1308 ἐκ
673 1255 825 1307 νότου
859 1251 1133 1323 πνεύματι
1157 1253 1424 1324 ἀνήγοντο
1464 1253 1861 1322 ἀφροντίστως,

281 1351 376 1404 καὶ
408 1350 468 1402 τὸ
515 1349 693 1417 στόμα
727 1346 1047 1410 διεκϐάντες
1073 1345 1166 1399 τοῦ
1217 1346 1420 1399 Πόντου
1453 1346 1592 1416 πρὸς
1626 1349 1739 1408 τοῖς
1766 1345 1866 1416 βα-

287 1444 450 1507 ρείοις
484 1443 584 1510 τῆς
615 1441 891 1511 θαλάσσης
911 1439 1130 1509 λιμέσιν
1159 1437 1446 1509 ἐνώρμων.
1475 1439 1736 1493 Κάκεῖνοι
1766 1439 1866 1508 μὲν

291 1536 350 1588 τὰ
379 1534 551 1586 πολλὰ
575 1533 668 1586 ἐπὶ
686 1532 879 1603 χρόνον
909 1530 1324 1602 πειρατεύοντες
1346 1531 1634 1587 διετέλουν.
1663 1532 1866 1584 ’Ὕστε-

287 1643 383 1698 ρον
411 1627 528 1692 ἐκαὶ
563 1623 1029 1696 φορταγωγοῦσαν
1060 1623 1382 1693 ληϊσάμενοι
1415 1622 1570 1690 ναῦν,
1607 1623 1706 1678 οὐκ
1753 1622 1867 1675 ὀλίο

281 1741 380 1792 γον
435 1722 598 1792 μέρος
643 1719 737 1773 τοῦ
770 1720 970 1788 φόρτου
1005 1720 1100 1773 καὶ
1146 1719 1487 1790 στυπτηρίαν
1515 1719 1770 1788 ἔχουσαν,
1808 1720 1866 1771 ἐν

278 1815 456 1885 ταύτῃ
489 1815 556 1866 τὰ
597 1813 774 1866 πάντα
826 1812 1162 1881 νηησάμενοι
1209 1813 1332 1865 κατ’
1385 1812 1687 1881 ἀσφάλειαν
1727 1810 1864 1881 θαρ-

281 1907 507 1977 ῥοῦντες
541 1906 859 1960 κατέπλεον.
894 1904 1157 1968 Βασιλεὺς
1187 1904 1244 1956 δὲ
1277 1903 1585 1973 πυθόμενος
1613 1901 1714 1974 τὴν
1746 1902 1864 1956 διά-

282 1999 443 2052 ϐασιν
496 2000 553 2050 ἐν
583 1997 744 2066 δεινῷ
773 1997 873 2067 τήν
920 1997 1328 2066 καταφρόνησιν
1359 1996 1621 2062 ἐποιεῖτο,
1645 1995 1740 2048 καὶ
1769 1993 1865 2047 ἐπὶ

280 2092 561 2160 λογισμῶν
632 2089 865 2161 ἔστρεφε
937 2089 1053 2152 πῶς
1130 2090 1197 2143 ἂν
1262 2089 1542 2157 ἐγγένοιτο
1597 2090 1655 2141 ἐν
1707 2087 1866 2158 χερσὶ

281 2185 411 2244 τοὺς
441 2183 966 2253 καταφρονήσαντας
990 2183 1293 2250 περισχεῖν.
1334 2179 1478 2234 Ἀλλ’
1500 2179 1611 2232 οὐδ’
1637 2180 1867 2242 ἐκείνοις

284 2273 524 2341 ἠγνόητο
555 2273 616 2324 τὸ
647 2271 912 2342 παράπαν
940 2271 972 2338 ἠ
1013 2267 1107 2322 τοῦ
1138 2268 1399 2339 βασιλέως
1423 2265 1662 2338 θέλησις.
1703 2268 1868 2337 Ἀμέ-

285 2368 366 2420 λει
397 2384 480 2419 τοι
511 2366 603 2418 καὶ
632 2364 720 2418 διὰ
747 2362 1030 2433 φροντίδος
1060 2360 1342 2415 ἐποιοῦντο
1375 2361 1474 2432 τῆς
1508 2361 1569 2413 οὐ
1599 2360 1871 2432 τυχούσης

283 2462 374 2512 τὸν
409 2459 578 2511 πλοῦν
611 2456 865 2525 asceam
912 2453 1064 2524 σφίσι
1115 2454 1210 2506 καὶ
1241 2454 1439 2517 αὐτοὺς
1467 2453 1748 2524 διαδρᾶναι
1781 2454 1872 2508 τὸν

289 2552 560 2614 κίνδυνον,
601 2548 660 2603 ὃν
696 2546 1061 2601 ἐπυνθάνοντο
1090 2545 1438 2616 ἐπηρτῆσθαι
1476 2545 1690 2610 τούτοις
1722 2546 1874 2615 παρᾶ

289 2641 588 2712 βασιλέως,
637 2639 727 2702 Ὠς
773 2637 906 2707 γοῦν
941 2637 1156 2691 ἐκεῖθεν
1192 2637 1418 2690 πλέουσι
1449 2636 1518 2690 τὰ
1547 2637 1646 2707 τῆς
1679 2638 1875 2691 ἀνατο-

291 2827 373 2881 vel
406 2824 646 2894 antiquae
677 2820 1090 2877 consuetudinis
1123 2820 1391 2891 ipsorum,
1421 2834 1527 2888 qua
1562 2819 1710 2875 soliti
1741 2833 1879 2876 eate-

289 2936 392 2972 nas
423 2921 656 2979 Inerant,
693 2914 784 2968 ubi
819 2914 1055 2984 primum
1091 2912 1482 2981 comparebant
1507 2912 1563 2965 in
1599 2911 1684 2966 his
1702 2912 1878 2982 parti-

290 3011 418 3069 bus,
454 3007 604 3062 adire
635 3016 781 3060 recta
812 3003 1074 3074 palatium
1105 3002 1550 3068 Blachernarum,
1588 3018 1690 3058 nec
1719 3003 1881 3072 quid-

292 3117 456 3172 quam
479 3109 637 3155 antea
669 3112 851 3153 rerum
886 3111 1074 3167 gerere
1107 3106 1203 3150 aut
1250 3111 1531 3167 quoquam
1581 3097 1877 3164 divertere,

1959 606 2164 677 οὖρίων.
2183 607 2390 673 πλέειν,
2423 607 2553 661 ποτέ
2580 608 2635 661 δὲ
2665 609 2759 662 καὶ
2786 607 3036 678 λεχρίους
3075 608 3209 679 πρὶς
3243 609 3335 662 τὸν
3365 610 3536 680 ἐμπί-

1962 717 2170 753 πτοντα
2201 697 2424 770 ἄνεμον,
2459 700 2606 764 ὅπως
2635 700 2700 754 ἂν
2734 703 2883 769 σφίσι
2929 702 3085 772 ῥέποι
3112 702 3172 755 τὸ
3208 702 3444 771 πνεῦμα,
3476 705 3533 756 ὲν

1961 791 2141 856 ἄλλοις
2171 793 2272 862 μὲν
2305 790 2580 862 αὔταρκες
2611 788 2678 863 ἦν
2703 792 2764 846 τὸ
2802 792 3045 847 τοιοῦτον
3081 795 3173 848 καὶ
3206 795 3359 864 σφίσι
3394 796 3532 846 ἀπο-

1964 885 2220 956 χρώντως
2254 880 2368 957 εἶχε
2423 889 2558 957 πρὸς
2609 885 2891 951 εὔπλοιαν,
2945 891 3012 959 τῇ
3048 889 3210 960 Φάρῳ
3242 889 3298 942 δὲ
3342 888 3536 958 προσί-

1966 995 2182 1049 σχουσιν
2207 976 2266 1030 ἓν
2299 976 2392 1030 καὶ
2415 977 2577 1048 μόνον
2609 977 2966 1047 ἐδοκιμάζετο
2997 978 3212 1050 πνεῦμα
3236 977 3540 1048 χρησιμεῦ-

1966 1088 2058 1124 σον
2092 1069 2151 1124 τὸ
2180 1067 2270 1122 τοῦ
2310 1068 2504 1139 βορρᾶ,
2552 1067 2617 1141 [P
2647 1068 2776 1135 286]
2806 1068 2946 1138 πλὴν
2985 1069 3085 1123 οὐκ
3126 1070 3414 1140 ἀνειμένον
3444 1071 3542 1122 καὶ

1966 1161 2550 1233 κατερρᾳθυμημένως
2575 1160 2671 1214 ἆον
2711 1161 2787 1225 ὡς
2815 1163 2909 1215 καὶ
2953 1163 3034 1225 εἰς
3079 1162 3341 1232 νηνεμίαν
3369 1163 3544 1232 ἀμφι-

1967 1249 2258 1304 ὂάλλεσοαι
2289 1249 2350 1303 τὸ
2380 1248 2473 1304 τοῦ
2501 1251 2662 1321 ἀέρος
2695 1253 3029 1324 κατάστημα
3055 1252 3118 1304 ἐκ
3144 1251 3238 1306 τοῦ
3269 1254 3336 1306 τὰ
3371 1251 3542 1322 λαίφη

1966 1343 2062 1396 καὶ
2085 1343 2246 1413 μόνον
2275 1342 2519 1414 ψαίρειν,
2547 1342 2659 1396 ἀλλ’
2684 1343 2743 1398 ὃν
2771 1343 2880 1415 ἄρα
2911 1346 3005 1401 καὶ
3038 1345 3315 1417 Ταναῖτην
3344 1345 3545 1416 ὀνομά-

1969 1436 2081 1490 σειέ
2118 1421 2340 1499 τιςετῶν
2372 1437 2676 1492 ναυτικῶν⁴
2706 1438 3021 1511 τούτῳ,γάρ
3065 1440 3162 1497 καὶ
3209 1440 3358 1510 μόνῳ
3400 1434 3546 1509 εἶχον

1971 1526 2367 1599 ἰσχυρίζεσθαι,
2395 1527 2773 1596 ἀπηλπικότες
2796 1529 2905 1583 τῶν
2931 1529 3132 1596 ἄλλων,
3157 1529 3294 1601 πρὸς
3317 1530 3406 1584 τὸν
3440 1530 3550 1583 ἀπὸ
3595 1525 3605 1534 ’

1965 1621 2061 1675 τοῦ
2086 1621 2355 1693 βασιλέως
2377 1622 2532 1692 λόχον
2569 1626 2686 1686 ταῖς
2711 1623 2961 1692 πορείαις
2990 1623 3172 1688 αὐτῶν
3199 1625 3545 1692 ἐφιζάνοντα.

1967 1715 2077 1768 Καί
2109 1714 2160 1784 γ’
2202 1715 2288 1784 ἐφ’
2333 1716 2568 1786 ἡμέραις
2619 1716 2994 1786 προσδοκῶσιν
3050 1716 3310 1784 ἀσμένοις
3365 1719 3553 1786 σφίσιν

1970 1808 2173 1876 ἐπέστη
2204 1809 2298 1861 καὶ
2329 1807 2583 1879 λαμπρὸς
2615 1810 2791 1874 ἔπνει,
2815 1810 2909 1862 καὶ
2939 1809 2998 1875 ἐξ
3021 1809 3221 1880 οὺρῖων
3244 1809 3305 1863 τὸ
3332 1810 3550 1878 πνεῦμα

1974 1900 2160 1954 ἵστατο
2194 1904 2259 1972 τῇ
2286 1904 2398 1970 νηΐ.
2431 1896 2501 1972 ᾮ
2530 1902 2595 1972 δὴ
2622 1901 3003 1974 θαρρήσαντες
3034 1901 3132 1967 τάς
3156 1903 3361 1974 τόλμας
3391 1903 3555 1976 ἐθάρ-

1973 1995 2132 2064 ρυνον
2161 1993 2258 2058 τὰς
2291 1994 2447 2059 ἰδίας,
2490 1995 2588 2048 καὶ
2618 1994 2744 2059 τοὺς
2788 1995 3091 2064 φὼσσωνας
3123 1995 3319 2048 αὐτίκα
3362 1996 3558 2050 διαπε-

1969 2087 2237 2147 τάσαντες
2259 2084 2414 2147 ὅλους
2449 2085 2590 2139 κατά
2621 2086 2748 2156 ῥοῦν
2775 2087 3051 2156 ἐφέροντο,
3081 2088 3294 2140 πίσυνοι
3325 2086 3424 2156 μὲν
3457 2089 3552 2142 καὶ

1972 2181 2039 2250 τῇ
2069 2179 2164 2232 τοῦ
2198 2179 2509 2249 πνεύματος
2561 2179 2903 2249 σφοδρότητι,
2942 2181 3004 2234 οὐ
3040 2181 3149 2250 μὴν
3193 2180 3250 2234 δὲ
3286 2180 3422 2235 ἀλλᾶ
3458 2184 3553 2236 καὶ

1972 2271 2041 2326 τὰ
2073 2270 2286 2342 πλευρὰ
2308 2273 2408 2341 τῆς
2440 2271 2567 2339 νηὸς
2599 2271 2746 2340 ﬁdat;
2775 2269 2934 2335 αῧαις
2957 2272 3219 2342 ἐξήρτυον
3253 2274 3342 2326 καὶ
3369 2274 3553 2336 ὅπλοις

1976 2362 2459 2434 κατεκοσμοῦντο,
2513 2363 2588 2426 ὼς
2641 2364 3009 2435 ἀποχρώντως
3065 2363 3395 2437 ἀνθεξούσης
3453 2369 3557 2436 μὲν

1977 2457 2111 2529 πρὸς
2145 2456 2252 2525 πῦρ
2285 2458 2378 2509 και
2406 2458 2514 2509 πᾶν
2543 2456 2600 2509 τι
2631 2456 2964 2526 βαλλόμενον
3000 2458 3098 2527 τῆς
3319 2459 3561 2530 πολεμη-

1979 2550 2182 2602 σόντων
2209 2549 2264 2603 δὲ
2290 2549 2385 2602 καὶ
2410 2549 2610 2614 αὐτῶν,
2634 2549 2685 2602 εἴ
2705 2567 2848 2612 τινες
2873 2551 2935 2601 ἐκ
2969 2548 3236 2618 βασιλέως
3261 2552 3556 2606 ἐπίθοιντο.

1978 2643 2060 2697 Τὰ
2093 2643 2190 2712 μὲν
2223 2642 2316 2696 οὖν
2343 2643 2472 2714 περὶ
2506 2642 2712 2696 τούτων
2740 2644 2766 2695 ὁ
2799 2642 3058 2713 βασιλεὺς
3094 2645 3394 2714 πυθόμενος
3427 2648 3562 2701 ἁπο-

1981 2827 2084 2883 cilc
2111 2826 2194 2880 usi
2218 2833 2361 2885 sunt,
2384 2839 2484 2893 ope
2516 2824 2648 2878 artis
2667 2823 2920 2899 nauticae,
2955 2835 3136 2889 vento,
3160 2807 3524 2896 qualiscunqu
3549 2848 3561 2878 ι

1981 2929 2112 2974 tunc
2143 2918 2406 2988 spirabat,
2437 2931 2542 2969 non
2568 2915 2726 2986 plane
2763 2917 3048 2979 adversus,
3100 2917 3251 2970 i.lum
3288 2932 3433 2971 nune
3478 2934 3564 2972 re-

1982 3023 2066 3067 cta
2084 3010 2345 3082 oppansis
2369 3009 2528 3076 velis,
2559 3024 2702 3062 nunc
2735 3008 3032 3078 obliquatis
3065 3010 3362 3078 capientes,
3400 3022 3562 3081 prout

1983 3118 2120 3175 opus
2146 3112 2260 3159 erat
2291 3101 2360 3156 ad
2386 3100 2649 3156 ﬂectenda
2677 3098 3051 3170 promontmia
3090 3117 3104 3155 :
3139 3101 3206 3154 ad
3238 3103 3383 3171 quod
3409 3103 3565 3156 sul'li-

289 3213 458 3270 quam
495 3195 567 3250 ibi
596 3209 756 3248 suum
781 3190 1104 3260 obsequium
1139 3189 1459 3259 imperatori
1511 3188 1745 3259 professi
1783 3203 1873 3244 so—

1979 3199 2156 3257 ciabat
2195 3212 2328 3250 aura
2362 3193 2596 3250 modica.
2630 3194 2768 3261 Ergo
2798 3193 2878 3248 sic
2905 3194 3177 3263 progressi
3212 3195 3563 3251 continenter

297 3289 464 3346 lenmi
515 3285 909 3344 acclamatione
939 3299 1004 3340 ac
1041 3282 1398 3339 veneratione
1444 3281 1694 3337 fuissent.
1722 3281 1878 3337 Tunc

294 3383 458 3454 igitur
489 3381 556 3435 iis
584 3380 660 3434 illi
691 3378 951 3433 omnibus
990 3375 1341 3446 cautemptis,
1373 3389 1436 3430 ac
1465 3375 1682 3430 cunctis
1711 3374 1877 3429 ofﬁcii

295 3475 684 3543 molestiaeque
726 3470 1033 3526 rationibus
1074 3484 1279 3538 susque
1313 3468 1490 3537 deque
1520 3467 1748 3533 habitis,
1783 3483 1885 3523 au-

293 3581 410 3624 stro
433 3567 655 3621 inﬂante
686 3567 802 3620 vela
851 3563 1032 3618 valido
1069 3577 1263 3618 secure
1299 3561 1632 3630 trajecerant
1659 3575 1754 3628 per
1779 3575 1880 3614 an-

291 3663 504 3731 gttslias
531 3657 780 3728 Bospori,
819 3666 872 3710 et
903 3656 958 3710 in
994 3653 1463 3724 Septentrionales
1493 3651 1651 3706 Ponti
1688 3661 1880 3721 portus

293 3754 492 3811 i..vccti
536 3767 641 3806 nou
680 3765 776 3805 sua
817 3750 990 3805 solum
1033 3749 1139 3802 illic
1181 3762 1275 3816 per
1307 3747 1483 3800 otium
1521 3747 1738 3815 negotia
1763 3758 1876 3799 tra-

293 3859 537 3911 rtarunt,
592 3848 686 3902 sed
738 3845 935 3915 praedis
974 3843 1200 3913 agendis
1231 3851 1286 3896 et
1327 3840 1554 3910 piratica
1613 3849 1727 3895 toto
1789 3839 1879 3894 illo

297 3948 434 3999 mari
468 3943 710 3996 [orientia
741 3956 846 3994 non
883 3953 1074 4008 parum
1117 3935 1381 4004 temporis
1405 3933 1694 3988 triverunt.
1730 3931 1880 3986 Tau-

295 4043 418 4092 ιιι-ιιι
465 4038 518 4090 in
552 4035 860 4089 onerariam
895 4032 1236 4086 incurrentes
1269 4040 1520 4095 magnam
1547 4037 1600 4078 et
1623 4024 1880 4094 pretiosis

295 4143 517 4200 gravem
573 4125 880 4186 mercibus,
913 4137 1144 4192 quarum
1190 4135 1318 4189 pars
1375 4130 1493 4172 erat
1537 4133 1644 4172 non
1686 4113 1904 4188 exigua’

296 4225 511 4294 pondus
562 4222 752 4275 ingens
808 4216 1089 4276 aluminis,
1144 4230 1205 4269 ea
1247 4223 1552 4284 expugnata
1593 4214 1879 4282 pra-daque

302 4317 557 4371 universa
608 4313 662 4366 in
715 4326 869 4367 suam
909 4323 1100 4362 navem
1132 4306 1352 4360 condita
1395 4315 1542 4359 retro
1573 4320 1787 4374 proram
1823 4306 1876 4358 iu

301 4410 535 4478 patriam
592 4411 892 4466 verterunt,
955 4399 1237 4454 transituri
1285 4398 1466 4451 denuo
1527 4397 1878 4452 securissime

303 4513 499 4572 praztcr
521 4500 710 4552 urbem
736 4512 798 4549 ac
830 4504 1044 4564 portum
1072 4490 1598 4559 Constantinopolis,
1621 4491 1739 4544 sine
1769 4489 1878 4543 ullo

299 4570 626 4663 cujusquam
671 4598 836 4650 metu,
875 4601 968 4656 per
996 4599 1276 4640 summum
1320 4582 1581 4638 Romana:
1622 4583 1880 4652 potentiae
1910 4570 1956 4626 Ι)

302 4695 692 4752 comemptum.
728 4681 858 4749 Ejus
882 4677 1125 4733 audacia:
1151 4675 1532 4746 superbiaeque
1565 4675 1767 4729 certior
1799 4672 1880 4728 la-

304 4791 391 4836 tus
427 4782 724 4847 imperator
772 4771 1172 4841 indignissime,
1207 4781 1266 4824 ut
1304 4784 1398 4836 par
1432 4778 1572 4833 erat,
1617 4767 1873 4838 injuriam

305 4874 460 4936 tulit;
501 4869 850 4936 decrevitque
893 4879 1002 4919 non
1051 4862 1393 4919 committere
1443 4871 1503 4916 ut
1554 4877 1614 4916 se
1657 4861 1880 4930 impune

306 4978 516 5020 tantum
547 4976 712 5016 ausos
739 4957 961 5028 gloriari
995 4954 1380 5012 Genueusibus
1423 4954 1628 5008 liceret.
1661 4951 1879 5021 Disqui-

305 5059 460 5110 rebat
486 5063 666 5106 autem
710 5049 930 5104 modum
973 5059 1084 5116 quo
1125 5045 1262 5099 istos
1291 5045 1394 5098 sub
1427 5057 1648 5096 manum
1685 5056 1748 5095 ac
1784 5057 1884 5111 po-

308 5157 560 5204 testatem
582 5159 736 5199 suam
764 5141 1010 5209 redigere
1035 5145 1438 5205 contemptores
1469 5145 1670 5205 posset.
1697 5136 1765 5188 At
1793 5149 1887 5188 ne-

308 5257 409 5310 que
427 5239 514 5293 his
532 5237 775 5306 ignotum
795 5241 914 5288 erat
930 5241 1116 5285 votum
1145 5229 1495 5296 studiumque
1520 5224 1886 5295 imperatoris.

309 5334 494 5397 itaque
511 5343 696 5384 curam
715 5341 776 5380 ac
789 5323 1122 5394 diligentiam
1141 5336 1248 5376 non
1269 5321 1543 5390 vulgarem
1562 5319 1891 5373 adhibebant

311 5428 364 5479 in
392 5419 729 5492 expediendo
757 5435 921 5474 cursu
961 5414 1396 5486 explicandaque
1424 5427 1544 5466 sese
1577 5411 1644 5465 ab
1676 5409 1890 5464 insidiis

309 5517 472 5589 5,22
505 5515 867 5567 llomanarum
899 5509 1141 5570 navium,
1161 5521 1393 5577 quarum
1430 5504 1730 5559 rectoribus
1751 5504 1892 5556 scic-

310 5609 444 5664 bant
485 5608 553 5661 ab
579 5607 902 5674 imperatore
931 5600 1246 5656 mandatum
1306 5609 1359 5652 ut
1406 5600 1697 5652 observare
1745 5598 1893 5664 ipsos

313 5700 365 5754 iu
396 5698 631 5752 transitu
664 5712 726 5750 ac
773 5695 921 5749 0mm
979 5693 1192 5746 ratione
1227 5691 1691 5759 comprehendere
1733 5707 1895 5744 cona-

313 5801 523 5844 rentur.
561 5787 629 5843 Ut
656 5788 824 5857 igitur
853 5786 988 5857 ipsis
1020 5801 1049 5839 e
1075 5783 1247 5838 Ponto
1280 5782 1510 5852 patriam
1541 5799 1730 5838 versus
1766 5799 1893 5837 cur-

315 5898 432 5937 sum
484 5881 795 5937 tenentibus
845 5885 1058 5932 montes
1107 5873 1349 5929 Orientis
1381 5885 1770 5942 apparuerunt,
1810 5874 1893 5929 [ιι-

1988 3301 2115 3349 sunt
2149 3291 2215 3345 ad
2254 3288 2492 3343 Pharum
2551 3302 2745 3356 usque,
2775 3286 2866 3341 ubi
2924 3288 3209 3343 subductis
3255 3289 3566 3346 rationibus

1986 3383 2219 3441 instituti
2249 3397 2439 3438 cur-suns
2465 3389 2516 3434 et
2548 3381 2909 3450 periculorum
2949 3380 3400 3451 impendentium,
3449 3393 3563 3438 sta-

1988 3483 2211 3530 tueruut
2259 3473 2514 3541 dzinceps
2559 3487 2668 3526 non
2723 3487 3110 3542 quemcunque
3138 3474 3238 3528 sibi
3272 3489 3299 3527 a
3335 3475 3567 3542 Septen-

1986 3565 2160 3620 trione
2185 3575 2404 3618 ventum
2442 3563 2574 3616 satis
2599 3561 2745 3626 fore;
2781 3562 2875 3631 qui
2904 3563 3049 3617 enim
3079 3563 3402 3619 tunc-ﬂabat
3430 3567 3567 3622 leuis

1984 3668 2122 3722 erat,
2179 3658 2415 3712 molliter
2464 3656 2638 3712 solum
2669 3656 2966 3725 stringens,
3003 3672 3109 3710 non
3161 3658 3321 3726 pleno
3354 3659 3561 3728 iqutu

1984 3751 2268 3820 impellens
2299 3749 2434 3814 vela,
2465 3757 2522 3802 ut
2554 3749 2798 3802 malacia:
2835 3751 3054 3818 propior
3092 3751 3214 3805 coeli
3261 3763 3438 3808 status
3471 3755 3566 3807 \-i-

1984 3845 2224 3898 duretur.
2262 3843 2432 3912 Egere
2463 3858 2521 3896 se
2539 3850 2732 3895 autem
2759 3842 2824 3895 a-l
2856 3844 3182 3897 eluctandos
3213 3861 3350 3914 quos
3383 3851 3566 3916 prori-

1985 3936 2184 3996 debant
2208 3950 2538 3990 occursuros
2575 3934 2759 3988 obices
2793 3937 3104 3990 vehementi
3145 3936 3314 3992 Borea
3344 3957 3356 4002 ;
3386 3942 3564 4008 qualis

1981 4039 2059 4082 es!
2093 4028 2181 4082 ille
2206 4042 2368 4096 quem
2387 4025 2666 4080 Tanaitem
2699 4036 2877 4081 nautae
2901 4039 3117 4082 vocant.
3144 4027 3563 4100 lluic.iuqnarn,

1983 4119 2258 4174 conlidere
2287 4118 2379 4173 uui
2410 4133 2469 4172 se
2487 4127 2796 4172 statuerunt
2825 4134 2985 4188 posse
3012 4136 3027 4185 ;
3059 4122 3154 4190 qui
3203 4123 3333 4176 uisi~~
3355 4121 3568 4180 contin-

1984 4224 2153 4285 geret,
2201 4212 2358 4282 plane
2411 4211 2777 4280 desperabant
2827 4212 3056 4266 insidias
3094 4230 3151 4268 se
3192 4214 3563 4272 Romanarum

1984 4321 2143 4376 posse
2167 4305 2385 4360 navium
2419 4304 2678 4374 ell‘ugere.
2728 4303 2870 4359 Ecce
2915 4317 3097 4362 autem
3143 4319 3431 4380 postquam
3463 4315 3562 4366 ali-

1983 4408 2116 4468 quot
2160 4399 2230 4454 ibi
2265 4397 2382 4453 dies
2411 4397 2728 4466 substitere,
2761 4399 3219 4456 commodumille
3261 4402 3378 4472 ipse
3409 4413 3567 4475 opta-

1985 4501 2072 4547 tus
2116 4502 2310 4546 ventus
2345 4491 2554 4560 spirare
2582 4491 2650 4546 ab
2700 4500 2851 4547 arcto
2882 4493 3176 4556 vehemens
3206 4496 3410 4566 cmpit;
3468 4515 3569 4553 nec

1984 4586 2222 4640 cunctati
2266 4584 2515 4638 videlicet
2557 4585 2634 4637 illi
2690 4594 2820 4640 sunt
2877 4595 3022 4641 t0tos
3073 4587 3151 4640 illi
3205 4588 3569 4646 libentissime

1983 4677 2219 4747 pandere
2257 4676 2548 4730 linteorum
2588 4677 2764 4741 sinus,
2806 4676 3180 4748 audacterque
3229 4680 3429 4737 invecti
3474 4697 3571 4752 spe

1983 4771 2184 4840 optima
2219 4769 2555 4835 ferebantur,
2581 4771 2892 4826 evolaturos
2919 4786 3041 4826 sese
3071 4772 3172 4825 rati
3204 4775 3254 4825 vi
3280 4789 3428 4828 aurae
3458 4784 3566 4829 tam

1985 4878 2255 4932 prosperae
2282 4873 2430 4916 trans
2468 4863 2771 4931 quamlibet
2809 4862 3034 4918 infestos
3067 4864 3445 4920 insidiantium
3477 4883 3570 4922 co-

1984 4965 2167 5009 natus.
2198 4953 2364 5006 Navis
2389 4955 2555 5007 latera
2596 4955 2730 5022 quin
2769 4956 2934 5008 etiam
2985 4955 3150 5010 siccis
3184 4957 3350 5011 boum
3397 4960 3564 5015 coriis

1987 5049 2322 5114 munierunt,
2351 5055 2408 5100 ut
2434 5048 2503 5101 ab
2528 5046 2651 5115 igne
2675 5047 2812 5103 forte
2845 5047 3047 5114 injecto
3091 5058 3188 5104 aut
3227 5051 3334 5106 alia
3369 5056 3566 5122 quavis

1989 5141 2056 5194 ab
2084 5139 2335 5194 hostibus
2385 5138 2651 5208 ejaculata
2684 5147 2836 5208 peste
2873 5148 2984 5192 tuta
3012 5137 3212 5194 forent.
3265 5142 3432 5197 Arma
3461 5145 3567 5215 ipsi

1989 5232 2365 5300 expedierunt,
2427 5247 2535 5285 vim
2583 5231 2842 5299 repellere
2889 5231 3063 5300 parati
3113 5246 3451 5303 quaecunque
3500 5240 3570 5290 ab

1992 5323 2360 5392 imperatoriis
2418 5322 2733 5377 inferretur.
2787 5321 2884 5378 llis
2930 5323 3227 5392 imperator
3266 5329 3564 5396 compertis

1991 5413 2152 5484 423
2173 5415 2458 5484 imperavit
2475 5414 2854 5468 Genueusibus
2874 5412 3071 5468 Peraea:
3092 5415 3414 5484 degentibus
3441 5421 3570 5473 uril-

1993 5518 2105 5562 tere
2123 5507 2216 5575 qui
2237 5509 2493 5562 sisterent
2521 5509 2618 5562 hos
2642 5508 2930 5577 populares
2949 5523 3096 5573 suos,
3115 5519 3168 5563 et
3189 5509 3257 5565 iis
3276 5514 3570 5568 suaderent

1996 5616 2103 5655 non
2131 5600 2208 5653 sic
2246 5600 2538 5654 insalutato
2587 5599 2917 5668 imperatore
2955 5603 3251 5669 prmterire.
3299 5604 3571 5661 Fecerunt

1997 5693 2047 5746 id
2072 5692 2150 5744 illi
2183 5692 2460 5752 studiose;
2511 5691 2604 5744 sed
2636 5691 2769 5745 nihil
2794 5693 3162 5761 profecerunt,
3198 5700 3570 5764 perstantibus

1999 5787 2120 5840 aliis
2149 5786 2200 5838 in
2233 5786 2506 5853 proposito
2537 5796 2590 5840 et
2642 5787 2846 5839 monita
2879 5787 3127 5840 convicio
3162 5790 3567 5858 repellentibus.

1999 5877 2178 5942 Quare
2214 5877 2311 5941 illi,
2361 5892 2426 5928 ne
2469 5878 2572 5931 sibi
2607 5877 2783 5932 Laudi
2824 5888 2967 5932 esset
3002 5877 3178 5932 aliena
3207 5885 3570 5942 contumacia,
