3964 6556
403 415 511 484 879

1601 407 1930 474 GEORGII
1970 408 2454 471 PACHYMER£
3530 406 3620 472 $80

405 530 642 584 στέλλων
685 527 1022 598 προσέταττε
1057 525 1167 590 τοῖς
1201 525 1346 580 κατὰ
1394 522 1629 596 περαίαν
1670 524 1980 583 Γενουῒταις
2015 523 2053 576 Α
2087 522 2384 590 φώσσωνσις
2442 520 2534 574 καὶ
2588 517 2892 580 πολυοποῦς
2953 517 3250 573 ποιούντων
3308 515 3367 571 τὸ
3422 519 3620 590 caepim

404 625 646 693 πέμπειν
667 624 794 686 τοὺς
827 621 1195 687 κωλύσοντας,
1219 619 1266 674 οἳ
1297 621 1390 675 καὶ
1414 623 1641 690 συχνοὺς
1673 620 1982 689 πέμποντες

404 718 529 779 τοὺς
581 713 926 784 ἁπεροῦντας
981 712 1056 784 μὴ
1114 712 1272 767 πλεῖν
1319 714 1652 784 προσωτέρω
1695 713 1795 766 οὐκ
1837 707 1985 780 εἶχον

404 807 562 859 πεῖθ.Δ
591 826 633 859 ν.
670 809 732 860 Ol
762 805 806 859 δ’
841 805 1190 874 ἁπεστύγουν
1239 806 1339 876 μὲν
1387 805 1522 876 πρὸς
1564 805 1666 874 τὴν
1710 805 1981 867 ἔνστασιν,

405 899 554 968 ὅμως
586 898 648 950 τὸ
682 899 768 968 ἐφ’
820 897 1029 952 ἑαυτῶν
1077 897 1452 968 προορώμενοι
1503 897 1664 968 μόνον
1704 898 1784 960 εἷς
1818 914 1875 951 τε
1925 896 1986 950 τὸ

403 992 539 1060 πρὸς
581 991 848 1062 βασιλέως
897 990 1088 1044 εῦνουν
1128 993 1222 1044 καὶ
1275 991 1354 1054 είς
1401 990 1498 1061 τὴν
1547 990 1683 1061 πρὸς
1727 989 1786 1042 τὸ
1829 989 1986 1058 γένος

403 1087 760 1155 ἐπιστροφὴν,
798 1085 992 1154 maia-ev
1022 1085 1081 1136 τὸ
1114 1086 1222 1137 πᾶν
1250 1085 1338 1137 ἐπ’
1367 1083 1582 1152 ἐκείνῳ.
1625 1083 1680 1134 Ὁ
1714 1083 1896 1152 μέντοι
1918 1098 1982 1150 γε

405 1178 654 1248 βασιλεὺς
689 1177 928 1248 ἐσχάτην
968 1177 1364 1246 περιφρόνησιν
1394 1178 1763 1245 ἡγησάμενος,
1807 1174 1901 1227 καί
1933 1174 1985 1242 γ’

404 1273 484 1334 είς
513 1270 740 1340 ἀτιμίας
772 1269 1020 1338 μείζονος
1051 1269 1228 1337 λόγον,
1256 1273 1303 1322 εί
1331 1269 1728 1338 καθυφεικὸτος
1757 1269 1986 1322 ἐκπλεύ-

403 1380 583 1427 σειαν,
626 1362 912 1432 ἐπαγείρει
946 1363 1045 1432 μὲν
1085 1362 1183 1425 τὰς
1229 1363 1370 1415 κατὰ
1415 1363 1514 1429 τὴν
1548 1362 1702 1414 πόλιν
1742 1361 1984 1432 εὑρεθεί-

404 1469 503 1519 σας
530 1456 780 1520 ὁλκάδας,
809 1456 1173 1526 περισυνάγει
1194 1455 1250 1507 δέ
1282 1455 1376 1508 καὶ
1406 1454 1592 1518 καθώς
1617 1472 1701 1517 τις
1732 1455 1984 1527 ἐπάκτὴρ

403 1548 572 1612 κύνας
605 1549 666 1602 τὸ
719 1551 822 1603 ἀνὰ
864 1549 975 1618 πὴν
1028 1549 1184 1601 πόλιν
1238 1547 1636 1617 Γασμουλικὸν,
1687 1550 1882 1619 ὲςιστᾷ
1927 1549 1983 1601 δέ

400 1640 611 1704 τούτοις
637 1643 730 1695 τὸν
779 1640 1087 1711 βεστιάριον
1131 1639 1368 1707 Ἀλέξων
1399 1641 1489 1692 τὸν
1535 1640 1820 1711 ’Δλυάτην.
1869 1643 1984 1694 Κά-

403 1738 583 1798 κεῖνος
634 1735 752 1802 ἆμα
784 1736 894 1796 ταῖς
932 1735 1060 1803 περὶ
1107 1733 1270 1786 αὑτὸν
1318 1733 1410 1786 τὸν
1447 1733 1726 1805 Βόσπορον
1762 1735 1835 1797 ὡς
1870 1733 1983 1804 εἶχε

401 1827 831 1898 διαπεραιωθεὶς
855 1827 1002 1880 δεινά
1046 1823 1224 1879 ἐποίει
1254 1825 1616 1894 προστάσσων
1637 1842 1649 1855 ·
1696 1828 1791 1879 καὶ
1829 1827 1876 1878 εἰ
1909 1827 1984 1897 μὴ

403 1920 629 1982 τούτους
661 1918 1152 1986 καταγωνίσονται,
1187 1919 1301 1970 ἴσον
1325 1917 1491 1969 ἐτίθει
1531 1919 1624 1971 καί
1650 1917 1726 1989 τῷ
1756 1919 1852 1986 τῆς
1883 1920 1986 1988 ἀρ.

403 2013 507 2082 χῆς
539 2012 848 2080 στέρεσθαι.
883 2011 1292 2086 Συνταξάμενοι
1323 2009 1616 2078 τοιγαροῦν
1660 2012 1707 2064 οἱ
1759 2013 1851 2063 ἐπί
1881 2011 1986 2064 τῶν
2029 2031 2032 2034 ’

409 2105 570 2174 νηῶν,
599 2106 654 2158 oi
706 2104 762 2158 δὲ
809 2105 904 2158 καὶ
945 2104 1038 2155 ἐπὶ
1071 2102 1166 2156 τοῦ
1221 2103 1475 2170 αἰγιαλοῦ
1513 2104 1984 2173 παραταξάμενοι,

403 2198 502 2267 τὴν
533 2197 804 2267 φορτηγὸν
840 2194 1140 2248 κατιοῦσαν
1173 2195 1440 2264 ἐδέχοντο.
1480 2195 1588 2246 Καὶ
1623 2195 1670 2246 oi
1701 2194 1799 2264 μὲν
1821 2211 1988 2264 πρεσ-

404 2289 694 2348 πίπτοντες
725 2286 819 2340 καί
851 2301 915 2355 γε
963 2285 1148 2355 κύκλῳ
1179 2286 1684 2356 περιπτυσσόμενοι
1728 2287 1990 2356 μαχητῶν

375 2380 569 2450 ’ἔργον
596 2379 887 2450 ἐπλήρουν,
917 2378 1035 2432 ἀλλ’
1073 2380 1172 2431 οὐκ
1203 2381 1365 2449 ἤνυον
1408 2379 1468 2430 τὸ
1519 2379 1783 2449 παράπαν
1809 2395 1822 2408 ο
1856 2380 1889 2449 ἦ
1929 2395 1988 2431 τε

409 2473 521 2542 γάρ
549 2469 609 2535 ἐξ
636 2471 827 2539 οὐρίας
857 2468 1002 2540 ὁρμὴ
1032 2469 1125 2521 καὶ
1157 2470 1216 2522 τὸ
1262 2471 1707 2540 ὑπερανεστηκδς
1737 2474 1833 2541 τῆς
1864 2471 1988 2537 νηὸς

409 2563 641 2626 ἐκείνοις
693 2563 750 2625 ἐς
779 2563 859 2615 ὅτι
894 2561 1131 2631 μάλιστα
1177 2560 1416 2630 ἐϐοήθει,
1475 2563 1567 2615 καὶ
1602 2564 1835 2632 μάταιος
1879 2567 1990 2626 τοῖς

409 2655 832 2725 ἀνθισταμένοις
859 2649 925 2725 ἦν
955 2654 988 2723 ἡ
1029 2651 1256 2723 σπονδή.
1300 2655 1410 2706 Καὶ
1441 2654 1489 2706 οἱ
1525 2653 1621 2724 μὲν
1656 2656 1876 2723 ἐπεῖχοι
1901 2656 1992 2725 δρ-

416 2748 632 2818 μῶντες
661 2749 898 2817 ἐφέξειν,
950 2745 998 2797 οἱ
1029 2743 1075 2796 δ’
1107 2745 1199 2796 ἐπὶ
1241 2748 1341 2812 τῆς
1375 2745 1504 2816 uni;
1542 2749 1885 2818 κατημέλουν
1918 2749 1991 2812 ὡς

410 2835 583 2909 μηδὲν
633 2835 989 2886 ἁνυσόντωνο
1038 2833 1250 2905 συχνῶν
1299 2837 1410 2907 γάρ
1459 2840 1815 2894 ὀϊστευὸντων
1868 2842 1993 2903 τοὺς

423 3021 722 3074 retulerant
749 3013 1064 3084 imperatori
1097 3030 1158 3071 se
1183 3017 1328 3086 quod
1357 3032 1578 3072 suarum
1611 3030 1729 3074 erat
1757 3022 1994 3089 partium

408 3105 598 3156 sedulo
618 3104 818 3172 egisse.
847 3105 1032 3158 dolere
1066 3117 1248 3161 autem
1282 3106 1428 3175 quod
1475 3110 1527 3161 hi
1561 3111 1646 3162 sui
1684 3113 1832 3166 cives
1888 3113 1995 3166 sibi

2086 613 2240 668 ἐνίκα
2271 613 2362 666 τοῦ
2397 615 2729 682 πνεύματος,
2757 611 2848 663 καὶ
2884 611 3230 680 προσεχώρει
3255 609 3430 680 μεῖζον
3455 609 3486 678 ἦ
3511 610 3609 662 ὥστ

2087 705 2440 776 ἐπισχεθῆναι
2466 709 2576 769 τοῖς
2617 705 2684 777 [P
2713 704 2842 776 ⁸287]
2873 705 3122 757 κάτωθεν
3158 703 3519 772 ἐμποδίζουσι,
3548 705 3630 757 καὶ

2088 801 2206 854 κατ’
2234 800 2415 870 ὀλίγον
2445 800 2886 854 διολισθαίνουσα
2911 799 3240 867 διετύγγανε
3266 798 3389 858 τοὺς
3417 798 3631 850 ἐπιτιθε-

2091 894 2286 964 μένους
2318 893 2523 962 κύκλῳ,
2577 893 2808 957 πολλοὺς
2856 893 2993 964 πρὸς
3039 893 3252 960 ὀλίγους
3299 890 3472 955 ὄντας.
3507 893 3563 945 '0
3585 894 3634 947 δὲ

2089 986 2342 1057 βασιλεὺς
2371 986 2476 1052 ἔξω
2513 1003 2616 1040 που
2662 985 2971 1056 καθήμενος
3003 985 3204 1053 ἔσφυζε
3239 985 3338 1046 τάς
3366 984 3528 1054 ὁρμὰς
3565 986 3638 1036 ἐν·

2087 1075 2230 1145 ορῶν
2261 1076 2359 1139 τὰς
2393 1077 2708 1145 ἀποφυγὰς,
2755 1078 2850 1129 καὶ
2885 1077 3113 1144 συχνοὺς
3153 1075 3425 1144 ἔπερ-ἐν,
3465 1076 3638 1138 ἄλλους

2088 1169 2484 1242 ἐπεθάρῥυνεν,
2533 1171 2728 1232 ἄλλους
2765 1170 3004 1223 κελεύων
3052 1170 3148 1223 καὶ
3197 1169 3640 1237 προσαπειλούμεο

2088 1277 2200 1323 νος.
2229 1259 2296 1313 Αἱ
2330 1261 2561 1314 σπουδαὶ
2593 1261 2638 1314 δ’
2664 1255 2806 1331 ἦσαν
2838 1259 3112 1329 ἀνόνητοι,
3148 1258 3243 1310 καὶ
3271 1258 3380 1309 τῶν
3412 1258 3643 1309 σπευδόν-

2087 1369 2197 1404 των
2225 1352 2323 1416 τὰς
2374 1353 2568 1423 χεῖρας
2600 1351 2678 1420 τῷ
2724 1353 2893 1423 οὐρίῳ
2937 1351 3032 1404 τοῦ
3083 1347 3396 1417 πνεύματος
3448 1351 3478 1417 ἡ
3524 1349 3640 1412 ναῦς

2090 1443 2510 1515 ἀπεδίδρασκεν.
2541 1443 2632 1507 Ὣς
2658 1443 2788 1512 γοῦν
2817 1445 3011 1497 ἐκεῖνοι
3048 1442 3146 1506 μέν
3167 1443 3223 1493 ἐν
3251 1441 3473 1510 ἀπόροις
3498 1436 3641 1508 ἦσαν,

2089 1541 2115 1592 ὁ
2145 1538 2400 1608 βασιλεὺς
2429 1539 2474 1591 δ’
2519 1537 2578 1591 ἐν
2617 1534 2828 1606 ἀθυμίᾳ
2873 1535 3042 1606 δεινῇ,
3083 1533 3281 1604 χλεύην
3332 1534 3395 1585 τὸ
3432 1534 3645 1603 πρᾶγμα

2090 1631 2343 1701 οἰόμενος
2374 1631 2465 1684 καὶ
2493 1629 2754 1700 ἄντικρυς
2776 1628 3010 1696 γέλωτα,
3035 1630 3243 1691 εἰσάγει
3277 1644 3360 1690 τις
3389 1627 3494 1681 τῶν
3523 1628 3646 1696 ἀμφ’

2090 1723 2254 1776 αὐτὸν
2295 1721 2492 1794 βουλὴν
2521 1720 2788 1774 δοκοῦσαν
2838 1721 3131 1774 συνοίσειν.
3176 1721 3239 1773 Ἦ
3273 1720 3322 1772 δ’
3349 1715 3415 1790 ἧν
3456 1737 3648 1790 χρῇσαι

2095 1815 2290 1884 μένους
2322 1814 2475 1884 παρὰ
2509 1813 2847 1868 Καταλάνων
2879 1815 2946 1883 τῇ
2979 1813 3130 1880 σφῶν
3159 1812 3268 1883 νηῒ,
3303 1812 3531 1883 μεγίστῃ
3552 1812 3649 1864 τῶν

2089 1908 2267 1962 ἄλλων
2301 1907 2458 1982 οὔσῃ,
2490 1907 2748 1976 ἐπιϐῆναι
2784 1906 2910 1969 τοὺς
2945 1906 3235 1978 αὐτάρκεις
3263 1904 3649 1974 πολεμάρχους,

2089 2003 2182 2054 καὶ
2215 2000 2388 2064 οὕτως
2427 2000 2838 2070 ἐπεμϐαλόντας
2862 1999 2988 2062 τοῦς
3014 1999 3229 2068 ἐκείνης
3264 1997 3558 2068 φώσσωνας
3585 1998 3650 2065 τῷ

2091 2095 2534 2166 προσαράσσοιτι
2597 2093 2871 2162 πνεύματι
2928 2091 3005 2155 ὡς
3059 2091 3293 2163 πρώτως
3346 2090 3654 2160 μετέχοντας

2089 2189 2216 2250 τοὺς
2263 2186 2400 2248 τέως
2455 2183 2880 2254 ὠργυιωμένους
2938 2183 3303 2253 ἐπιτειχίσαι,
3382 2181 3518 2235 ὥστε
3572 2184 3652 2234 καὶ

2091 2282 2336 2343 ἀπνοεῖν,
2369 2279 2463 2332 καὶ
2490 2278 2636 2331 οὕτω
2671 2278 2770 2346 τῆς
2802 2277 2982 2348 ὁρμῆς
3025 2275 3372 2344 καθυφεῖσαν
3414 2275 3498 2329 ἐπ’
3527 2276 3655 2328 ἐκεί-

2091 2392 2189 2444 νην
2245 2373 2426 2442 ὀρμᾷν
2480 2371 2604 2432 τοὺς
2654 2372 2745 2421 ἐπὶ
2796 2369 3033 2439 θατέρας
3079 2369 3259 2428 ὄντας.
3315 2367 3487 2420 Τοῦτο
3539 2366 3654 2436 γοῦν

2095 2466 2386 2538 βουλευθὲν
2424 2466 2540 2536 ἅμα
2591 2464 2668 2532 τῷ
2713 2462 2860 2532 λόγῳ
2893 2461 2954 2513 τὸ
3006 2460 3168 2531 ἔργον
3216 2461 3436 2530 ἠνύετο,
3479 2461 3569 2513 καὶ
3602 2460 3658 2529 δὴ

2091 2555 2190 2626 τὴν
2220 2555 2488 2626 ταχίστην
2543 2554 2816 2623 ἐμϐάντες
2855 2553 2919 2606 ἐκ
2975 2551 3234 2622 πρύμνης
3289 2553 3530 2616 γίνονται
3571 2552 3659 2617 τῆς

2094 2646 2481 2716 καταγομένης
2505 2663 2519 2676 ·
2559 2645 2716 2715 ἔτυχε
2751 2645 2860 2715 γὰρ
2894 2643 2988 2696 καὶ
3015 2645 3047 2714 ἡ
3073 2644 3202 2706 ναῦς
3238 2644 3433 2711 ἐγγὺς,
3467 2643 3556 2694 καὶ
3581 2642 3662 2694 εύι

2095 2737 2260 2809 χερὴς
2289 2733 2358 2809 ἦν
2394 2737 2789 2808 μετενεχθῆναι
2842 2737 2978 2807 πρὸς
3009 2735 3076 2788 τὰ
3108 2734 3519 2806 προηγούμενα.
3559 2735 3662 2788 Κά-

2095 2832 2284 2901 κείνης
2327 2831 2605 2902 πεσούσης
2661 2829 2897 2901 πρόσθεν
2945 2831 2996 2884 αί
3048 2828 3148 2901 τῆς
3194 2829 3458 2900 δευτέρας
3518 2828 3662 2882 πνοαὶ

2099 3013 2269 3068 nihilo
2308 3013 2487 3069 secius
2531 3012 2706 3068 facere
2731 3014 3044 3083 pergebam,
3078 3011 3395 3067 abundante
3440 3011 3489 3065 vi
3531 3025 3693 3086 ante.

2098 3103 2383 3174 propitiae;
2421 3120 2526 3174 qua
2568 3105 2782 3175 longius
2805 3114 2929 3160 aute
2953 3122 2979 3156 a
3019 3114 3173 3174 tergo
3218 3113 3518 3175 sequentes
3545 3105 3661 3158 οπως

410 3195 664 3266 morigeri
693 3210 801 3248 non
830 3193 1075 3249 fuerint:
1116 3206 1393 3251 coerceret
1435 3213 1529 3252 eos
1582 3201 1703 3268 ipse
1749 3220 1844 3272 p'o
1893 3220 1988 3261 sua

2098 3195 2383 3262 rebantur,
2428 3212 2588 3265 quam
2637 3209 2694 3251 ut
2723 3207 2869 3250 esset
2911 3197 3209 3267 periculum
3249 3213 3316 3251 ne
3347 3213 3376 3251 a
3403 3211 3661 3267 quoquam

409 3287 669 3358 potentia,
704 3302 802 3340 nec
839 3287 1184 3355 peccantium
1213 3289 1428 3357 culpam
1463 3291 1755 3361 imputaret
1801 3296 1993 3353 inson-

410 3382 690 3441 tibus,aut
722 3381 902 3451 gentis
953 3381 1221 3436 universae
1269 3385 1548 3452 proprium
1590 3401 1712 3442 esse
1765 3389 1993 3445 duceret

408 3488 708 3542 paucorum
756 3471 983 3526 crimen.
1039 3472 1139 3528 His
1179 3473 1473 3544 imperator
1517 3477 1718 3534 auditis
1764 3497 1994 3538 somnne

405 3565 510 3620 sibi
542 3562 659 3620 fore
688 3563 1004 3634 ignominia:
1031 3575 1292 3634 reputans
1323 3575 1433 3620 tam
1477 3578 1731 3637 proterve
1759 3587 1818 3628 se
1861 3591 1993 3628 cou-

409 3661 575 3711 temni
607 3657 824 3728 sibique
859 3655 1012 3710 illudi
1043 3656 1242 3723 sinere,
1276 3659 1524 3715 immittit
1555 3660 1608 3715 in
1638 3677 1734 3718 eos
1773 3677 1994 3735 repente

405 3757 670 3818 quantum
701 3746 1079 3817 expediturum
1111 3746 1165 3802 in
1198 3750 1486 3805 navalibus
1514 3760 1570 3806 et
1608 3753 1876 3822 portubus
1908 3772 1997 3810 re-

408 3850 620 3910 pertum
646 3848 730 3896 est
761 3843 1004 3894 navium.
1047 3837 1142 3895 Ha:
1200 3853 1392 3896 omnes
1423 3843 1697 3899 universis
1717 3859 1746 3899 e
1766 3845 1998 3902 Ganllll‘.

409 3933 513 3987 lica
538 3933 715 3986 navali
739 3932 954 3998 militia,
980 3935 1072 4004 qui
1103 3943 1213 3986 tum
1242 3931 1724 4006 Constantinopoli
1749 3936 1993 4004 fuerunt,

410 4028 600 4097 ple-nat,
625 4043 823 4083 canum
842 4027 1018 4083 instar
1035 4027 1377 4082 irritatorum
1402 4041 1602 4085 coorta:
1619 4031 1672 4086 in
1700 4040 1996 4092 transeun-

411 4127 492 4171 tes
515 4115 832 4174 Genuenses
875 4128 1006 4173 sunt
1065 4118 1330 4188 undique,
1391 4121 1870 4178 vehementissime
1917 4123 2002 4176 in-

408 4221 640 4264 stantes.
672 4210 969 4280 lmpOsitus
995 4211 1188 4266 adhoc
1207 4211 1318 4265 dux
1347 4211 1478 4282 ipsis
1504 4212 1685 4270 fuerat
1705 4215 1997 4271 vestiarius

408 4304 630 4358 Alexius
678 4303 944 4374 Alyattes,
987 4303 1240 4373 quicum
1289 4307 1406 4359 suis
1443 4305 1730 4361 confestim
1773 4308 1999 4376 trajectu

410 4395 652 4464 Bosporo
691 4394 826 4448 nihil
873 4394 974 4448 sibi
1009 4394 1205 4464 reliqui
1240 4394 1309 4448 ad
1337 4409 1556 4450 omnem
1590 4398 1994 4450 contentionem

409 4489 666 4550 faciebat.
701 4488 966 4542 mandans
998 4497 1158 4558 atque
1191 4489 1484 4560 instigans,
1543 4489 1734 4560 sicque
1785 4489 1838 4544 iu
1875 4490 1995 4545 ani-

412 4597 558 4634 mum
595 4581 879 4646 inducens,
909 4581 954 4636 si
977 4596 1086 4636 non
1116 4591 1459 4652 eprgnart-t
1498 4580 1591 4636 tali
1623 4582 1742 4637 loco
1765 4590 1998 4636 temera-

414 4672 526 4726 rios
558 4672 782 4742 piratas,
808 4670 980 4724 nihilo
1010 4671 1114 4726 sibi
1141 4675 1324 4726 minus
1351 4672 1404 4725 id
1432 4672 1546 4726 fore
1569 4671 1808 4727 dedecus
1831 4689 1995 4742 quam

412 4767 456 4820 si
488 4763 810 4836 praefectura
847 4764 1210 4836 ignominioso
1232 4765 1556 4834 privaretur.
1587 4763 1832 4819 Ordinati
1867 4781 1997 4836 ergo

414 4860 539 4913 hinc
569 4857 790 4929 quidem
815 4857 868 4910 in
903 4855 1040 4913 foris
1076 4858 1319 4922 navium,
1343 4859 1471 4912 hinc
1499 4867 1695 4912 eterra
1727 4857 1780 4911 in
1814 4858 1998 4912 littore

415 4953 636 5012 milites.
667 4967 767 5022 pro
796 4967 856 5006 se
879 4952 1114 5022 quisque
1143 4951 1469 5020 ejaculaudo
1503 4951 1997 5021 impetebantone-

417 5045 636 5098 rariatn.
677 5041 785 5097 Sed
811 5058 938 5098 cum
988 5041 1122 5096 nihil
1181 5041 1362 5096 minus
1405 5057 1566 5110 quam
1618 5051 1880 5111 quantum
1929 5041 2000 5095 ab

417 5133 636 5204 optimis
659 5135 964 5205 exspectari
986 5132 1252 5186 militibus
1275 5142 1485 5199 poterat
1518 5131 1610 5186 tali
1639 5144 1884 5203 tempue
1915 5134 1998 5187 fa-

417 5237 626 5294 cerent,
659 5227 863 5283 frustra
889 5235 1048 5282 erant
1093 5236 1296 5292 tamen,
1338 5225 1528 5296 utique
1564 5224 1828 5281 adversus
1868 5239 2002 5280 one-

420 5321 617 5376 rariam
665 5319 1014 5377 exstantibus
1044 5319 1175 5386 alte,
1220 5318 1397 5389 iisque
1443 5318 1686 5385 munitis,
1741 5319 2001 5376 lateribus

420 5421 742 5484 protectam,
773 5420 830 5467 et
851 5411 1031 5466 valido
1079 5424 1109 5463 a
1139 5409 1302 5478 puppi
1360 5409 1652 5477 impulsam
1683 5420 1865 5476 vento,
1902 5410 2003 5465 sic.

418 5521 524 5576 que
555 5520 806 5574 prorsum
830 5502 1176 5559 irrevocabili
1217 5514 1464 5558 ruentem
1514 5518 1703 5570 cursu,
1740 5504 2001 5574 strepitus

417 5595 582 5667 424,
611 5595 734 5649 vani
758 5597 964 5653 circum
995 5594 1448 5649 tumultuantium
1480 5595 1694 5664 egregie
1725 5610 1998 5651 securam.

422 5687 690 5740 indebant
710 5687 872 5757 igitur
886 5686 1006 5756 ejus
1021 5695 1272 5740 vectores
1286 5687 1768 5741 conatus’hostium
1787 5689 1999 5756 inanes;

421 5791 475 5837 et
514 5797 637 5837 cum
671 5782 904 5838 distenta
949 5793 1109 5837 vento
1141 5781 1367 5835 carbasa
1391 5781 1595 5836 crebris
1643 5783 2004 5853 undecunque

412 5876 633 5947 sagittis
661 5875 1090 5946 perforarentur,
1127 5875 1194 5930 iis
1223 5884 1501 5946 utcunque
1533 5877 1771 5947 pertusis
1806 5881 1998 5947 pedem

2096 3299 2285 3340 eorum
2318 3301 2484 3357 prope
2510 3288 2669 3350 adiri,
2711 3289 2910 3342 nedum
2936 3289 3052 3358 capi
3104 3297 3197 3342 aut
3229 3291 3405 3343 teneri
3437 3296 3662 3359 possent.

2095 3375 2224 3441 Quae
2258 3391 2385 3430 vero
2415 3391 2582 3431 naves
2604 3393 2629 3429 a
2664 3378 2926 3432 lateribus
2962 3377 3332 3442 incurrerent,
3377 3391 3470 3428 eas
3499 3384 3667 3443 utpote

2096 3469 2416 3524 humiliores
2446 3477 2500 3523 et
2529 3470 2772 3525 minores
2827 3469 3128 3524 ludibundo
3159 3468 3462 3539 repellebat
3493 3469 3596 3536 ing.
3612 3479 3666 3520 us

2097 3561 2240 3615 mole
2287 3569 2340 3613 et
2371 3561 2549 3630 plenis
2584 3563 2722 3616 velis
2761 3562 3012 3615 oneraria
3066 3559 3382 3631 pervolans.
3417 3559 3669 3615 Ceruehat

2098 3656 2210 3710 Itzrc
2237 3655 2533 3724 imperator
2557 3669 2620 3707 ex
2653 3655 2800 3707 edito
2841 3655 3000 3722 longe
3049 3655 3290 3718 intuens,
3315 3653 3460 3708 alios
3501 3653 3670 3708 missi-

2095 3759 2218 3804 taus
2240 3765 2405 3818 super
2430 3749 2586 3812 alios,
2618 3749 2937 3808 adhortans,
2965 3748 3166 3818 jnbrns
3185 3791 3199 3814 ,
3225 3747 3466 3803 minans.
3493 3747 3590 3803 Sed
3622 3756 3670 3799 et

2098 3845 2274 3914 ipsius
2302 3843 2549 3912 iubentis
2578 3852 2631 3896 et
2663 3843 2967 3911 parentium
3006 3853 3333 3897 cunctorum
3378 3857 3532 3914 teque
3573 3841 3674 3893 inti-

2099 3936 2190 3991 nia
2227 3935 2536 4005 eﬂ'ectuque
2567 3949 2724 3988 cassa
2777 3935 2956 3987 studia
3009 3944 3184 3996 erant,
3236 3935 3490 3989 evolante
3546 3934 3673 3987 inter

2091 4044 2297 4084 mnus
2350 4029 2475 4082 navi
2520 4026 2785 4082 beneticio
2837 4027 2980 4080 venti
3033 4027 3301 4098 prosperi.
3364 4027 3503 4084 Cum
3558 4042 3674 4096 ergo

2098 4123 2302 4178 milites
2325 4121 2547 4192 quidem
2572 4137 2682 4191 quo
2721 4136 2780 4176 se
2825 4130 3098 4176 verterent
3135 4121 3334 4190 igua-.i,
3394 4122 3676 4193 imperator

2099 4226 2280 4272 autem
2330 4213 2417 4271 sui
2477 4223 2797 4285 contemptu
2832 4213 3182 4284 ludibrioque
3235 4224 3392 4269 tanto
3449 4216 3501 4269 in
3551 4215 3674 4268 iram

2099 4308 2348 4363 irritatus
2372 4306 2687 4370 maximam,
2719 4305 2891 4373 varie,
2916 4307 3010 4361 sed
3054 4306 3335 4374 inutiliter
3367 4318 3672 4370 zestuarmu,

2100 4405 2206 4460 fuit
2243 4405 2340 4476 qui
2374 4404 2622 4474 Augusto
2647 4401 2942 4456 consilium
2973 4418 3004 4456 e
3028 4418 3087 4456 re
3109 4412 3235 4456 nata
3278 4418 3390 4457 non
3419 4404 3680 4472 improba-

2102 4497 2210 4553 bile
2251 4502 2585 4567 suggereret.
2631 4493 2683 4547 ld
2721 4502 2842 4547 erat
2877 4503 2934 4548 ut
2976 4493 3033 4548 in
3064 4495 3383 4562 quamdam,
3418 4510 3540 4564 qua:
3570 4508 3675 4546 ma-

2104 4604 2208 4659 gna
2257 4599 2312 4642 et
2347 4585 2636 4658 praevalida
2687 4585 2824 4641 forte
2887 4585 3001 4640 illic
3051 4586 3250 4649 stabat,
3300 4585 3674 4642 Catelauorum

2104 4696 2294 4736 navem
2339 4677 2688 4735 commodato
2733 4694 2764 4734 a
2817 4679 3060 4734 dominis
3100 4689 3408 4748 acceptam,
3450 4678 3676 4733 illdUt'lis

2103 4784 2324 4842 repente
2355 4777 2490 4840 quot
2515 4785 2576 4824 ea
2609 4780 2795 4840 posset
2821 4784 3018 4840 capere
3050 4770 3340 4836 militibus,
3363 4772 3582 4840 jubet-et
3613 4770 3677 4824 il-

2103 4863 2207 4918 lam
2263 4863 2528 4917 continuo
2567 4863 2823 4932 expansis
2861 4861 3038 4918 eidem
3085 4871 3250 4917 vento
3296 4863 3428 4918 totis
3473 4863 3604 4918 velis
3628 4862 3675 4914 in

2101 4955 2320 5025 puppim
2351 4954 2610 5025 fugientis
2635 4955 2844 5020 invehi,
2876 4964 2930 5010 et
2945 4955 3026 5010 sic
3045 4954 3276 5010 infracta
3307 4955 3359 5008 vi
3391 4971 3542 5010 aurae
3570 4955 3676 5008 ria-

2100 5067 2206 5120 que
2243 5049 2427 5105 Boreae
2457 5050 2761 5114 obstructa,
2790 5048 3132 5103 velocitatem
3159 5048 3496 5103 imminuere
3529 5064 3678 5100 ruen-

2105 5146 2173 5201 tis
2197 5158 2532 5213 cursumque
2547 5143 2843 5197 retardare.
2887 5142 3098 5196 Dictum
3129 5141 3184 5196 in
3213 5157 3352 5212 opus
3380 5142 3674 5196 confertur.

2100 5235 2378 5292 Momento
2394 5253 2452 5292 se
2477 5235 2727 5312 admovet
2743 5250 2773 5290 a
2792 5233 2956 5306 [.25
2974 5243 3126 5307 tergo
3142 5235 3470 5290 inumbrans
3490 5243 3544 5289 et
3559 5247 3676 5288 ven.

2105 5339 2217 5386 tum
2233 5328 2587 5397 intercipiens
2602 5327 2877 5393 oneraria,
2903 5327 3194 5382 latitudine
3214 5336 3366 5383 vaste
3383 5326 3674 5398 patentium

2103 5421 2314 5474 alarum
2349 5418 2558 5474 obicem
2593 5432 2876 5488 opponens
2905 5426 3070 5472 vento
3095 5415 3419 5489 propellenti
3444 5414 3680 5470 Genuen-

2103 5527 2218 5569 sem
2254 5526 2488 5576 navem;
2524 5524 2646 5580 quae
2673 5509 2756 5565 sic
2784 5508 3044 5565 destituta
3083 5507 3350 5566 constitit.
3403 5505 3678 5572 otiumque

2103 5605 2340 5661 admotis
2372 5604 2622 5660 hostibus
2639 5603 2784 5658 dedit
2818 5603 2871 5656 in
2903 5615 3022 5656 eam
3051 5600 3347 5655 insilieudi.
3378 5597 3676 5667 Adjuvabat

2104 5697 2157 5752 id
2191 5705 2416 5768 agentes
2454 5711 2484 5749 e
2511 5693 2774 5748 Catelano
2803 5693 2954 5764 paris
2988 5691 3295 5747 altitudinis
3335 5689 3556 5760 navigio
3587 5702 3673 5740 va-

2105 5789 2222 5844 rius
2254 5798 2306 5841 et
2335 5787 2629 5840 vehemens
2663 5784 2902 5854 undique
2933 5792 3162 5838 conatus
3189 5783 3543 5838 humiliorum
3581 5792 3674 5831 un-

2106 5879 2272 5944 dique
2292 5877 2511 5932 navium
2532 5875 2680 5931 omni
2701 5891 2763 5928 ex
2789 5885 2936 5940 parte
2955 5875 3338 5930 adorientium.
3358 5871 3466 5930 Nec
3487 5866 3666 5928 obsTSIi
