3964 6524
210 378 328 444 889

1157 392 1254 452 DE
1298 394 1687 457 MiCllAELE
1722 399 2190 463 PALEOLOGO
2232 404 2380 465 LIB.
2424 407 2527 468 VI.

3392 407 3501 469 8‘30

208 496 427 594 Μδσῷγ
460 497 718 564 τιθέντες⁸
753 504 1000 574 Φίλιγγι
1038 508 1170 575 γοῦν
1201 512 1461 581 Τοχάρων
1492 514 1800 584 προσκρού-
1829 521 1875 575 Α
1904 518 2097 585 πάγων
2131 519 2327 589 βαίνων
2360 522 2442 590 τῷ
2487 522 2717 594 βασιλεῖ,
2771 524 2864 576 καὶ
2917 521 3213 593 συμπεσὼν
3262 522 3500 594 ἑκείνῳὸ

211 604 322 651 σας
346 591 645 661 όΛαχανᾶς
682 596 949 663 ἐμπίπτει
985 602 1135 668 σφίσι
1192 604 1313 669 μεθ’
1343 599 1418 657 ὧν
1478 608 1801 677 ἐπεφέρετο,

212 679 316 732 καὶ
380 686 525 736 κατὰ
564 685 768 755 κράτος
828 692 976 761 νικᾷ,
1005 693 1100 745 καὶ
1154 693 1313 756 αὖθις
1339 697 1495 766 ἄλλῃ,
1540 699 1634 751 καὶ
1661 699 1805 753 οὕτω

209 772 360 841 πρὶς
413 774 474 827 τὸ
530 778 952 852 μεγαλειὸτερον
1017 786 1109 839 ἐπ’
1166 786 1226 838 οὐ
1289 789 1515 853 πολλαῖς
1568 792 1805 862 ἡμέραις

212 863 540 920 καθίστατο.
566 868 759 940 Χῶραι
788 873 971 926 τοίνυν
1006 879 1393 941 προσετίθεντο
1439 882 1510 941 οἱ,
1571 882 1668 933 καὶ
1713 883 1804 934 ἐπ’

210 956 372 1027 alte?)
399 958 567 1012 πολὺν
594 964 685 1015 τὸν
716 964 810 1017 τοῦ
846 965 904 1019 εὖ
939 968 1468 1037 πράξεινὲλπισμὸν
1517 974 1805 1043 ἀραρότως

208 1045 392 1118 εἶχον.
428 1053 537 1105 Καὶ
566 1056 594 1106 ὁ
628 1057 883 1126 Λαχανᾶς
916 1062 1087 1124 πολὺς
1126 1058 1194 1133 ἦν
1242 1065 1610 1133 φημιζόκιενος
1675 1085 1807 1118 παν-

207 1143 419 1214 ταχοῦο
453 1147 572 1199 οὐδὲ
609 1150 717 1219 γὰρ
747 1153 1213 1223 ὴμέραὲιῄστατο
1250 1158 1373 1209 καθ’
1402 1158 1468 1228 ῆν
1500 1162 1558 1211 οὑ
1585 1160 1805 1223 πλείους

206 1237 332 1288 τῶν
378 1240 661 1310 προτέρων
721 1238 834 1313 εἶχε
889 1246 988 1299 καὶ
1038 1247 1373 1317 ἠνδραγάθει
1423 1250 1800 1318 προσϐάλλων.

209 1328 398 1384 Τοῦτο
454 1332 760 1405 ἐθορύϐησε
828 1337 927 1407 μὲν
972 1339 1066 1392 καὶ
1125 1340 1217 1393 τὸν
1266 1343 1679 1396 Κωνσταντῖνον
1734 1343 1803 1396 τὰ

210 1424 475 1485 πλεῖστα.
523 1429 794 1497 ἀγγελθὲν
827 1431 887 1483 δὲ
918 1433 1068 1503 παρᾶ
1090 1434 1249 1500 δόξαν
1276 1436 1368 1487 καὶ
1391 1436 1554 1487 αὑτὸν
1583 1436 1806 1506 οορυϐεῖ

208 1512 448 1582 βασιλέα
487 1532 501 1546 ο
526 1518 587 1569 τὸ
612 1521 721 1589 γὰρ
755 1519 931 1585 οὕτως
963 1524 1192 1577 ἐπελθὸν
1232 1526 1363 1595 παρ’
1395 1527 1550 1591 ἀξίαν
1583 1529 1681 1581 οὐκ
1737 1527 1804 1580 ἂν

206 1607 474 1662 ἐπελθεῖν
502 1610 552 1662 εἰ
576 1613 652 1683 μὴ
680 1613 771 1666 ἐπὶ
801 1617 1082 1684 μεγίσεοις
1110 1617 1461 1688 τισ“ινῷιντο.
1487 1619 1571 1689 [Ρ.
1597 1618 1726 1692 296]
1747 1621 1803 1673 ’0

212 1700 323 1766 μὲν
354 1696 446 1755 οὖν
486 1704 897 1770 Κωνσταντῖνος
937 1707 1097 1777 μόνον
1130 1709 1371 1778 ταράξω
1404 1710 1473 1762 τὰ
1522 1710 1663 1763 κατὰ
1710 1710 1803 1763 τὸν

205 1792 384 1859 {tiva
419 1796 724 1865 μετήνεγκε
758 1798 849 1853 τὸν
887 1801 1011 1851 νοῦν
1074 1802 1212 1870 πρὸς
1268 1800 1331 1854 τὸ
1377 1802 1803 1871 ἀπροσδοκήτως

208 1886 390 1953 φανὲν
418 1887 514 1941 καὶ
534 1889 608 1951 ὠς
639 1891 740 1942 οὐκ
768 1890 833 1944 ἂν
859 1891 934 1961 μὴ
968 1894 1050 1946 ὅτι
1102 1864 1155 1957 γ’
1187 1885 1363 1958 οὗτος,
1395 1864 1512 1947 ἀλλ’
1557 1864 1800 1948 οὐδ”ᾶλ-
1834 1864 1876 1920 Β

206 1978 307 2042 λος
354 1997 441 2043 τις
484 1980 640 2051 ᾠήθη
700 1983 854 2037 ποτέ.
915 1983 974 2036 ’0
1009 1984 1065 2038 δὲ
1118 1984 1372 2054 βασιλεὺς
1398 1985 1553 2038 τοῦτο
1582 1986 1684 2057 μὲν
1708 1986 1801 2039 καὶ

205 2074 375 2123 τάκεῖ
422 2074 759 2144 καταστῆσαι
814 2075 1008 2143 θέλων,
1063 2078 1225 2131 τοῦτο
1277 2078 1336 2131 δὲ
1385 2078 1480 2132 καὶ
1538 2080 1678 2149 np“);
1732 2079 1800 2131 τὰ

208 2163 561 2218 ἁκουσθέντα
595 2165 1007 2237 διαταραχθεὶς,
1044 2169 1344 2240 προλαϐεῖν
1393 2170 1659 2238 ⁴Ιγπείγειτο
1706 2169 1803 2222 καὶ

206 2258 314 2318 τὰς
347 2256 529 2328 ἄκρας
552 2259 911 2329 κατοχυροῦν.
954 2262 1065 2314 Καὶ
1114 2262 1178 2331 δὴ
1221 2261 1454 2327 ἐξελθὼν
1500 2263 1600 2332 τῆς
1645 2262 1801 2316 Κων-

210 2351 511 2405 σταντίνου
586 2354 675 2405 ἐπ’
730 2353 1079 2422 Ὀρεστιάδος
1134 2358 1368 2428 ἤλαυνεν
1416 2356 1521 2425 ὅλῳ
1582 2355 1801 2425 ῥυτῆρι.

208 2444 507 2513 Χειμῶνος
539 2445 583 2498 δ’
611 2446 842 2510 ἐξελθὼν
880 2449 973 2501 καὶ
1020 2450 1216 2516 πάγοις
1263 2449 1433 2502 ἐπιὼν
1490 2448 1689 2519 πάσχει
1749 2464 1803 2500 τι

208 2539 309 2592 καὶ
338 2539 454 2593 τῶν
482 2539 831 2611 ἀνηκέστωνο
868 2542 1254 2613 συμποδίζεται
1296 2543 1403 2615 γὰρ
1442 2544 1468 2597 ὁ
1500 2543 1662 2606 ἵππος
1711 2542 1805 2595 ἐπὶ

212 2728 445 2775 assueta
474 2730 627 2790 rapto
659 2723 865 2786 vivere,
891 2720 1026 2775 nihil
1057 2735 1086 2774 a
1117 2720 1308 2775 claudo
1334 2720 1575 2793 principe
1605 2722 1806 2774 timeu-

210 2823 294 2869 tes
319 2814 620 2871 liberrimis
646 2816 700 2869 in
724 2814 947 2886 Mysiam
972 2815 1387 2870 excursionibus
1412 2816 1639 2882 agebant
1667 2813 1804 2867 fere.

209 2904 468 2975 bamque
498 2908 698 2975 passim
731 2916 949 2967 cuncta.
977 2918 1032 2960 et
1062 2906 1227 2960 veteri
1258 2905 1558 2959 celebratas
1587 2920 1806 2973 prover-

209 2999 311 3055 bio
369 3002 583 3068 praedas
636 3000 910 3070 Mysorum
967 2982 1185 3068 impune
1254 2998 1696 3067 frequentabant.
1745 2998 1802 3051 ln

210 3095 417 3150 horum
446 3107 608 3147 unam
638 3108 861 3146 manum
894 3093 1179 3146 incurrens
1209 3106 1333 3144 cum
1367 3091 1485 3143 suis
1515 3089 1803 3143 Laelianas

210 3202 339 3242 eam
368 3186 746 3241 internecione
774 3185 937 3240 delet.
973 3186 1090 3239 Alia
1117 3185 1204 3245 die
1229 3183 1622 3253 deprehensam
1652 3182 1805 3234 simi-

210 3280 345 3335 liter
378 3279 658 3335 cohortem
711 3279 942 3333 istorum
975 3280 1299 3337 alteram‘ut
1345 3277 1579 3344 priorem
1631 3275 1803 3328 inter-

211 3373 353 3427 ﬁcit.
385 3372 528 3426 Hinc
577 3371 763 3440 paucis
792 3370 986 3425 diebus
1017 3369 1231 3424 celebre
1266 3368 1325 3421 lit
1354 3368 1472 3436 ejus
1505 3382 1720 3421 nomen.
1754 3377 1806 3421 et

211 3464 475 3519 videlicet
505 3479 611 3517 non
643 3465 825 3532 parvis
851 3473 905 3517 et
932 3462 1115 3533 populi
1145 3471 1200 3515 et
1225 3461 1504 3530 regionum
1534 3463 1808 3515 accessio-

215 3558 387 3613 nibus
438 3571 569 3625 opes
612 3556 729 3625 ejus
766 3566 1091 3626 augescunt,
1122 3555 1337 3610 cunctis
1369 3568 1469 3624 pro
1498 3567 1555 3609 se
1584 3569 1806 3623 quoque

213 3665 374 3720 spem
426 3648 481 3703 in
533 3664 597 3705 eo
646 3665 914 3704 summam
970 3648 1296 3703 emendandi
1347 3648 1560 3714 publica
1598 3648 1831 3721 ἱιιευιιιε

222 3744 386 3800 modo
434 3743 851 3799 collucentibus.
884 3743 1067 3798 Fauna:
1099 3744 1315 3796 interim
1346 3742 1636 3796 ambitioso
1665 3758 1805 3810 prie.

215 3838 380 3892 conio
438 3836 720 3893 Laelianas
774 3838 979 3906 uhiqne
1045 3837 1465 3892 buccinabatur.
1521 3834 1630 3889 Nec
1664 3835 1804 3907 dies

216 3928 531 3997 praaleribat
564 3926 667 3998 qua
702 3943 810 4003 non
847 3934 899 3980 et
928 3928 1047 3996 ejus
1085 3940 1315 3981 numero
1348 3934 1619 3981 cresceret
1650 3941 1807 3980 exer-

217 4026 388 4085 citu=,
424 4031 483 4086 et
520 4038 637 4091 ,qna
678 4039 783 4077 non
828 4021 944 4089 ipse
990 4022 1174 4092 aliqua
1214 4036 1273 4077 se
1308 4020 1505 4092 insigni
1540 4020 1607 4075 de
1651 4020 1807 4073 hoste

219 4117 451 4172 victoria
493 4106 917 4173 cemmendaret.
953 4100 1369 4172 Conturbarnut
1413 4116 1526 4169 haec
1560 4130 1668 4171 non
1706 4129 1807 4183 pa-

208 4226 345 4274 rum
370 4209 604 4263 subinde
627 4210 872 4264 nuntiata
895 4210 1338 4264 Constantinum.
1361 4207 1539 4277 Ipsum
1563 4222 1805 4276 quoque,

224 4304 315 4358 ubi
350 4303 483 4358 ﬁdes
515 4304 731 4358 tandem
781 4320 884 4358 nou
918 4302 1081 4376 433
1126 4302 1349 4357 creditis
1380 4303 1554 4372 primo
1590 4300 1807 4355 indiciis

224 4399 384 4451 fama:
414 4382 716 4451 constantia
764 4398 907 4452 facta
942 4407 1046 4462 est,
1089 4400 1286 4468 ipsum,
1317 4397 1562 4463 inquam,
1589 4406 1807 4464 q'uoqne

223 4490 657 4559 inopinatissima
689 4492 898 4543 novitas
930 4491 1283 4544 vehementer
1313 4491 1605 4545 commovit
1633 4488 1805 4557 impc-

1909 608 2270 679 ὲποχούμενος
2303 612 2502 681 πτῶμα
2536 613 2710 665 δεινὸν
2743 616 2931 684 χεῖράς
2975 631 3033 666 τε
3074 614 3168 666 καὶ
3208 613 3502 682 πρόσωπον

1906 701 2222 770 δρύπτε-σαι,
2255 704 2397 757 οὕτω
2428 705 2679 776 χαλεπῶς
2713 706 2788 768 ὡς
2820 706 2943 775 μηδ’
2976 707 3208 776 ἀρκέσαι
3262 709 3349 758 τὸν
3399 706 3503 775 τῆς

1906 793 2259 864 ἐκστρατείας
2319 798 2438 850 ὅλον
2513 803 2705 868 χρόνον
2767 800 3066 868 ἀπαλεῖψαι
3124 798 3193 853 τὰ
3250 799 3501 868 τραύμα-

1904 902 1993 947 τα,
2041 887 2154 939 ἀλλ’
2193 887 2272 941 ἔτι
2323 888 2547 958 λεὲῲανα
2572 892 2677 944 τῶν
2733 891 2955 961 πληγῶν
2987 893 3244 958 ἐμμένειν
3272 894 3499 946 ἐπανεὶ-

1907 977 2050 1031 οόντι
2128 979 2205 1048 τῷ
2270 979 2503 1049 βασιλεῖ.
2555 982 2707 1051 ’Ἅμα
2764 984 2916 1051 νγοῦν
2977 984 3145 1052 ἐπέϐη
3202 988 3229 1037 ὁ
3280 986 3500 1055 κρατῶν

1906 1072 2005 1138 τῆς
2049 1072 2352 1135 Ἀδριανοῦ,
2387 1075 2482 1126 καὶ
2516 1075 2633 1145 ἃμα
2664 1078 2694 1144 ἡ
2724 1068 2909 1145 σφαγὴ
2938 1076 3033 1129 τοῦ
3084 1079 3499 1130 Κωνσταντίνου

1905 1165 2248 1231 ἀγγέλλεται.
2304 1166 2395 1230 Ὠς
2425 1168 2534 1237 γὰρ
2558 1169 2823 1237 ηὐξάνετο
2846 1168 2965 1222 καθ’
2994 1169 3206 1239 ἡμέραν
3257 1172 3285 1223 ὁ
3320 1172 3503 1238 Λαχα-

1904 1260 2000 1315 νᾶς
2025 1263 2115 1312 καὶ
2148 1259 2331 1311 πολλοὶ
2359 1262 2743 1331 προσεχώρουν
2786 1262 2977 1331 ἐκείνῳ
3006 1262 3501 1331 κατολιγωροῦντες

1905 1349 2000 1403 τοῦ
2044 1350 2192 1417 σφῶν
2220 1352 2504 1418 βασιλέως,
2539 1353 2781 1406 ἐκποδὼν
2812 1354 2857 1407 δ’
2889 1350 2955 1423 ἦν
2991 1353 3092 1424 ἤδη
3136 1355 3231 1407 καὶ
3261 1357 3288 1406 ὁ
3336 1355 3503 1422 Σφεν-

1905 1443 2191 1506 τὶσθλαϐος
2218 1445 2326 1497 τῶν
2352 1445 2517 1498 δόλων
2550 1448 2894 1516 ἀπονὰμενος
2926 1448 3025 1517 τῆς
3054 1449 3292 1516 Μαρίας,
3344 1450 3389 1500 οἱ
3442 1448 3499 1501 δέ

1904 1553 1967 1603 γε
2000 1537 2481 1606 προσῳκειωμένοι
2506 1539 2583 1609 τῷ
2632 1540 3027 1611 Κωνσταντίνῳ
3082 1539 3141 1605 ἐξ
3191 1540 3499 1608 ἀνθρώπων
3578 1562 3581 1563 ν

1904 1624 2045 1700 ἦσαν
2078 1632 2196 1690 ταῖς
2228 1632 2325 1699 τῆς
2356 1630 2575 1698 Μαρίας
2622 1632 3049 1702 κακεντρεχείας
3095 1636 3502 1704 κατειργασμὲ·
3524 1655 3544 1690 ι

1904 1737 2005 1785 νοι,
2037 1721 2151 1772 ὅσοι
2177 1719 2233 1773 δέ
2270 1723 2363 1774 καὶ
2387 1722 2681 1793 περιῆσαν,
2718 1725 2767 1777 ot
2804 1726 2901 1794 μὲν
2956 1724 3087 1795 παρ’
3124 1728 3352 1779 ἐκείνων
3404 1729 3499 1781 ἐπὶ

1906 1812 2173 1876 δυσνοίαις
2205 1813 2613 1880 ὑπωπτεύοντο,
2676 1817 2726 1870 ol
2775 1816 2833 1870 δὲ
2892 1817 2985 1871 καὶ
3041 1820 3163 1881 ταῖς
3215 1819 3498 1889 ἀληθείαις

1905 1906 2208 1971 ἐδυσνόουν,
2238 1909 2393 1977 μόνος
2416 1910 2450 1980 ἢ
2486 1910 2603 1979 μετ’
2620 1909 2817 1976 ὀλίγων
2849 1909 3301 1978 ἐγκαταλειφθεὶς
3339 1911 3495 1963 Κων-

1904 2001 2177 2061 σταντῖνος
2209 2002 2354 2071 ὁρμᾷ
2384 2002 2663 2071 μετελθεῖν
2688 2003 2779 2055 τὸν
2809 2002 2910 2072 ἤδη
2941 2001 3037 2053 καὶ
3079 2001 3246 2056 αὑτοῦ
3278 2003 3494 2056 κατολι-

1902 2090 2203 2159 γωροῦντα.
2229 2093 2340 2144 Καὶ
2372 2093 2436 2162 δὴ
2478 2092 2877 2164 συνταξάμενος
2915 2093 3010 2156 τὰς
3055 2094 3310 2164 δυνάμεις
3368 2095 3497 2162 ἐφέ-

1907 2200 2028 2253 ρετο
2058 2182 2157 2253 μὲν
2185 2184 2271 2251 ἐφ’
2302 2185 2537 2256 ἀμάξης.
2577 2188 2639 2239 Ol
2675 2187 2729 2240 δὲ
2759 2183 2838 2250 οἷς
2869 2190 3074 2251 ἐκεῖνος
3110 2187 3361 2241 ἐπίστευε
3395 2187 3494 2250 τὰς

1903 2276 2044 2346 ὑπὲρ
2098 2274 2310 2331 ἐκείνου
2366 2278 2539 2348 ὁρμὰς
2587 2279 2945 2334 κατεκλῶντο.
3024 2282 3082 2331 ’0
3124 2281 3185 2333 δὲ
3239 2282 3495 2351 Λαχανᾶς

1902 2368 2067 2437 ὁμόσε
2108 2372 2365 2442 χωρήσας
2399 2373 2616 2441 ἐκείνῳ,
2648 2374 2765 2442 ἅμα
2808 2374 2997 2443 φανεὶς
3027 2373 3375 2427 ἐπεισπίπτει
3401 2374 3497 2428 καὶ

1904 2462 2045 2514 κατὰ
2096 2463 2297 2532 κράτος
2346 2466 2510 2534 αἱρεῖ,
2570 2468 2819 2520 κάκεῖνον
2853 2467 3021 2535 μηδὲν
3063 2466 3205 2520 κατᾶ
3256 2467 3494 2537 πόλεμον

1906 2553 2187 2622 πράξαντα
2214 2555 2493 2626 βασιλείας
2519 2556 2669 2623 ἄξιον
2702 2558 2859 2623 δίκην
2919 2558 3118 2629 ίερείου
3177 2560 3495 2628 κατασφάτ-

1907 2730 2180 2798 firmaret;
2229 2735 2429 2804 partim
2476 2744 2533 2789 ut
2581 2735 2673 2803 qui
2722 2737 2789 2791 ah
2823 2737 2909 2791 illa
2954 2746 3105 2805 parte
3137 2737 3391 2805 patebant
3438 2736 3491 2791 in

1906 2823 2205 2879 llninanam
2255 2826 2517 2881 ditionem
2551 2829 2751 2893 aditus,
2800 2844 2893 2897 per
2924 2843 3061 2897 quos
3093 2845 3158 2883 ne
3203 2829 3490 2883 Bachanas

1907 2916 2139 2970 irrueret
2189 2919 2371 2971 audita
2418 2919 2485 2972 de
2534 2920 2627 2974 illo
2680 2922 2868 2975 timere
2904 2922 3191 2991 cogebant,
3227 2922 3494 2990 praesidiis

1907 3020 1962 3062 et
1998 3010 2396 3066 munitionibus
2447 3012 2655 3067 idoneis
2692 3026 3111 3083 prmoccnparct.
3146 3013 3260 3067 Hoc
3308 3014 3494 3067 animo

1908 3104 2034 3158 dum
2072 3104 2251 3158 citatis
2287 3105 2445 3174 equis
2482 3122 2672 3161 versus
2704 3106 3041 3161 Orestiadem
3086 3107 3371 3161 contendit
3398 3121 3494 3175 per

1909 3206 2193 3250 concretos
2246 3197 2419 3265 rigida
2486 3199 2662 3253 hieme
2716 3201 2839 3269 gelu
2882 3192 3115 3269 campos
3161 3214 3491 3268 properans,

1910 3289 2222 3355 contigit‘et
2255 3293 2360 3358 pati
2392 3306 2513 3343 eum
2562 3300 2614 3344 et
2656 3290 2948 3360 periclitari
2980 3288 3321 3371 gravissime.
3354 3289 3491 3345 Nam

1907 3397 2078 3451 equus
2109 3399 2217 3450 quo
2246 3383 2542 3437 vehebatur
2592 3384 2777 3452 lapsus
2829 3384 2880 3436 in
2926 3384 3120 3453 glacie.
3156 3400 3276 3437 (ιι-ιι
3313 3398 3494 3435 sesso-

1908 3489 2022 3527 rem
2052 3472 2267 3537 ell‘ndit,
2307 3484 2418 3527 tum
2459 3489 2621 3541 supra
2670 3476 2845 3542 ipsum
2882 3481 2989 3527 tnta
3029 3474 3169 3528 mole
3199 3475 3494 3531 concidens

1909 3574 2122 3618 tantum
2174 3580 2276 3619 non
2310 3566 2603 3634 oppressit,
2635 3566 2977 3620 vulneratum
3022 3565 3084 3620 in
3134 3567 3389 3622 manibus
3438 3582 3497 3623 et

1907 3657 2059 3710 vultu
2088 3657 2223 3711 adeo
2260 3673 2367 3711 non
2400 3657 2614 3723 leviter,
2647 3666 2705 3713 ut
2733 3658 2818 3710 vix
2854 3658 3020 3712 totius
3054 3658 3175 3727 ejus
3219 3658 3495 3713 diuturna:

1908 3748 2275 3819 expeditionis
2305 3751 2483 3821 spatio
2533 3752 2815 3820 persanari
2864 3751 3034 3822 plagae
3067 3752 3361 3819 potuerint,
3395 3761 3494 3806 aut

1910 3842 2053 3897 ellici
2077 3844 2207 3913 quin
2260 3843 2548 3898 luculenta:
2594 3844 2883 3898 cicatrices
2934 3844 3187 3897 reducem
3223 3844 3399 3913 ipsum
3437 3844 3490 3897 in

1912 3939 2101 3993 urbem
2154 3937 2333 3991 adhuc
2372 3935 2762 3990 deformarent.
2809 3932 3077 3988 Czeterum
3118 3943 3246 3988 tunc
3294 3934 3372 3987 illi
3425 3948 3492 3988 eo

1909 4032 2104 4087 itinere
2135 4029 2543 4097 Adrianopollm
2593 4028 2903 4082 advenienti
2941 4028 3182 4081 occurrit
3214 4035 3396 4080 certus
3425 4027 3494 4082 de

1909 4125 2059 4179 caede
2085 4121 2430 4178 Consxantiui
2459 4120 2704 4175 nuntius.
2729 4120 2864 4172 Cum
2895 4120 3039 4174 enim
3071 4118 3407 4195 adolesceret
3436 4118 3490 4173 iu

1910 4217 2029 4271 dies
2059 4216 2299 4286 potentia
2348 4214 2637 4277 Lachanze,
2676 4221 2728 4268 et
2763 4212 2980 4282 Bulgari
3037 4213 3236 4282 passim
3284 4228 3313 4265 a
3364 4226 3491 4282 rege

1909 4326 2011 4365 suo
2053 4310 2190 4379 ipsis
2238 4317 2420 4377 spreto
2469 4307 2534 4361 ad
2570 4307 2861 4362 subulenm
2896 4292 3212 4369 deiicere-nt,
3265 4320 3363 4360 nec
3393 4305 3488 4375 qni

1910 4403 2177 4473 potuisset
2208 4403 2473 4457 obsistere
2513 4398 2993 4470 Sphi-ntisthlabns
3034 4397 3199 4470 434
3231 4414 3492 4468 superes-

1909 4507 2012 4559 set,
2041 4495 2322 4550 insidiosis
2356 4494 2538 4548 Mariae
2598 4492 2968 4548 delinimentis
3031 4493 3199 4546 miser
3251 4491 3493 4545 lucratus

227 4598 489 4636 ra-orem.
525 4584 681 4635 liuue
723 4598 821 4635 sua
867 4591 1178 4651 suspectare
1221 4582 1505 4651 prudentia
1556 4582 1802 4651 cogehat,
1839 4581 1882 4634 Ὀ
1912 4586 2160 4646 exitium,
2206 4600 2491 4653 procerum
2531 4598 2657 4636 vero
2704 4584 2877 4652 gentis
2913 4581 3006 4651 qui
3061 4581 3300 4635 maxime
3347 4579 3492 4633 Con-

226 4664 592 4730 ne'rsnliesset
634 4675 717 4729 his
764 4676 1043 4745 quidpiam
1093 4676 1412 4743 iucomperti
1464 4676 1590 4730 mali
1624 4692 1638 4730 :
1670 4689 1804 4742 quo-

180 4824 187 4829 ,
228 4768 390 4822 nimio
439 4767 581 4821 enim
629 4768 791 4820 homo
842 4779 948 4820 tam
984 4767 1106 4821 vilis
1150 4776 1257 4820 tam
1293 4781 1487 4820 secure
1534 4767 1800 4835 prodiret,

228 4861 328 4913 nisi
382 4864 682 4927 productus
714 4859 912 4912 fiducia
954 4872 1118 4925 opum
1166 4874 1271 4910 non
1304 4856 1706 4926 apparentium,
1752 4866 1804 4909 et

228 4954 398 5008 multo
432 4953 698 5020 majorum
746 4968 909 5021 quam
955 4968 1077 5022 qua:
1124 4960 1500 5015 cernerentur,
1528 4948 1633 5003 sibi
1667 4964 1801 5002 cou-

226 5048 371 5103 sius
420 5046 656 5099 virium?
698 5046 965 5100 Caeterum
1013 5046 1066 5099 in
1117 5044 1391 5099 communi
1442 5041 1805 5096 admiratione

225 5115 955 5193 amborum‘Constantinus
1004 5141 1183 5197 solus.
1232 5151 1392 5205 quem
1444 5134 1665 5203 periculi
1722 5135 1804 5188 vis

229 5230 585 5300 propinquior
608 5240 811 5293 ureret,
843 5231 1068 5299 trepidis
1096 5230 1291 5298 raptim
1322 5229 1524 5283 habitis
1547 5228 1802 5296 totojugo

229 5321 533 5377 delet-tibus
559 5362 573 5385 ,
612 5321 1005 5377 admovendam
1063 5330 1281 5375 strenue
1336 5320 1544 5388 putavit
1579 5334 1801 5375 manum

230 5416 470 5469 remedio
496 5418 622 5470 mali
650 5418 809 5487 longe
840 5417 981 5470 ultra
1008 5429 1167 5485 quam
1201 5414 1487 5483 quisquam
1515 5412 1801 5483 imaginari

231 5509 499 5575 potuisset
551 5509 986 5577 inepinatissiine
1043 5509 1316 5562 nascentis
1371 5507 1799 5574 crcscentisque.

229 5600 395 5655 Porro
452 5606 746 5673 imperator
819 5604 1057 5656 nondum
1115 5602 1206 5655 ille
1257 5603 1477 5672 quidem
1528 5600 1804 5670 expedivit

231 5695 511 5747 tonsilium
545 5696 781 5749 bellandi
816 5717 824 5748 :
858 5705 1036 5748 tamen
1069 5694 1170 5748 sibi
1200 5694 1653 5763 prolieisceudum
1683 5709 1801 5746 ver-

232 5806 320 5839 sus
347 5789 508 5843 istum
544 5790 766 5842 limitem
798 5787 1101 5849 constituit,
1139 5786 1335 5856 partim
1392 5796 1449 5839 ut
1483 5802 1549 5839 ex
1580 5786 1801 5856 propin-

239 5897 335 5951 quo
364 5884 710 5955 CtIgnOSt‘crcl
734 5882 935 5937 certius
970 5890 1047 5947 et,
1077 5881 1117 5933 si
1146 5879 1272 5953 quid
1308 5879 1380 5934 ibi
1411 5880 1643 5949 labaret,
1673 5896 1801 5935 (Utt—

1907 4678 2149 4731 stantino
2194 4677 2539 4739 studuerant,
2576 4676 2769 4743 partim
2817 4674 3100 4730 sceleratis
3127 4672 3308 4726 Maria:
3337 4671 3495 4724 ineli-

1908 4770 2149 4823 tionibus
2195 4768 2462 4824 interfecti
2516 4768 2768 4835 fuiSsent,
2802 4769 2897 4839 qui
2947 4783 3075 4823 vero
3120 4767 3492 4822 adhuc'vive-

1908 4858 2038 4914 haut
2085 4862 2279 4929 partim
2328 4860 2466 4915 falso
2510 4871 2963 4930 suspectat-eiitur
3003 4859 3160 4929 quasi
3198 4858 3492 4913 rebellibus

1909 4954 2169 5018 faverent,
2216 4955 2414 5024 partim
2466 4970 2651 5009 revera
2684 4952 3261 5023 regnantibus'oﬂ'ensi
3294 4954 3494 5021 pende-

1906 5059 2029 5100 rent
2080 5047 2132 5101 in
2185 5045 2665 5115 praevalescentem
2720 5046 3041 5111 factionem,
3095 5044 3491 5101 Constantinus

1908 5138 2079 5191 ferme
2112 5137 2262 5191 solus
2298 5136 2350 5189 in
2383 5137 2560 5191 medio
2592 5137 2813 5191 rclicxus
2841 5139 2951 5191 acri
2982 5137 3308 5192 necessitate
3338 5151 3492 5190 com-

1906 5230 2099 5298 pulsus
2133 5239 2218 5283 est
2265 5238 2475 5285 tentare
2526 5244 2649 5283 cum
2705 5230 2893 5296 paucis
2929 5244 3091 5297 opum
3137 5228 3485 5297 antiquarum

1906 5323 2151 5392 reliquiis
2181 5323 2353 5377 aleam
2388 5324 2510 5377 belli
2540 5332 2594 5376 et
2626 5338 2685 5377 se
2711 5323 2978 5378 Lachanze
3003 5322 3114 5391 jam
3150 5324 3326 5392 ipsum
3356 5337 3489 5376 con-

1906 5419 2165 5472 temnenti
2211 5419 2466 5485 objicere.
2503 5416 2827 5472 Instructam
2863 5434 2993 5488 ergo
3019 5427 3207 5472 contra
3244 5416 3488 5474 inferens

1905 5510 2077 5565 aciem
2112 5508 2228 5580 ipse
2276 5511 2329 5565 in
2358 5527 2520 5565 curru
2553 5521 2766 5576 vectus,
2798 5520 2848 5564 et
2884 5511 2974 5564 fidi
3011 5512 3056 5563 ei
3090 5510 3272 5580 pauci,
3312 5510 3487 5578 repri-

1906 5619 2055 5657 mere
2106 5603 2339 5671 impetus
2376 5602 2596 5669 impune
2634 5603 2897 5657 hactenus
2946 5603 3316 5673 grassantium
3358 5610 3487 5658 sunt

1904 5698 2105 5752 adorti.
2138 5697 2205 5751 At
2238 5696 2524 5751 Laelianas
2570 5706 2758 5752 contra
2803 5713 2861 5752 se
2898 5698 3242 5753 venientibus
3285 5712 3484 5752 occur-

1906 5804 2053 5853 rens,
2106 5787 2271 5842 simul
2325 5788 2477 5852 vidit,
2531 5789 2693 5843 simul
2742 5789 3002 5856 admovit,
3054 5789 3217 5845 simul
3268 5804 3486 5843 v:esauo

1902 5882 2121 5939 irruens
2155 5882 2356 5954 impetu
2388 5882 2546 5938 cwdit
2586 5883 2885 5940 exercitum
2922 5895 2973 5941 et
3005 5884 3159 5957 plene
3193 5884 3386 5950 vineit;
3418 5897 3482 5937 ac
