3964 6544
247 381 356 444 9ὒ5

244 495 340 548 καὶ
371 491 635 563 φυλακαῖς
668 481 787 552 ταῖς
824 485 1229 559 προσηκούσαις
1286 485 1488 538 ἐδίδοτο
1511 501 1524 514 ·
1565 482 1729 537 Ἄσαν
1761 479 1818 532 δέ
1845 481 1896 542 Α

248 587 346 638 καὶ
405 587 500 636 σὺν
554 581 780 652 Εἰρήνῃ,
834 581 932 651 οὐχ
961 579 1097 647 ἅμα,
1154 577 1290 632 ἀλλὰ
1329 576 1464 647 μετὰ
1518 575 1610 628 τὸν
1653 572 1816 626 am

245 676 452 746 ἐκείνη,
510 674 772 744 βασιλέως
802 675 938 743 πρδς
994 673 1145 724 πόλιν
1180 672 1428 731 ἐλθόντος
1460 668 1658 736 ἀνέδην
1695 666 1818 720 ἐπέ-

244 769 432 821 εαινον
466 768 737 836 Τερνόὸου
767 771 859 819 καὶ
888 766 1127 836 βασιλεῖς
1157 765 1510 833 ὲφημίζοντο.
1545 758 1654 814 Ἦν
1693 759 1736 811 δ’
1763 762 1819 811 ἐν

246 864 362 924 τοῖς
399 861 633 930 μάλιστα
665 863 776 912 τῶν
817 858 1162 930 προύχόντων
1201 859 1295 909 καὶ
1351 855 1650 926 Τερτερῆς,
1682 845 1726 920 ᾧ
1756 853 1822 918 δὴ

253 952 346 1003 καὶ
372 952 625 1020 μεγάλως
653 949 712 1002 τὸ
734 949 1102 1019 Βουλγαρικὸν
1122 950 1381 1018 προσεῖχε
1412 949 1505 999 καὶ
1529 946 1660 1016 παρ’
1682 947 1824 996 ἐκεί-

247 1055 362 1101 νοις
401 1038 778 1107 ἐμεγαλίζετο.
817 1038 1017 1090 Τοῦτον
1058 1038 1308 1089 ἐϐούλετο
1339 1035 1438 1104 μὲν
1467 1036 1719 1104 inmisit;
1747 1033 1823 1103 τῷ

262 1131 430 1183 Ἄσαν
466 1130 607 1182 κατὰ
629 1129 786 1196 γένος
818 1129 1090 1197 συνείρειν
1109 1127 1204 1179 καὶ
1227 1128 1395 1196 τιμᾷν
1427 1125 1699 1194 ἀξιώμασι
1721 1141 1735 1154 θ
1764 1126 1822 1176 τὸ

247 1221 359 1289 γὰρ
396 1222 638 1290 ὑφέρπον
665 1221 758 1272 ἀπ’
781 1221 990 1271 ἐκείνου
1048 1220 1183 1288 πρὸς
1235 1219 1516 1287 βασιλείαν
1564 1219 1698 1269 πολὺ
1730 1213 1819 1287 ἦν,

247 1315 369 1365 ἐπεὶ
400 1330 488 1364 και
531 1311 855 1380 στρατηγῶν
882 1311 1036 1379 δῆλος
1072 1307 1141 1380 ἦν
1167 1309 1261 1362 τοῦ
1321 1310 1564 1380 μείζονος
1601 1309 1818 1376 ἐφιέμεη

248 1421 359 1456 ν;-;.
405 1402 689 1472 Ἐμποδὼν
717 1403 759 1455 δ’
796 1400 862 1473 ἦν
895 1405 1005 1466 τοῖς
1032 1403 1442 1473 βουλευομένοές
1481 1403 1512 1470 ἡ
1552 1402 1781 1466 σύζυγος
1808 1417 1822 1430 ·

248 1499 310 1545 τὸ
370 1497 479 1564 γὰρ
542 1496 747 1566 ταύτην
803 1495 995 1562 ἔχοντα
1051 1496 1315 1565 τιμᾶσθαι
1346 1494 1511 1563 μηδὲν
1542 1494 1619 1564 τῷ
1666 1495 1827 1546 ’Λσάν

256 1591 397 1640 κατὰ
429 1593 579 1655 γένος,
605 1591 952 1641 συνάπτοντα
980 1589 1349 1656 λαμϐάνοντος
1372 1587 1574 1656 μᾶλλον
1597 1581 1664 1657 ἦν
1690 1585 1825 1653 πρὸς

250 1681 349 1750 τὴι
383 1681 489 1732 τῶν
518 1681 936 1750 ὑπονοουμένων
979 1681 1174 1748 ἄναψιν
1207 1679 1456 1730 πὶείστον
1488 1679 1609 1730 ὅσον
1654 1676 1829 1747 ἐμπύο

254 1790 458 1841 ρευμα.
494 1774 591 1825 Διά
623 1771 780 1825 τοῦτο
810 1776 905 1825 καὶ
940 1772 1220 1840 Δεσπότην
1256 1772 1530 1842 προτείνει
1553 1772 1748 1834 ποιεῖν,
1782 1770 1830 1821 εἰ

1193 365 1290 436 DE
1345 369 1740 434 MtCHAELE
1786 365 2248 429 PALA‘ZOLOGO
2283 364 2434 427 LIB.
2473 365 2574 429 VI.

3393 362 3500 428 906

2025 475 2089 530 0'.
2130 476 2330 542 Ὅπως
2363 475 2540 529 Ἀσὰν
2567 475 2633 528 ἐκ
2665 476 2949 544 Τερνόὸου
2975 475 3390 545 ἀπεχώρησεν.

1999 567 2084 640 [Ρ.
2120 564 2248 637 306]
2293 562 2450 638 Εἶχεν
2479 565 2572 620 οὖν
2604 566 2854 621 ἐντεῦθεν
2877 567 2955 639 τῷ
2975 569 3154 622 δοκεῖν
3191 569 3260 622 τὰ
3288 571 3502 640 μεγάλα

1930 664 2066 730 πρῦς
2123 661 2414 730 συνεργίαν
2470 662 2497 712 ὁ
2555 661 2732 726 Ἀσὰν,
2784 661 2879 714 καὶ
2929 663 3119 732 χρόνος
3147 663 3328 730 ὀλίγος
3353 663 3504 735 αὐτῷ

1931 755 2270 823 παρεμέτρει
2299 753 2398 823 τὴν
2446 753 2552 805 τῶν
2607 753 2932 824 Βουλγάρων
2979 756 3174 825 ἀρχήν.
3243 757 3398 810 Ἐπεὶ.
3445 759 3503 811 δὲ

1929 850 2142 918 ταχέως
2171 847 2616 916 παρακεκίνηντο
2646 846 2663 916 (
2685 847 2819 916 πρὸς
2842 851 2950 917 γὰρ
2974 850 3233 902 ἀπιστίαν
3258 850 3315 901 τὸ
3341 848 3507 902 Βουλ-

1932 938 2164 1007 γαρικδν
2197 939 2438 1007 ἕτοιμον,
2468 941 2564 990 καὶ
2595 937 2792 1007 αὔραις
2821 939 2936 991 ἔστι
2986 940 3260 994 πιστεύειν
3289 942 3508 1010 ἀνέμων

1935 1032 2138 1101 μᾶλλον
2286 1031 2438 1100 σφῶν
2484 1031 2773 1097 εὐνοίαις),
2819 1031 2916 1084 καὶ
2940 1032 3008 1085 τὰ
3035 1033 3135 1102 τῆς
3159 1034 3504 1098 ἀποστασίας

1930 1127 2079 1196 δῆλοι
2101 1122 2240 1196 ἦσαν
2271 1129 2333 1177 ἐκ
2359 1126 2569 1178 πολλῶν
2599 1125 2900 1190 ὡδίνοντες,
2929 1128 3271 1197 ἀνεζωπύρει
3301 1129 3356 1183 δὲ
3381 1131 3509 1184 τού-

1933 1236 2048 1281 τοις
2082 1219 2179 1281 τὰς
2210 1218 2434 1288 γνώμας
2465 1220 2556 1272 καὶ
2589 1219 2864 1289 Τερτερῆς
2911 1219 3186 1288 κρυφηδόν
3215 1221 3507 1290 βασιλειῶν

1935 1308 2055 1376 ἥδη,
2086 1311 2180 1362 καὶ
2201 1307 2371 1360 τᾶλλα
2405 1308 2634 1378 φανερὸς
2663 1307 2738 1361 ὢν
2765 1311 2846 1371 είς
2867 1310 2966 1376 τὴν
3000 1309 3231 1378 ὑποψίαν
3259 1311 3405 1381 μόνῳ
3430 1311 3508 1380 τῷ

1939 1403 2074 1466 προς
2100 1400 2187 1453 τὸν
2221 1401 2274 1452 Ἀ
2288 1399 2383 1452 σὰν
2408 1399 2563 1469 κήδει
2596 1400 3058 1464 συνεκαλύπτετο,
3081 1403 3156 1465 ὡς
3186 1402 3260 1472 μὴ
3297 1404 3510 1470 προδώ-

1939 1509 2046 1546 σων
2062 1492 2220 1561 δῆθεν
2233 1485 2275 1560 ᾧ
2293 1494 2436 1547 κατὰ
2457 1492 2614 1561 γένος
2635 1495 2956 1564 συνηπτετο,
2974 1495 3200 1546 συνιδὼν
3217 1497 3314 1565 τὴν
3331 1513 3405 1548 πα
3413 1511 3511 1566 ραο

1936 1584 2146 1652 κίνησιν
2170 1586 2197 1636 ὁ
2241 1584 2423 1646 Ἀσὰν,
2459 1586 2556 1638 καὶ
2588 1585 2770 1648 δείσας
2818 1585 2892 1655 μὴ
2933 1587 3298 1656 προλαϐόντες
3343 1589 3511 1658 ἐκρή-

1940 1673 2080 1738 ξοιεν
2103 1674 2160 1725 τὸ
2188 1674 2358 1729 δεινὸν
2377 1678 2467 1728 καὶ
2497 1677 2558 1729 οὐ
2593 1677 2800 1744 φευκτὰ
2820 1676 2997 1728 ἐσοιτό
3019 1678 3066 1728 οί
3099 1677 3166 1729 τὰ
3200 1677 3293 1731 τοῦ
3333 1680 3507 1732 mea.

1941 1786 2054 1830 νου,
2086 1772 2184 1837 τὴν
2212 1769 2391 1839 φυγὴν
2427 1769 2783 1840 εὐσχημόνως
2833 1771 3105 1824 ποιεῖσθαι
3139 1773 3393 1840 προὺνόει
3424 1774 3515 1826 καὶ

251 1869 349 1935 τῆς
383 1867 644 1932 γυναικὸς
677 1864 922 1926 ἀποστὰς
952 1867 1018 1935 τῇ
1050 1862 1142 1916 τοῦ
1197 1864 1359 1916 Ἀσὰν
1412 1861 1722 1934 αὑταδέλφῃ
1755 1862 1832 1922 εἰς
1863 1847 1910 1905 Β
1943 1858 2082 1927 μετὰ
2121 1856 2369 1926 κέρδους.
2402 1858 2468 1912 "0
2496 1858 2558 1929 δὴ
2602 1861 2697 1912 καὶ
2749 1861 3007 1929 ἐνεχώρει
3066 1862 3404 1932 κερδαίνειν·
3445 1864 3514 1916 τὰ

251 1959 436 2024 γάμον
462 1959 809 2012 συνάπτοιτο.
837 1958 1035 2024 Γέγονε
1059 1954 1254 2016 ταῦτα,
1285 1957 1377 2008 καὶ
1400 1959 1432 2024 ἡ
1462 1954 1558 2023 μὲν
1583 1953 1675 2004 τοῦ
1701 1953 1838 2022 Τερ-

251 2051 386 2118 τερή
416 2049 647 2118 σύζυγος
673 2049 901 2118 ἀχθεῖσα
924 2049 1059 2117 πρὸς
1085 2050 1312 2118 βασιλέα
1336 2050 1400 2117 τῇ
1429 2046 1567 2098 κατὰ
1600 2045 1836 2098 Νίκαιαν

259 2143 459 2194 ἐδιδοτο
511 2145 727 2214 φυλακῇ
771 2145 868 2196 σὺν
896 2141 995 2212 υἱῷ
1047 2141 1542 2210 ὐσφεντισθίοάῦῳ,
1578 2140 1611 2208 ὴ
1652 2138 1708 2189 δὲ
1743 2137 1834 2190 τοῦ

257 2231 427 2286 ’Λσὲν
453 2235 765 2304 αὑταδέλφη
819 2234 894 2303 τῷ
948 2234 1191 2304 Τερτερῇ
1224 2231 1600 2302 συνηρμόζετο
1645 2232 1734 2282 καί
1760 2229 1836 2282 τῶ

257 2326 358 2395 τῆς
376 2325 697 2389 δεσποτείας
726 2325 999 2396 ἀξιώματι
1031 2324 1408 2394 ἐσεμνύνοντο.

263 2510 528 2564 emtodize
561 2509 911 2564 convenienli
939 2507 1232 2563 commissa
1255 2516 1358 2560 est.
1395 2509 1540 2560 Asan
1571 2520 1700 2560 vero
1728 2520 1838 2559 non

266 2610 391 2653 tunc
417 2599 580 2653 simul
613 2615 736 2652 cttm
779 2598 933 2651 Irene
967 2597 1080 2667 (illa
1132 2596 1276 2650 enim
1303 2603 1424 2663 post
1477 2596 1714 2649 Asanetn
1773 2611 1840 2649 eo

270 2707 348 2742 vet
375 2691 439 2753 it,
486 2690 816 2755 imperatore
839 2690 952 2757 jam
1009 2685 1538 2756 Constantinopolim
1596 2684 1840 2754 reverso)

275 2795 466 2849 magna
501 2781 820 2833 celebritate
850 2779 1050 2833 invecti
1077 2787 1200 2831 sunt
1227 2775 1542 2831 'I‘ernobum
1598 2784 1653 2828 et
1687 2791 1840 2845 reges

269 2873 580 2932 acclatnati.
628 2872 753 2926 Erat
788 2882 950 2941 porro
989 2871 1132 2924 inter
1170 2885 1422 2938 proceres
1473 2868 1738 2937 dignitate
1784 2867 1840 2920 in

274 2960 524 3030 Bulgaria
573 2971 893 3030 praestantes
951 2961 1169 3030 quidam
1241 2958 1510 3019 Terteres,
1593 2958 1842 3010 masinne

273 3052 415 3122 apud
486 3067 608 3106 eam
657 3061 873 3119 gentem
913 3049 1335 3105 existimationis
1392 3058 1446 3102 et
1494 3048 1681 3118 gratia:
1737 3047 1839 3111 vir,

271 3147 620 3215 summisque
645 3145 711 3199 ab
746 3145 814 3199 iis
853 3144 1036 3200 efferri
1067 3151 1121 3198 et
1160 3142 1463 3197 honoribus
1491 3150 1547 3196 et
1588 3140 1840 3195 laudibus

273 3233 493 3288 solitus.
556 3233 714 3288 Hunc
772 3235 1070 3302 imperator
1107 3233 1280 3288 voluit
1331 3230 1501 3286 Asani
1558 3230 1858 3285 afﬁnitatis-

274 3324 682 3380 neeessitudine
745 3324 978 3392 jungere
1042 3331 1096 3375 et
1129 3321 1489 3390 dignitatibus
1545 3322 1838 3383 honorare,

273 3429 676 3484 praeversurum
734 3429 792 3468 se
827 3422 978 3466 ratus
1014 3412 1119 3465 hoc
1179 3419 1336 3480 pacto
1369 3411 1672 3478 periculum
1709 3409 1846 3463 iusi-

276 3506 490 3560 diarum
521 3506 819 3560 innninens
854 3521 1000 3559 novo
1040 3505 1150 3574 regi
1192 3504 1260 3558 ab
1302 3503 1521 3557 homine
1555 3518 1716 3572 quem
1752 3518 1846 3571 po-

279 3610 399 3654 tens
423 3599 590 3653 factio
637 3615 861 3653 suorum
895 3599 1034 3652 clam
1088 3597 1155 3651 ad
1194 3612 1416 3665 regnum
1474 3597 1842 3664 promovebat,

278 3706 328 3750 et
352 3697 534 3764 ipsum
562 3694 769 3749 bellicae
811 3692 1020 3763 peritiae
1053 3690 1196 3744 fama
1228 3689 1515 3760 inclytum,
1547 3689 1750 3758 quique
1771 3688 1844 3743 ita

282 3787 548 3842 militares
582 3786 845 3852 gessisset
894 3782 1271 3854 praefecturas,
1330 3791 1388 3836 ut
1419 3781 1538 3850 plus
1568 3779 1844 3850 quidpiam

280 3879 493 3948 privato
529 3877 750 3946 fastigio
776 3888 1025 3946 spectare
1059 3889 1088 3928 a
1120 3873 1363 3943 peuitius
1398 3871 1737 3925 intuentibus
1759 3886 1847 3925 es—

278 3983 358 4027 set
391 3970 833 4025 animadversus.
869 3968 1138 4022 (laterum
1169 3966 1296 4019 huic
1348 3964 1695 4033 imperatoris
1727 3976 1846 4017 stu-

281 4062 370 4116 dio
391 4062 738 4115 incommode
777 4059 1030 4114 obstabat
1061 4073 1201 4112 uxor
1239 4071 1403 4126 quam
1440 4065 1554 4110 tum
1614 4054 1849 4108 habebat

281 4152 574 4220 Terteres;
632 4153 718 4208 cui
755 4152 801 4208 si
845 4152 900 4206 in
941 4165 1008 4206 eo
1063 4151 1241 4220 primo
1292 4148 1549 4218 eonjugio
1580 4147 1849 4218 perstanti

284 4251 519 4302 honores
536 4257 590 4301 et
611 4245 870 4302 beneticia
895 4246 1192 4314 imperator
1209 4252 1546 4314 congereret,
1574 4241 1706 4295 nihil
1725 4243 1853 4294 Asa-

282 4354 401 4393 nem
435 4339 675 4409 juvaret,
729 4340 823 4392 sed
869 4338 1057 4407 potius
1117 4338 1238 4406 ejus
1277 4336 1578 4406 periculum
1627 4341 1852 4402 augeret

283 4430 525 4500 potentia
550 4430 671 4499 ejus
697 4428 879 4482 annuli
912 4428 1067 4482 novis
1089 4443 1255 4496 apum
1294 4424 1707 4480 accessionibus
1729 4439 1851 4477 eor-

1939 1949 2048 2022 γὰρ
2072 1953 2170 2020 τῆς
2196 1952 2477 2023 βασιλείας
2527 1953 2634 2004 τῶν
2667 1951 2996 2021 Βουλγὰρων
3028 1955 3346 2022 πράγματα,
3385 1953 3419 2007 δ.
3448 1954 3513 2025 δὴ

1941 2042 2033 2095 καὶ
2064 2044 2304 2096 κάλλιστ’
2323 2039 2471 2113 εἶχον
2504 2044 2565 2096 ἐκ
2599 2042 2884 2112 Ῥωμαίων
2909 2043 3165 2105 λαϐόντες
3194 2047 3514 2113 ἡττημένων

1939 2132 2000 2184 τὸ
2029 2134 2197 2186 πάλαι
2218 2123 2654 2204 στρατηγοῦντος
2679 2133 2772 2186 τοῦ
2800 2133 3063 2203 βασιλέως
3103 2136 3392 2200 Ἰσαακίου,
3423 2153 3514 2189 και

1941 2218 1994 2292 γ’
2024 2226 2295 2279 ἐνέκειντο
2325 2225 2802 2295 τεθησαυρισμένα
2837 2227 2955 2279 κατ’
2981 2225 3209 2296 αὒχημα
3245 2228 3445 2295 μᾶλλον
3479 2228 3512 2298 ἢ

1941 2319 2082 2370 κατὰ
2139 2318 2350 2387 χρείαν,
2412 2316 2586 2370 ταῦτα
2635 2317 2700 2384 δὴ
2732 2318 2830 2370 καὶ
2881 2319 3004 2370 ὅσον
3038 2315 3106 2389 ἧν
3138 2319 3266 2373 ἄλλο
3317 2320 3514 2388 φόρτος

1944 2499 2137 2553 tulisse
2198 2499 2528 2565 videbatur;
2587 2497 2682 2553 sed
2724 2497 3012 2553 videbatur
3061 2507 3306 2553 tantum.
3377 2499 3514 2555 Nam

1942 2599 2139 2645 eventu
2166 2605 2292 2643 mox
2329 2590 2450 2658 ipso
2479 2589 2730 2659 apparuit
2767 2605 2870 2643 non
2903 2589 3216 2642 diuturnam
3244 2605 3368 2644 eum
3398 2591 3518 2659 ejus

1944 2682 2290 2753 principatus
2320 2683 2676 2753 Bulgarorum
2711 2683 3120 2750 possessionem
3157 2683 3374 2738 adiisse.
3409 2685 3516 2738 Nu-

1947 2789 2062 2831 tare
2098 2775 2188 2830 illa
2223 2776 2330 2829 cito
2383 2775 2547 2844 cmpit
2611 2775 2965 2829 nobilissima:
3021 2775 3241 2830 levitate
3295 2776 3515 2846 gentis:

1944 2871 2160 2939 Bulgari
2193 2869 2338 2923 enim
2386 2870 2521 2922 adeo
2546 2870 2612 2921 ad
2660 2868 2940 2936 perﬁdiam
2988 2866 3175 2922 faciles
3225 2869 3514 2931 habentur.

1946 2974 2004 3016 ut
2062 2978 2208 3016 aurae
2274 2972 2436 3030 atque
2507 2959 2892 3014 incertissimis
2949 2960 3168 3015 flatibus
3226 2971 3516 3016 ventorum

1946 3053 2110 3124 quam
2141 3056 2334 3107 horum
2368 3052 2758 3107 benevolentiae
2793 3051 3065 3106 c0nﬁderc
3099 3053 3171 3107 sit
3206 3054 3392 3109 tutius.
3440 3056 3519 3112 Ac

1871 3187 1912 3246 ο
1948 3144 2308 3202 defectionem
2354 3145 2572 3214 quidem
2634 3145 2704 3199 ab
2751 3145 2930 3198 Asane
2965 3147 3261 3204 machinari
3310 3165 3402 3204 eos
3451 3161 3519 3206 ex

1949 3237 2137 3292 multis
2167 3237 2468 3305 apparebat
2501 3255 2515 3292 :
2551 3237 2828 3316 escitabat
2869 3248 3048 3293 autem
3107 3239 3347 3307 ipsorum
3373 3241 3428 3296 in
3463 3243 3517 3296 id

1947 3317 2127 3382 studia
2159 3327 2412 3382 Terteres
2444 3328 2663 3382 arcanis
2715 3331 3090 3387 molitianibus
3120 3349 3344 3402 regnum
3389 3336 3518 3390 all‘e-

1949 3433 2126 3476 ctans.
2154 3419 2455 3476 Eastabant
2481 3422 2700 3490 quidem
2731 3423 2932 3478 indicia
2979 3439 3087 3478 non
3113 3442 3246 3479 vana
3289 3444 3410 3495 qua:
3439 3439 3519 3483 ta-

1949 3513 2017 3568 lis
2070 3513 2216 3567 hunc
2265 3513 2585 3568 ambitionis
2631 3524 2943 3584 suspectum
2980 3517 3178 3571 merito
3233 3519 3520 3578 facerent:

1948 3602 2042 3656 sed
2087 3617 2148 3655 ea
2184 3617 2248 3656 ne
2279 3601 2851 3657 animadverterentur
2895 3605 3248 3662 inumbrabat
3281 3609 3520 3666 affinitas

1948 3696 2070 3760 ejus
2109 3711 2232 3747 cum
2288 3696 2490 3749 Asane.
2553 3694 2688 3759 Quis
2727 3697 2870 3751 enim
2905 3697 3063 3752 facile
3112 3701 3358 3756 crederet
3407 3720 3509 3759 suo

1951 3789 2127 3856 ipsum
2153 3787 2404 3842 insidiari
2433 3789 2640 3858 generi,
2671 3799 2724 3843 et
2755 3790 2984 3860 prodere
3023 3807 3085 3845 ac
3107 3804 3347 3849 evertere
3379 3799 3512 3851 velle

1953 3880 2232 3932 hominem
2260 3880 2418 3950 cujus
2465 3880 2689 3934 haberet
2730 3881 2785 3934 in
2831 3882 3180 3937 matrimonio
3236 3891 3520 3942 sororem?

1953 3969 2193 4022 Tandem
2230 3978 2408 4022 tamen
2441 3969 2620 4038 erupit
2657 3985 2745 4024 res
2773 3969 2826 4022 in
2864 3970 3112 4024 notitiant
3157 3973 3379 4027 minime
3406 3975 3517 4046 jam

1952 4059 2175 4114 dubiam
2204 4060 2424 4114 Asanis.
2457 4059 2639 4126 Quare
2668 4061 2760 4114 ille
2794 4062 3002 4117 veritus
3032 4078 3099 4116 ne
3121 4065 3518 4132 opprimeretur

1953 4151 2250 4220 improviso
2313 4152 2549 4222 quodam
2593 4153 2797 4207 assultu
2847 4168 2949 4208 nec
3001 4153 3184 4208 salvus
3221 4148 3520 4224 periculum

1952 4244 2233 4309 evaderet,
2291 4259 2675 4314 praeoccupare
2710 4244 2894 4315 fugam
2954 4247 3169 4310 statuit,
3232 4245 3537 4304 honestum‘

1954 4344 2270 4406 praetextum
2308 4335 2611 4392 obtendens
2645 4334 2899 4401 consilio,
2933 4345 2991 4390 ut
3036 4337 3276 4399 rebatur,
3325 4353 3520 4393 neces-

1954 4427 2144 4494 sario;
2217 4427 2365 4495 quod
2411 4428 2577 4481 etiam
2647 4437 3023 4494 quaestuosum
3075 4427 3254 4484 facere
3311 4431 3522 4486 studuit

284 4523 620 4584 roboranda,
688 4531 740 4574 et
797 4519 956 4589 quasi
1009 4516 1408 4572 aecutnulando
1462 4530 1603 4569 novo
1633 4514 1845 4577 fomite,
1882 4525 1926 4582 ί)
1955 4521 2134 4590 paeda
2161 4519 2395 4588 adjecta.
2439 4518 2800 4575 Occasionem
2834 4522 2978 4575 enim
3021 4521 3137 4587 ejus
3167 4520 3242 4575 rei
3277 4538 3522 4576 οοηιηιυ-

282 4629 390 4682 quo
414 4611 648 4682 facilius
691 4613 1076 4666 exardesceret
1106 4609 1416 4662 incetntium
1473 4606 1847 4661 formidatum.

283 4706 456 4775 Igitur
492 4705 908 4776 proponendum
944 4701 1154 4756 Terteri
1197 4701 1408 4755 curavit
1462 4701 1756 4767 imperator
1793 4714 1853 4753 se

285 4803 567 4868 despotam
613 4813 735 4851 eum
769 4807 1106 4860 creaturum,
1141 4795 1186 4848 si
1217 4795 1516 4863 repudiata,
1564 4809 1723 4862 quam
1758 4792 1854 4845 ba-

285 4892 458 4954 beret,
494 4888 730 4957 conjuge
768 4888 934 4942 vellet
974 4887 1025 4939 in
1063 4901 1259 4940 novam
1311 4900 1571 4954 sponsam
1606 4883 1852 4950 accipere

285 4996 533 5036 sororem
568 4979 791 5034 Asanis.
820 4977 986 5032 Facta
1014 4977 1128 5032 haec
1179 4986 1324 5040 sunt,
1359 4976 1468 5030 cito
1522 4974 1853 5029 assentiente

285 5072 532 5138 'I'ertere,
560 5071 720 5141 cujus
747 5070 946 5138 conqu
969 5068 1118 5137 prior
1173 5083 1296 5121 cum
1351 5069 1486 5130 filio,
1535 5066 1854 5136 Ospbentis-

285 5167 502 5222 thlabO‘
531 5163 698 5226 dicto,
739 5162 805 5216 ad
852 5162 1231 5228 imperatorem
1284 5156 1450 5228 448
1474 5159 1633 5212 ducta
1691 5158 1852 5227 hujus

281 5261 442 5329 jussu
469 5255 738 5313 custodiae
769 5254 1026 5308 mandata
1061 5252 1202 5320 apud
1233 5250 1465 5304 Nica'am
1489 5262 1595 5305 est.
1653 5252 1852 5308 Asanis

286 5367 415 5408 vero
445 5365 704 5422 germana
733 5346 946 5403 'I‘erteri
975 5345 1180 5414 nupsit,
1209 5359 1260 5399 et
1295 5345 1421 5398 ltOtI
1474 5347 1658 5414 sponsi
1693 5346 1851 5400 titulo

286 5449 640 5513 despotarum
670 5439 1012 5495 cohonestati
1041 5445 1193 5492 sunt.

596 5579 648 5634 9.
695 5557 760 5632 Ut
792 5577 940 5631 Asan
973 5575 1206 5630 Teruobo
1242 5577 1533 5631 recesserit.

357 5711 482 5768 Haec
510 5709 754 5766 Terteris
785 5707 1017 5762 allinitas
1047 5720 1298 5774 magnam
1331 5704 1497 5759 Asani
1535 5703 1851 5762 facultatem

295 5805 574 5863 obtinendi
600 5819 792 5859 secure
822 5801 968 5872 quod
1008 5810 1563 5868 capesserecmperat
1597 5801 1746 5870 regni
1779 5813 1853 5855 at-

602 5901 869 5960 PATROL.
912 5897 1028 5956 Gn.
1061 5893 1289 5954 CXLIII

1953 4612 2078 4666 dam
2103 4612 2209 4666 sibi
2238 4623 2429 4667 nactus
2455 4612 2745 4667 videbatur
2777 4613 2985 4668 habens
3013 4613 3068 4668 in
3101 4624 3369 4684 poteState
3401 4618 3521 4670 the-

1953 4719 2176 4757 saurum
2213 4703 2420 4773 regium
2473 4704 2756 4774 Bulgariar,
2796 4705 2850 4758 in
2883 4721 2992 4774 quo
3032 4708 3271 4776 supellex
3307 4708 3519 4776 specio-

1955 4799 2175 4854 sissima
2218 4809 2273 4853 et
2323 4801 2722 4870 pretiosissima
2764 4801 3085 4856 Servabantur
3130 4819 3194 4856 ex
3261 4802 3522 4859 Romanis

1955 4890 2084 4944 olim
2123 4903 2296 4961 parta,
2328 4894 2549 4963 quando
2579 4893 2813 4948 ducente
2839 4894 3054 4949 Isaacio
3109 4896 3356 4965 Augusto
3385 4899 3525 4953 male

1954 4983 1992 5036 ii
2026 4999 2152 5038 cum
2206 4985 2454 5053 Bulgaris
2487 4996 2889 5056 pugnaverunt,
2919 4987 3138 5041 amissis
3165 4987 3526 5056 impedimen-

1955 5078 2046 5140 tis,
2077 5077 2130 5130 in
2171 5077 2370 5145 quibus
2399 5078 2617 5131 fuerunt
2658 5078 2776 5146 ipsa
2832 5077 3063 5147 insignia
3118 5079 3362 5147 imperii;
3403 5096 3526 5150 quae

1956 5180 2020 5218 ex
2054 5164 2148 5218 illo
2191 5173 2432 5233 tempore
2463 5165 2684 5220 condita
2717 5165 2956 5221 Ternobi
2978 5167 3428 5223 custodiebantur
3457 5172 3526 5224 ad

1955 5258 2379 5312 ostentationem
2432 5259 2617 5328 potius
2660 5273 2822 5328 quam
2872 5259 2939 5313 ad
2976 5274 3134 5314 usum
3168 5259 3357 5315 alium.
3401 5259 3526 5317 Ilaec

1953 5358 2006 5404 et
2032 5349 2138 5404 alia
2171 5365 2517 5420 quaecunque
2546 5351 2689 5405 elatu
2721 5350 2905 5404 facilia
2930 5359 3141 5421 reperta
3172 5362 3285 5407 tum
3315 5359 3448 5407 sunt
3470 5353 3526 5407 in

1956 5440 2122 5511 regiis
2162 5442 2446 5513 apothecis
2482 5441 3031 5513 Bulgarorum,clam
3083 5445 3373 5515 compilata
3407 5459 3528 5500 sac-

1957 5533 2148 5602 cisque
2177 5533 2343 5605 449
2368 5533 2539 5588 indita
2573 5535 2848 5604 exportari
2879 5545 3043 5591 noctu
3106 5535 3252 5592 Asan
3293 5553 3358 5592 ex
3390 5539 3528 5593 urbe

1957 5619 2214 5676 ’I‘ernobo
2245 5622 2497 5687 curavit;
2536 5623 2764 5693 ipseque
2793 5640 2918 5680 mox
2982 5631 3105 5681 cum
3134 5642 3308 5681 uxore
3338 5642 3402 5680 ac
3431 5641 3530 5680 co-

1959 5713 2150 5766 mitatu
2183 5711 2341 5781 quasi
2373 5710 2542 5765 animi
2571 5712 2743 5782 gratia
2773 5713 2920 5770 ruris
2968 5714 3285 5771 ammnitate
3335 5711 3537 5768 fruitu-

1961 5822 2078 5871 rus,
2105 5821 2362 5874 egressus
2417 5805 2658 5861 indidem
2697 5822 2911 5864 summa
2945 5807 3224 5866 celeritate
3253 5800 3529 5863 Constan-

3097 5900 3172 5962 29
