3964 6522
505 267 607 331 907

1702 269 2028 332 GEORGII
2071 270 2553 347 PACHYMERAS
3228 296 3241 308 '
3620 286 3708 353 908

500 386 849 456 εὐκόμιστος,
885 385 947 438 ὲν
967 382 1166 454 ἀφανεῖ
1199 356 1552 457 περισχόντες
1596 384 1824 451 σάκκοις
1845 387 1940 441 καὶ
1972 386 2074 457 τῆς
2106 398 2150 455 Α
2177 391 2244 445 τὰ
2269 391 2366 461 τῆς
2393 394 2756 465 πατριαρχίας
2775 390 3107 465 διαφέροντι,
3133 394 3271 449 κατά
3294 395 3439 467 μῆνα
3455 396 3712 467 Ληναιῶνα

500 476 708 542 πόλεως
742 473 1069 540 ἐκϐαλόντες
1125 477 1341 543 νυκτὸς,
1396 478 1553 531 αὐτοὶ
1603 479 1730 541 τοὺς
1777 480 1855 541 είς
1886 477 2073 532 ἄνεσιν

497 570 595 623 καὶ
613 568 830 640 τρυφὴν
857 569 969 622 τῶν
1000 568 1108 634 ἔξω
1146 586 1252 623 που
1289 570 1390 639 τῆς
1424 571 1635 634 πόλεως
1668 570 1910 636 ἐξιόντας
1937 587 2073 640 σχη-

503 662 869 731 ματισάμενοι
929 660 1033 715 ἀνά
1065 662 1268 733 κράτος
1321 663 1450 716 εὐθὺ
1503 666 1601 733 τῆς
1661 662 2073 733 μεγαλοπόλεως

500 756 754 824 ἔφευγον.
792 756 903 808 Καὶ
956 754 1176 825 πρῶτον
1233 756 1315 820 εἰς
1364 755 1754 827 Μεσέμσρειαν
1784 756 1890 808 ὑπὸ
1921 755 2074 825 βασι-

497 846 638 918 λικῷ
672 848 872 917 κόμπῳ
921 850 1017 902 καὶ
1076 851 1260 921 τρυφῇ
1305 848 1637 918 φθάσαντες,
1670 848 1746 913 ὡς
1781 850 1857 921 μὴ
1884 866 2070 921 φωρα-

497 941 647 994 θεῖεν
699 940 1025 1009 φεύγοντες,
1087 939 1232 994 οὕτω
1265 941 1514 1014 θαλάσσῃ
1545 941 1782 1012 χρῶνται
1835 942 1928 994 καὶ
1955 940 2075 1012 πλῷ

498 1034 637 1104 πρὸς
664 1035 765 1104 τὴν
808 1032 991 1086 πόλιν.
1055 1033 1165 1086 Καὶ
1198 1034 1263 1104 δὴ
1319 1035 1692 1104 καταχθέντας
1723 1035 1788 1104 τῇ
1815 1034 1956 1087 κατά
1985 1035 2074 1087 τὸν

509 1127 811 1180 Ἀνάπλουν
861 1124 956 1178 τοῦ
1013 1126 1462 1196 ἀρχιστρατήγου
1499 1129 1635 1196 μονῇ
1672 1127 1755 1194 ἐφ’
1782 1127 2016 1197 ἡμέραις
2048 1126 2075 1179 ὁ

496 1220 717 1290 κρατῶν
750 1220 850 1272 οὐκ
872 1219 1109 1288 ἐδέχετο,
1147 1221 1208 1271 ὲν
1245 1219 1382 1289 ὀργῇ
1408 1220 1641 1290 παντοίᾳ
1668 1219 1768 1289 τὴν
1788 1217 2075 1290 ἀποφυγὴν

497 1310 847 1381 ποιούμενος,
872 1311 1049 1365 καὶτὸ
1072 1312 1179 1364 πᾶν
1205 1311 1378 1383 δειλίᾳ
1402 1315 1496 1365 καὶ
1521 1310 1826 1383 κακανδρίᾳ
1845 1312 2074 1365 ἐκείνων

499 1395 727 1476 κρίνων,
759 1404 971 1458 πολλῶν
1001 1404 1181 1458 τόνων
1208 1406 1302 1458 καὶ
1328 1405 1522 1473 ἐξόδων
1553 1405 1831 1459 ἀπώλειαν
1860 1406 1917 1458 ὲν
1943 1406 2077 1475 βρα-

500 1498 608 1567 χεῖ.
652 1495 741 1559 Ὠς
771 1496 817 1550 δ’
848 1497 948 1551 οὐκ
996 1492 1065 1569 ἦν
1103 1498 1164 1550 τὸ
1189 1498 1413 1566 γεγονὸς
1465 1497 1816 1563 ἀναλύεσθαι,
1847 1498 2075 1561 ἐκείνοις

503 1591 603 1660 μὲν
633 1589 965 1660 ῑκχωρείται
1007 1592 1107 1661 τὴν
1158 1592 1313 1644 πόλιν
1348 1591 1692 1655 εἰσελθόντας
1745 1591 1822 1662 τῷ
1867 1591 2078 1662 βασιλεῖ

498 1681 930 1751 ἐμφανίζεσθαι,
987 1680 1072 1755 [Ρ.
1109 1681 1238 1754 5οη
1268 1685 1295 1736 ὁ
1333 1683 1391 1737 δέ
1419 1699 1484 1752 γε
1533 1681 1808 1754 Τερτερῆς
1861 1683 2075 1755 ἐρήμης

500 1769 803 1841 βασιλείας,
830 1770 1104 1826 θελόντων
1128 1773 1224 1826 καὶ
1249 1772 1358 1826 τῶν
1382 1772 1732 1843 Βουλγάρων,
1761 1773 2074 1843 ἐπιλαμϐά-

495 1883 669 1919 νεται.
721 1866 832 1920 Καὶ
881 1865 941 1919 ἐν
979 1865 1061 1918 όλί
1086 1885 1148 1936 τῳ
1181 1865 1278 1937 ἀμ’
1297 1865 1531 1936 ἠκούετο
1553 1865 1826 1936 βασιλείας
1855 1864 2074 1918 ἐπιϐαί-

495 1976 625 2023 νων,
658 1958 755 2011 καὶ
777 1957 892 2029 ἅμα
929 1976 1072 2011 ταινι
1094 1960 1305 2029 δύμενος
1338 1958 1483 2011 κατά
1516 1958 1774 2028 βασιλέας
1801 1955 2077 2027 ἐγκρατὴς

494 2051 604 2105 τῶν
636 2049 968 2121 Βουλγάρων
1026 2045 1114 2121 ἦν.
1155 2049 1319 2103 Ἀλλά
1348 2049 1525 2104 ταῦτα
1573 2050 1673 2120 μὲν
1703 2051 1761 2114 ἐς
1797 2049 2081 2113 τοσοῦτον,

494 2145 562 2198 τά
588 2145 634 2199 δ’
657 2143 909 2197 ἐντεῦθεν
943 2143 1170 2208 ἐσαῦθις
1205 2142 1468 2214 ἐροῦμεν.

497 2309 551 2358 ι’.
585 2303 781 2370 Ὅπως
796 2302 1139 2371 κατηγορίαι
1175 2300 1761 2369 κατεσκευάσθησαν
1787 2300 1940 2355 κατὰ
1970 2300 2076 2355 τοῦ

948 2372 1320 2442 πατριάρχου
1361 2373 1615 2426 Βέμικου.

571 2512 708 2583 Ἤδη
736 2512 793 2565 δὲ
842 2509 1048 2582 χρόνων
1087 2508 1500 2580 παρῳχηκότων
1540 2509 1817 2577 τεττάρων
1857 2507 2080 2578 Ἰωάννῃ

499 2692 782 2764 tinopolim
835 2704 1031 2745 versus
1084 2688 1189 2743 iter
1242 2687 1494 2758 arripuit.
1552 2688 1630 2742 Ae
1684 2686 2074 2741 Mesembream

499 2786 720 2858 quidem
750 2798 923 2854 usque
955 2780 1102 2851 regia
1131 2797 1331 2852 pompa
1373 2783 1616 2851 luxuque
1651 2780 1891 2851 speciem
1930 2794 2082 2834 secu-

498 2879 677 2936 ritatis
706 2884 1091 2942 ostentaruut;
1144 2889 1266 2945 quae
1299 2872 1581 2928 simulatio
1617 2871 1924 2928 necessaria
1955 2882 2071 2928 erat

502 2990 572 3029 ne
604 2972 729 3040 fuga
760 2969 1100 3038 deprehensa
1131 2967 1486 3022 sisterentur.
1531 2965 1799 3020 Caeterum
1843 2964 1917 3019 ibi
1944 2980 2081 3018 nave

2175 484 2273 555 τῆς
2317 484 2552 556 ἑϐδόμης
2602 485 2928 551 ίνδικτιῶνος
2977 486 3149 540 δειναὶ
3197 487 3518 559 κατηγορίαι
3563 488 3715 562 τούτῳ

2177 580 2330 649 παρά
2376 595 2536 631 τινων
2565 576 2661 631 τοῦ
2698 577 2900 649 κλήρου
2944 579 3369 651 συρρἀτονται,
3399 579 3603 650 ψευδεῖς
3631 584 3715 651 μὲν

2176 671 2273 723 καὶ
2306 670 2556 734 διακενῆς
2602 671 2663 722 τὸ
2689 671 2973 740 παράπαν,
3005 671 3065 725 οὐ
3102 671 3208 741 μὴν
3245 671 3299 725 δὲ
3327 671 3423 724 κα)⁵
3466 671 3719 744 δυσχερεῖς

2176 760 2253 832 τῷ
2285 761 2575 832 κρατοῦντι
2603 762 2877 832 δέχεσθαι.
2903 757 3012 815 Ἦν
3038 763 3148 833 γὰρ
3178 763 3371 833 ἐκείνῳ
3394 762 3480 817 διά
3506 765 3718 836 σπουδῆς

2179 852 2437 923 πλείστης
2484 855 2762 924 υποχαλᾷν
2790 854 2884 908 τὸν
2931 856 3082 907 τόνον
3108 853 3205 907 τοῦ
3236 855 3398 925 ζήλου
3426 855 3502 925 τῷ
3544 873 3719 927 πατριι

2178 947 2344 1018 ἄρχῃ,
2400 946 2495 1000 καὶ
2550 946 2754 1018 μᾶλλον
2809 947 2878 1003 τά
2924 947 2973 1000 οἱ
3033 947 3346 1019 πραχθέντα
3402 946 3461 1010 ea
3508 948 3723 1016 ὑπογύου

2179 1037 2393 1106 ἔχοντα,
2446 1037 2579 1108 περὶ⁵
2608 1031 2683 1090 ὧν
2723 1037 2979 1107 ἀνωτέρω
3012 1036 3234 1110 ὲρῤἐθη.
3288 1037 3475 1091 Ταῦτα
3504 1039 3605 1108 γὰρ
3644 1050 3727 1093 και

2178 1128 2293 1183 ἀλλ’
2342 1128 2480 1183 ἄττα
2512 1131 2739 1181 πλεῖστα
2771 1127 3235 1199 ὲπισυμΰαίνοντα
3285 1130 3495 1194 ἀνῆπτε
3526 1129 3618 1198 μὲν
3644 1131 3727 1201 τὴν

2181 1221 2447 1292 βασιλέως
2494 1219 2689 1292 ὀργὴν,
2745 1221 2805 1273 οὐ
2835 1220 2942 1290 μὴν
2982 1220 3025 1271 δ’
3056 1218 3204 1290 εἶχεν
3253 1219 3401 1284 ὅπως
3435 1220 3533 1290 τῆς
3568 1221 3727 1292 ὁρμῆς

2180 1314 2382 1385 ἐπίσχῃ
2410 1314 2502 1367 τὸν
2538 1313 2709 1384 ἄνδρα
2743 1313 2837 1366 καὶ
2867 1312 3041 1376 ἄλλως
3065 1312 3338 1383 ὁρμηῑίαν
3369 1312 3495 1364 ὄντα
3516 1315 3604 1367 καὶ
3623 1313 3728 1382 θερο

2183 1408 2444 1479 μουργὺν,
2474 1404 2614 1476 πλὴν
2650 1404 2711 1457 οὐ
2767 1404 2833 1456 τὰ
2864 1402 2985 1456 καθ’
3034 1402 3198 1456 αὑτὸν
3250 1401 3478 1473 (τούτων
3507 1402 3610 1471 γὰρ
3651 1404 3730 1455 καὶ

2178 1498 2631 1571 ἀπεριμερίμνως
2669 1492 2856 1567 εἶχεν),
2881 1496 3017 1549 ἀλλὰ
3045 1495 3115 1549 τά
3161 1495 3285 1549 καθ’
3312 1497 3533 1564 ἑτέρους
3574 1495 3730 1547 συνοί-

2181 1609 2363 1646 σοντα.
2414 1590 2674 1662 Ζητοῦντι
2718 1589 2847 1658 γοῦν
2886 1589 3087 1659 τρόπον
3121 1587 3243 1642 καθ’
3270 1587 3330 1641 ὃν
3377 1587 3632 1657 ὑποκλίνῃ
3655 1586 3733 1639 τὸν

2179 1682 2393 1749 λέοντα,
2432 1682 2659 1753 χρήσιμ’
2686 1677 2827 1752 ἦσαν
2875 1684 2943 1734 τὰ
2972 1679 3426 1751 κατηγορημένα,
3458 1679 3625 1742 ἄλλως
3647 1679 3732 1731 οὐκ

2180 1777 2354 1847 ἀληθῆ
2399 1774 2664 1829 δοκοῦντα
2705 1775 2814 1828 οὐδ’
2864 1774 3274 1846 εῦπαράδεκτα.
3313 1771 3518 1841 Ῥοπῆς
3545 1772 3646 1840 γὰρ
3667 1774 3733 1834 είς

2180 1869 2438 1941 πορνείαν
2467 1869 2570 1922 κᾶν
2599 1866 2809 1946 Πηλεὺς
2838 1859 3018 1935 ὦφλεν
3044 1866 3110 1922 ἀν
3134 1865 3168 1938 ἢ
3199 1866 3431 1929 ἐκεῖνος,
3459 1863 3734 1933 ἱεροσυλίας

2150 1962 2235 2025 ,δὲ
2284 1960 2515 2031 ἔγκλημ’
2550 1959 2618 2013 ἂν
2674 1958 3027 2029 ἀπηνέγκατο
3080 1958 3175 2012 καί⁵
3238 1960 3267 2012 ὁ
3322 1956 3413 2011 ἐπ’
3453 1954 3732 2027 ἀνθρώποις

2178 2055 2515 2126 ἀδωρότατος
2564 2052 2902 2126 Ἀριστείδης
2960 2051 3164 2123 μᾶλλον
3206 2051 3239 2124 ἧ
3289 2051 3489 2121 ἐκείνῳ
3537 2050 3733 2113 δικαίως

2180 2151 2550 2220 προσήπτετο.
2584 2146 2657 2199 Τὸ
2684 2144 2740 2198 δὲ
2780 2145 2858 2206 είς
2894 2143 3118 2214 βασιλέά
3148 2142 3225 2207 ὡς
3256 2143 3565 2215 καταρῷτο,
3594 2141 3731 2196 αὐτὸ·

2181 2237 2273 2291 θεν
2297 2237 2393 2306 τὴν
2426 2237 2791 2305 συκοφαντίαν
2815 2236 3108 2307 προίσχετο
3132 2234 3490 2304 ἀκουόμενον.
3528 2233 3732 2296 Ἐκεῖνος

2179 2330 2289 2400 γὰρ
2323 2330 2489 2383 πάλαι
2536 2325 2860 2398 πρεσῦεύων
2903 2329 2987 2391 είς
3039 2325 3265 2398 βασιλέα
3303 2326 3448 2396 ὑπέρ
3487 2343 3621 2389 τινος
3643 2325 3735 2377 τῶν

2181 2419 2494 2491 χρηζόντων
2533 2418 2720 2482 ἐλέους
2757 2416 3022 2481 πολλάκις
3048 2416 3149 2489 μὲν
3177 2416 3323 2472 κατά
3366 2419 3558 2489 πεῖραν
3585 2414 3732 2488 προθ-

2180 2530 2325 2567 τεινε
2353 2511 2421 2565 τά
2443 2512 2494 2564 ot
2520 2509 2780 2564 δοκοῦντα
2816 2500 3105 2574 συνοίσειν,
3129 2509 3465 2573 τοσαυτάκις
3515 2509 3571 2563 δὲ
3594 2523 3732 2578 προσ·

2183 2694 2435 2749 ardenter
2468 2691 2780 2762 patriarcha
2811 2692 3012 2756 fuerat,
3045 2699 3209 2762 prout
3243 2690 3502 2760 superius
3553 2703 3734 2743 mento-

2182 2787 2448 2842 ravimus.
2476 2783 2573 2849 Ea,
2600 2784 2847 2855 inquam,
2888 2794 2943 2839 et
2970 2783 3075 2837 alia
3108 2783 3350 2853 plurima
3395 2781 3516 2852 ejus
3549 2779 3735 2850 generis

2181 2895 2303 2951 quae
2329 2878 2561 2935 subinde
2586 2883 2961 2941 occurrerant,
3003 2874 3168 2930 bilem
3210 2873 3355 2929 haud
3387 2873 3551 2929 dubie
3580 2886 3736 2929 move-

2185 2981 2307 3030 rant
2335 2987 2440 3027 non
2474 2970 2876 3043 patientissimo
2906 2968 3176 3040 principi;
3205 2968 3293 3024 cui
3330 2977 3511 3023 tamen
3541 2967 3603 3022 ad
3637 2982 3733 3021 ms-

502 3078 801 3122 consccnsa
829 3060 965 3115 mari
996 3058 1318 3132 Byzantium
1375 3059 1644 3114 feruntur.
1673 3056 1941 3127 Execptos
1970 3056 2081 3111 illic
2108 3091 2150 3148 ο
2186 3079 2315 3119 num
2346 3078 2454 3118 non
2479 3069 2596 3115 erat
2628 3058 2844 3114 frenum
2868 3059 3014 3114 aliud
3038 3059 3208 3113 ullum
3232 3073 3345 3128 quo
3372 3059 3620 3129 impetum
3636 3056 3736 3126 ejus

503 3158 956 3230 pritnoeXscensu
994 3151 1170 3207 sancti
1201 3149 1528 3222 Archangeli
1570 3148 1851 3204 Michaelis
1896 3162 2084 3203 mona-

502 3248 670 3304 sterio
698 3260 866 3318 prope
904 3251 1121 3312 portum
1157 3243 1264 3299 sito
1295 3242 1595 3312 imperator
1625 3240 1839 3311 aliquot
1889 3239 2083 3296 diebus

501 3338 847 3393 admissione
912 3335 1177 3401 exclusit,
1227 3335 1404 3389 iratus
1455 3332 1590 3403 ipsis
1638 3332 1987 3388 vehementer
2012 3332 2083 3388 ob

502 3434 684 3503 fugam
724 3448 888 3503 quam
926 3430 1212 3503 judicabat
1261 3426 1742 3497 intempestivam;
1797 3433 2083 3495 totumque

502 3525 558 3582 id
592 3525 884 3583 causilium
914 3539 1064 3580 vanae
1096 3522 1414 3593 ignavaeque
1445 3518 1726 3574 formidini
1752 3518 2080 3584 ascribebat,

500 3636 609 3688 qua
647 3617 861 3674 fruetus
908 3617 1163 3672 laborum
1218 3612 1744 3684 exptditionumque
1786 3610 2081 3665 multarum

501 3726 609 3765 uno
643 3718 924 3765 momento
981 3707 1307 3763 inconsultae
1354 3703 1593 3759 levitatis
1622 3703 1898 3772 jacturam
1946 3702 2084 3756 irre-

500 3801 808 3874 parabilem
870 3798 1207 3872 querebatur
1258 3795 1489 3852 factam.
1558 3792 1807 3863 Denique
1876 3801 2079 3855 tamen,

502 3911 625 3950 eum
650 3893 794 3964 quod
821 3891 1027 3948 factum
1062 3889 1565 3962 quomodocunque
1592 3886 1771 3941 fuerat
1815 3883 2081 3939 infectum

505 3987 619 4043 lieri
648 3984 921 4057 nequiret,
955 3983 1203 4054 permisit
1236 3980 1305 4035 iis
1354 3978 1618 4050 ingressis
1658 3974 1935 4032 civitatem
1977 3973 2082 4030 sibi

502 4096 561 4138 se
591 4081 807 4137 sistere.
864 4077 1091 4134 Interim
1143 4071 1402 4130 Terteres
1454 4085 1690 4125 vacuum
1722 4067 1923 4124 Asanis
1956 4065 2082 4136 fuga

502 4171 654 4243 regui
685 4171 964 4236 thronum,
1007 4179 1204 4237 magna
1256 4163 1617 4233 Bulgarorum
1651 4159 1951 4223 voluntate,
1984 4171 2083 4225 pa-

502 4263 609 4317 lam
646 4256 955 4329 occupavit,
988 4269 1206 4324 unoque
1230 4251 1429 4307 nuntio
1459 4251 1681 4305 auditus
1711 4257 1799 4303 est
1836 4258 1891 4301 et
1925 4262 2085 4301 oecu-

503 4367 668 4425 passe
699 4364 927 4419 regnum
956 4356 1011 4402 et
1056 4344 1289 4402 solemni
1324 4345 1431 4398 ritu
1468 4351 1763 4398 coronatus
1809 4338 2001 4409 sicque
2025 4338 2079 4392 in

2183 3155 2481 3219 cohiberet,
2507 3152 2609 3208 viri
2626 3162 2815 3208 natura
2833 3151 3190 3218 vehementis,
3240 3161 3296 3207 et
3318 3166 3448 3208 eum
3477 3151 3541 3207 ad
3568 3163 3734 3220 aggre-

2182 3248 2440 3305 diendum
2469 3248 2638 3302 ardua
2668 3244 2869 3312 facilis,
2901 3255 3015 3300 tum
3051 3245 3107 3300 in
3142 3247 3389 3316 urgendo
3431 3254 3597 3316 coepta
3622 3245 3735 3298 irre-

2182 3341 2446 3398 vocabilis
2490 3340 2730 3396 ardoris.
2753 3336 2956 3394 Verum
2992 3338 3109 3393 haec
3162 3338 3215 3393 in
3253 3353 3491 3409 quorum
3543 3350 3734 3407 promo-

2183 3436 2387 3491 tiunem
2418 3436 2499 3491 sic
2532 3433 2712 3489 studio
2737 3431 3012 3503 prodibat,
3041 3431 3185 3486 haud
3207 3440 3368 3486 erant
3393 3446 3514 3486 cum
3537 3425 3732 3501 privatis

2181 3530 2303 3600 ejus
2334 3527 2642 3583 rationibus
2673 3537 2768 3581 aut
2814 3533 3030 3595 quaestu
3070 3524 3294 3596 proprio
3324 3524 3601 3594 implicita.
3641 3518 3729 3575 Ta-

2184 3621 2315 3675 lium
2349 3621 2494 3675 enim
2525 3620 2689 3675 etiam
2718 3633 2883 3688 supra
2917 3619 3199 3689 vulgarem
3232 3618 3458 3672 modum
3488 3615 3731 3686 negligens

2180 3720 2316 3765 erat.
2365 3709 2762 3765 Exardescebat
2833 3719 3015 3764 autem
3066 3708 3122 3763 in
3163 3710 3231 3764 iis
3266 3708 3589 3764 accurandis
3633 3716 3731 3772 qua

2181 3804 2247 3857 ad
2310 3804 2542 3858 aliorum
2604 3802 2866 3857 utilitates
2914 3809 3241 3871 spectarent.
3303 3800 3575 3866 Quaareuti
3623 3808 3731 3864 ergo

2181 3899 2427 3967 Augusto
2498 3897 2719 3951 modum
2795 3894 2961 3965 hujus
3016 3894 3175 3966 quasi
3235 3893 3519 3964 cujusdam
3586 3889 3732 3945 leonis

2182 3987 2524 4059 exarmandi,
2572 3988 2737 4043 utiles
2788 3987 2873 4041 hat
2931 4001 3054 4042 sese
3108 3986 3529 4041 criminationes
3567 3981 3732 4037 offere-

2172 4081 2352 4148 bant,
2413 4078 2716 4150 quamlibet
2769 4079 2973 4150 alioqui
3034 4079 3313 4134 destituta:
3392 4093 3506 4133 verr
3557 4072 3730 4146 specie.

2185 4188 2287 4228 nec
2317 4172 2494 4243 digna!
2541 4186 2775 4241 quarum
2822 4172 3116 4227 haberetur
3190 4171 3349 4225 ratio.
3406 4168 3535 4224 Nam
3583 4169 3733 4236 impu-

2183 4262 2384 4318 dicitiae
2448 4262 2799 4317 verisimilius
2859 4262 3274 4317 insimularetur
3346 4260 3534 4317 Peleus
3591 4272 3730 4327 quam

2185 4352 2310 4429 ille:
2347 4353 2683 4422 direptarum
2726 4368 2854 4427 vero
2884 4368 3166 4413 sacrarum
3202 4370 3385 4409 rerum
3418 4352 3728 4425 plausibilius

503 4447 666 4518 plena
726 4453 780 4498 et
807 4429 957 4497 certa
1014 4440 1350 4494 constitutus
1407 4434 1759 4507 possessione
1806 4429 2078 4501 Bulgarici

2186 4446 2393 4499 crimen
2425 4444 2812 4516 appingeretur
2850 4446 3103 4513 Aristidi,
3147 4446 3305 4516 cujus
3353 4456 3471 4501 erat
3516 4446 3567 4499 in
3608 4443 3729 4497 ultro

506 4537 870 4609 principatus.
903 4533 1028 4588 Haec
1061 4542 1191 4587 tunc
1219 4531 1274 4586 in
1309 4534 1456 4585 hunc
1503 4526 1721 4582 modum
1760 4540 1820 4579 se
1870 4523 2081 4578 habue-

505 4637 655 4687 runt.
686 4624 819 4693 Quae.
848 4632 1031 4680 secuta
1069 4632 1219 4690 sunt,
1244 4621 1300 4676 in
1329 4628 1576 4690 tempore
1611 4615 1923 4672 reddemus.

508 4744 598 4801 ‘10.
645 4739 713 4797 Ut
739 4724 1102 4795 accusdtiones
1133 4739 1409 4792 adornatae
1454 4736 1560 4790 sint
1610 4743 1794 4788 contra
1840 4730 2081 4801 patriar-

1071 4814 1223 4863 clumt
1278 4805 1516 4861 Veccum.

576 4923 695 4981 Jam
716 4936 895 4980 autem
923 4922 1160 4978 evolutis
1187 4918 1345 4975 annis
1378 4928 1613 4989 quatuor
1641 4931 1704 4971 ex
1725 4929 1833 4986 quo
1847 4910 2084 4967 Joannes

506 5019 906 5092 patriarchatus
945 5017 1153 5071 honor:
1180 5011 1544 5084 praecellebat,
1577 5024 1761 5063 mense
1788 5004 2085 5061 Februario

507 5109 753 5182 septima:
784 5107 1127 5165 indictionis.
1158 5118 1350 5174 graves
1382 5101 1436 5155 in
1482 5114 1605 5154 cum
1648 5096 2032 5152 accusationes
2052 5107 2085 5149 a

406 5203 412 5209 ’
508 5201 835 5275 quibusdam
850 5214 882 5254 e
910 5197 1058 5252 clero
1079 5195 1405 5257 conflantur,
1425 5194 1714 5246 mendaces
1740 5188 1844 5241 illae
1864 5184 2083 5257 quidem

507 5310 573 5352 ac
620 5297 775 5364 plane
812 5292 1024 5355 inanes,
1073 5304 1183 5344 non
1229 5299 1410 5341 tamen
1452 5280 1720 5356 ejusmodi
1756 5294 1896 5350 quas
1941 5292 2085 5348 aegre

506 5379 1588 5471 imperatoqadmitterct.Studebatenim
1618 5375 1706 5430 ille
1734 5373 1818 5471 vel
1838 5370 2085 5471 maxime

507 5477 754 5536 nancisci
783 5459 1003 5531 modum
1035 5470 1321 5528 hebetandi
1360 5468 1531 5524 aciem
1563 5464 1739 5529 nimii,
1777 5459 1942 5533 450
1975 5473 2084 5529 quo

505 5567 714 5625 dttdum
734 5564 1126 5630 oﬂ‘endebatur,
1145 5561 1246 5616 zeli
1268 5555 1608 5643 patriaj'chae.
1629 5553 1975 5622 Pupugerant
1991 5563 2086 5602 au-

508 5671 619 5718 tem
658 5674 784 5715 eum
819 5661 1347 5727 etexasperaverant
1365 5667 1474 5706 non
1496 5663 1685 5719 parum
1707 5645 1796 5699 illa
1817 5658 1959 5714 quae
1980 5657 2082 5695 nu-

508 5768 603 5825 per
627 5765 795 5807 ausus
832 5749 888 5808 in
913 5750 1091 5822 ipsum
1114 5762 1274 5822 agere
1290 5760 1353 5804 ac
1370 5758 1553 5802 coram
1572 5738 1722 5812 loqui
1736 5738 1906 5794 libere
1923 5743 2085 5804 atque

2184 4538 2346 4593 etiam
2400 4537 2599 4593 oblatis
2641 4538 2997 4608 repudiandis
3023 4538 3183 4594 donis
3210 4538 3537 4594 abstinentia
3590 4533 3729 4602 vulgo

2185 4629 2493 4684 notissima.
2522 4628 2659 4685 Male
2681 4630 2912 4700 denique
2943 4645 3222 4700 precatum
3251 4631 3494 4702 Augusto
3523 4627 3728 4683 Veccuut

2185 4722 2278 4791 qui
2313 4722 2553 4788 dicebat,
2612 4723 2797 4777 statim
2844 4723 3135 4777 calumnia:
3176 4723 3587 4778 convincebatur
3630 4721 3728 4787 ipsa
3792 4762 3799 4772 .

2189 4813 2424 4884 simplici
2464 4815 2781 4868 narratione
2842 4814 3017 4879 facti,
3064 4816 3207 4868 umle
3269 4815 3603 4869 occasionem
3640 4808 3730 4863 eri-

2190 4906 2434 4960 miuandi
2460 4905 2667 4960 delator
2693 4914 3025 4975 sumpserat.
3059 4904 3113 4960 ιι]
3148 4905 3252 4959 tale
3297 4898 3727 4972 luit..Ahquaudo

2188 5010 2286 5071 pro
2310 5010 2459 5050 more
2491 5010 2592 5051 suo
2625 4993 2834 5050 Veccus
2849 4996 3057 5050 adierat
3079 4996 3458 5064 imperatorem
3482 5007 3598 5048 cum
3618 5004 3729 5057 sup-

2187 5086 2326 5158 plice
2359 5089 2447 5142 cui
2476 5098 2594 5142 erat
2629 5089 3021 5156 imploraturus
3052 5088 3477 5142 misericordiam
3504 5082 3722 5153 Augusti.

2190 5182 2345 5249 Saepe
2388 5180 2442 5233 in
2466 5188 2823 5249 conspectum
2851 5181 3115 5249 producto
3136 5180 3305 5243 illius.
3328 5179 3520 5235 frustra
3543 5187 3726 5243 semper

2188 5272 2237 5327 ei
2270 5271 2568 5342 propitiare
2612 5271 2915 5342 principem
2956 5272 3184 5338 studuit,
3238 5273 3396 5327 toties
3432 5273 3496 5326 ab
3523 5286 3581 5325 eo
3617 5279 3721 5322 cum

2188 5365 2471 5422 stomacho
2492 5364 2711 5435 rejectis
2742 5379 2864 5435 quae
2907 5379 3006 5436 pro
3036 5373 3294 5436 suscepto
3315 5364 3589 5435 allegabat.
3609 5359 3722 5414 Tres

2189 5457 2354 5529 igitur
2399 5457 2560 5527 longe
2585 5464 2829 5526 tempore
2859 5469 2992 5510 suas
3037 5456 3272 5525 quisque
3322 5468 3495 5526 partes
3534 5460 3722 5507 strenue

2190 5563 2350 5618 agere
2365 5557 2806 5618 perseverarunt,
2821 5533 2948 5603 rcus
2968 5547 3203 5602 demisse
3220 5542 3569 5617 supplicandi,
3588 5535 3720 5610 patri-

2189 5640 2356 5695 archa
2398 5639 2776 5710 patrocinandi
2807 5639 3064 5695 ardenter
3095 5638 3361 5710 urgendo,
3396 5635 3609 5705 denique
3630 5630 3718 5684 im-

2189 5740 2427 5802 perator,
2450 5730 2889 5803 procrastinandi
2912 5745 2977 5787 ac
2994 5728 3307 5787 differenda:
3357 5729 3470 5786 sine
3491 5730 3586 5783 finc
3609 5735 3717 5794 gra-
