3964 6524
306 295 432 376 901

1274 291 1373 352 DE
1423 285 1814 351 MICHAELE
1847 285 2311 348 PALBEOLOGO
2355 284 2505 352 LIB.
2547 292 2645 353 Vl.

3463 289 3570 356 910

305 405 526 458 ϐάλλων
576 405 677 457 οὐκ
731 405 892 476 ἥνυτε
940 405 1002 459 τὸ
1042 405 1323 478 παράπαν.
1360 405 1542 474 Τριῶν
1587 401 1678 457 οὖν
1707 403 1735 454 ό
1785 401 1884 471 μὲν
1913 411 1955 462 Α
1987 404 2111 466 τοὺς
2149 406 2482 469 ἐπισκόπους
2518 409 2782 474 γίνεσθαι,
2821 400 2893 460 ὧν
2929 408 3103 478 δήπου
3140 406 3232 460 καὶ
3265 407 3320 460 αἱ
3360 409 3567 477 ἐντρίαι

307 496 402 569 [Ρ.
436 495 564 568 508]
596 497 774 550 ἐδέετο
810 497 1220 568 συνεχέστερον,
1257 499 1284 550 ὁ
1323 496 1379 548 δέ
1409 495 1730 566 προσέκειτο
1753 511 1890 562 καρ·

302 587 634 655 τερώτερον,
657 585 908 654 βασιλεὺς
926 587 980 639 δὲ
1002 588 1182 656 τρίτος
1207 585 1557 654 ὐπερετίθετό
1579 601 1634 636 τε
1655 584 1746 634 καὶ
1771 583 1891 635 ἀνευ

306 677 559 729 enim.
606 678 714 729 Καὶ
749 679 777 729 ὁ
819 679 918 748 μὲν
963 679 1140 730 ἐδέετο
1174 679 1611 747 προσαναρέρειν
1656 679 1747 728 καὶ
1783 677 1888 728 πάς

304 767 418 824 λιν.
473 768 499 818 ό
535 767 590 818 δὲ
643 767 808 838 πείρᾳ
849 769 1007 831 γνοὺς
1057 767 1156 820 ούκ
1209 768 1422 820 ἁνύσων
1467 767 1606 837 (ᾔδει
1655 767 1765 836 γὰρ
1799 766 1891 818 καὶ

306 861 684 930 παροργίσων,
731 861 780 911 εί
813 860 970 922 αὖθις
1020 860 1216 928 λέγοι),
1260 860 1322 912 τὸ
1373 860 1492 911 καθ’
1541 861 1730 910 ἑαυτὸν
1780 854 1891 910 οἷον

307 951 456 1020 πρὸς
491 953 580 1005 τὸν
631 953 814 1022 ἱκέτην
846 953 1281 1022 ἀπολογούμενος
1325 952 1400 1013 ὡς
1442 953 1500 1004 οὐ
1538 952 1891 1023 καταρρᾳθυ-

309 1043 496 1110 μήτας
527 1042 603 1113 τῷ
639 1043 848 1111 βασιλεῖ
873 1043 1178 1111 προτείνειν
1212 1044 1280 1094 τὰ
1304 1041 1494 1094 τούτου
1519 1042 1723 1104 δίκαια,
1758 1043 1891 1094 Θεὸν

306 1134 616 1202 παρεισῆγε
641 1138 739 1203 τῆς
769 1137 1003 1204 σπουδῆς
1035 1134 1288 1204 μάρτυρα
1329 1138 1445 1198 καὶ,
1485 1153 1500 1184 ι
1522 1135 1652 1196 Θεὸς
1687 1136 1789 1204 ὁρᾷ
1823 1134 1891 1186 τὰ

308 1229 442 1294 περὶ
474 1221 547 1278 ὧν
582 1227 883 1299 προϐάλλῃ,
923 1246 940 1278 ι
966 1228 1169 1295 ἔλεγεν.
1215 1227 1271 1277 Ὀ
1297 1225 1338 1278 δ’
1367 1229 1545 1278 ἐκεῖσε
1583 1226 1770 1296 παρὼν
1803 1244 1893 1278 ou-

304 1319 656 1389 κοφαντήσας
703 1323 794 1372 τὸν
847 1321 1002 1387 λόγον
1058 1321 1399 1390 συμπλξάττει
1447 1320 1506 1372 τὸ
1553 1320 1769 1388 ψεῦδος,
1818 1321 1891 1382 ὡς

302 1412 450 1462 Θεδν
480 1411 639 1480 δῆθεν
675 1411 818 1464 κατὰ
864 1412 1124 1482 βασιλέως
1157 1413 1559 1482 ἐκκαλουμένου
1586 1412 1678 1464 τοῦ
1706 1413 1893 1481 ἱερέως

304 1504 396 1564 εἰς
427 1501 522 1571 τὴν
561 1501 667 1554 τῶν
700 1501 1067 1573 ἀδικουμένων
1095 1503 1390 1573 ἐκδίκησιν.
1422 1503 1642 1564 Τούτοις
1668 1503 1892 1572 ὠσπερο

307 1597 365 1646 εί
403 1611 542 1646 τισιν
607 1596 849 1664 ἰσχυροῖς
886 1597 1270 1659 κατασείσταις
1314 1596 1588 1665 ὑποχαλᾷν
1633 1595 1724 1646 τὸν
1757 1594 1894 1664 πύρ-

307 1702 411 1752 γον
454 1685 548 1753 τῆς
592 1685 803 1737 ἐκείνου
837 1687 1016 1755 ψυχῆς
1067 1685 1254 1756 ᾤοντο.
1299 1681 1407 1737 Ἦν
1445 1685 1488 1737 δ’
1533 1687 1562 1738 ὁ
1594 1689 1690 1748 τὰς
1717 1685 1894 1756 ὁρμὰς

312 1779 501 1846 σφίσιν
539 1778 873 1831 ὐπανάπτων
923 1781 950 1829 ὁ
981 1779 1083 1844 τῆς
1126 1778 1349 1844 Ἐφέσου
1403 1777 1607 1838 Ἰσαὰκ,
1662 1780 1741 1839 εἰς
1790 1795 1892 1829 πα-

303 1873 446 1938 τέρ-α
481 1869 812 1938 τεταγμένος
833 1867 910 1938 τῷ
941 1867 1169 1937 βασιλεῖ,
1192 1869 1444 1938 οὐδεμίαν
1475 1869 1518 1921 δ’
1541 1869 1679 1939 ἔχων
1707 1871 1892 1922 αἰτίαν

305 1962 610 2031 ἀπεχθείας
657 1961 735 2031 τῷ
781 1964 1098 2032 πατριάρχῃ
1138 1962 1379 2032 παρόσον
1429 1962 1490 2014 τὸ
1521 1963 1591 2015 τὰ
1631 1963 1892 2016 δοκοῦντα

309 2055 686 2126 ξυμπράττειν
721 2054 996 2125 αἱρεῖσθαι
1022 2055 1101 2125 τῷ
1131 2055 1361 2121 βασιλεῖ,
1393 2056 1425 2125 ἢ
1455 2054 1588 2123 γοῦν
1611 2055 1770 2109 τοῦτο
1799 2055 1896 2126 μό·-

309 2165 405 2198 νον
429 2147 461 2216 ἢ
493 2148 586 2198 καὶ
611 2147 865 2216 δεύτερον
896 2147 958 2200 τὸ
983 2148 1050 2200 τὰ
1073 2149 1196 2200 κατ’
1219 2148 1486 2217 ἀνατολὴν
1520 2150 1894 2219 πατριαρχικὰ

309 2237 408 2306 ὑφ’
440 2238 586 2308 αὐτῷ
620 2239 793 2292 θέλειν
825 2240 1119 2306 ποιεῖσθαι,
1158 2239 1323 2308 μηδὲν
1363 2239 1529 2302 ἀξιῶν
1558 2240 1718 2309 πλέον
1749 2240 1893 2310 ἔχειν

308 2336 408 2387 τὸν
439 2334 782 2404 πατριάρχην
822 2334 902 2396 είς
927 2335 1142 2406 ἐνορίαν
1171 2334 1204 2406 ἢ
1232 2335 1373 2388 κατὰ
1404 2335 1572 2405 μόνην
1606 2337 1894 2389 Κωνσταν-

307 2425 625 2479 τινούπολιν
689 2424 1138 2495 περιοριζόμενα,
1188 2425 1256 2479 τὰ
1303 2425 1347 2478 δ’
1388 2424 1492 2489 ἔξω
1544 2425 1748 2496 ταύτης
1791 2426 1897 2478 ὑπὸ

311 2603 426 2657 tiae.
487 2600 733 2668 Quadam
807 2600 925 2657 vice
990 2602 1230 2657 instabat
1313 2600 1688 2656 vehementius
1754 2599 1895 2669 apud

322 2694 554 2749 vaccam
607 2695 804 2760 cliens,
860 2708 920 2748 ιιι
969 2707 1070 2764 pro
1127 2709 1187 2748 se
1247 2693 1448 2747 iterum
1508 2693 1894 2759 imperatorem

311 2785 477 2856 45],
529 2797 765 2854 rogaret.
816 2782 912 2838 ille
944 2795 1125 2838 autem
1144 2782 1498 2853 experientia
1537 2783 1648 2852 jam
1694 2794 1896 2849 gnarus

315 2873 596 2939 negationi
639 2873 956 2928 dilationem
1004 2871 1249 2935 obtendi,
1300 2885 1515 2925 necnon
1562 2870 1893 2938 intelligens,

316 2963 364 3015 si
406 2961 584 3016 denuo
612 2961 680 3016 de
714 2962 816 3016 hoc
846 2960 1198 3030 compellaret
1227 2960 1636 3029 imperatorem,
1669 2958 1722 3010 in
1761 2959 1896 3010 iram

1991 496 2117 549 sici.
2148 496 2315 549 Ταῦτ’
2344 498 2572 552 ἔσπευδε
2606 501 2699 552 καὶ
2733 501 3015 569 κατώρθου
3051 503 3149 554 οὒκ
3179 500 3322 568 ἄλλῳ
3351 501 3429 567 τῷ
3466 518 3570 570 μη·

1992 589 2264 657 χανήματι
2315 591 2346 660 ἢ
2407 592 2482 659 τῷ
2521 593 2730 662 διιστᾷν
2777 593 3038 663 βασιλέως
3069 593 3160 646 τὸν
3209 593 3398 662 ἱερέαο
3445 591 3476 645 ὃ
3505 592 3569 664 δὴ

1992 681 2084 732 καὶ
2139 682 2312 734 ἐποίει
2366 682 2492 744 τοὺς
2546 685 2988 754 κατηγοροῦντας
3041 684 3328 753 δεχόμενος
3377 683 3471 738 καί
3503 700 3568 752 γε

1993 772 2135 823 κατὰ
2165 771 2223 822 τὸ
2257 772 2482 826 δυνατὸν
2514 774 2864 828 ύποθὰλπων.

1995 929 2083 984 tat'.
2117 931 2318 995 Ὅπως
2357 929 2654 996 ,Βασιλικὴ
2703 930 2916 1016 νεαρὰ,
2946 931 3252 998 προϐαίνει
3297 929 3396 985 ἐπὶ
3444 931 3570 997 τοῖς

2543 1017 3027 1069 σταυροπηγιοις.

2067 1137 2149 1209 [Ρ.
2176 1135 2303 1207 509]
2342 1137 2630 1206 Προόαίνει
2664 1139 2775 1207 γὰρ
2805 1138 2974 1207 νεαρὰ
3001 1137 3265 1206 βασίλειος
3293 1137 3406 1191 ἀλλ’
3437 1137 3575 1193 ἄττα

1995 1232 2221 1284 πλεῖστα
2260 1231 2607 1301 διοριζομένη
2638 1231 2734 1283 καὶ
2776 1231 3067 1294 τάττουσα,
3103 1233 3196 1284 καὶ
3221 1232 3281 1284 τὸ
3312 1231 3379 1283 τὰ
3406 1233 3572 1285 ὁπου-
3600 1215 3605 1220 λ

1992 1324 2258 1395 δηποτοῦν
2295 1325 2688 1394 πατριαρχικὰ,
2732 1324 2834 1376 ὅσα
2881 1325 2938 1376 ἐν
2978 1322 3180 1393 χώραις
3231 1323 3322 1375 καὶ
3366 1325 3572 1392 μοναίς,

1995 1418 2098 1470 ὑπὸ
2134 1419 2260 1479 τοὺς
2291 1417 2623 1484 ἐπισκόπους
2654 1409 2727 1468 ὧν
2749 1417 2804 1467 αἱ
2833 1415 3037 1484 ἑνορίαι
3066 1415 3256 1468 τελεῖν.
3282 1415 3577 1483 Ἔγκλημα

1995 1510 2104 1578 γὰρ
2135 1511 2388 1578 ἐφαίνετο
2429 1511 2522 1563 καὶ
2550 1508 2700 1578 παρὰ
2733 1508 2963 1571 κανόνας
2991 1507 3049 1560 τὸ
3077 1511 3140 1561 ἐκ
3173 1508 3403 1560 παλαιοῦ
3429 1499 3577 1576 γινό-

2000 1618 2183 1670 μενον,
2235 1601 2526 1670 ὑπερόριον
2572 1601 2874 1669 κεκτῆσθαι
2927 1599 3019 1652 τὸν
3056 1601 3575 1654 Κωνσταντινουπό-

1996 1692 2131 1752 λεως
2161 1691 2389 1755 δίκαιον,
2451 1691 2586 1761 μηδέ
2621 1691 2769 1744 τοῦτ’
2815 1691 3014 1754 εἰδότος
3065 1691 3158 1744 τοῦ
3200 1691 3469 1758 λέγοντος.
3500 1692 3576 1755 ὡς

1997 1781 2210 1836 κολούει
2240 1782 2317 1852 τῷ
2352 1784 2670 1852 πατριάρχῃ
2716 1782 2777 1835 τὸ
2806 1785 3207 1853 οἱκουμενικὸν,
3238 1785 3385 1846 ἐντὸς
3415 1784 3576 1836 αὑτὸν

1996 1875 2327 1945 περιορίζων
2359 1875 2458 1945 τῆς
2503 1877 2938 1953 Κωνσταντίνου,
2970 1876 3092 1944 μηδ’
3119 1877 3330 1947 ἐνορῖαν
3356 1878 3456 1930 ὅσα
3482 1877 3578 1928 καὶ

1995 1967 2087 2020 τοῦ
2116 1966 2372 2036 τυχόντος
2413 1969 2717 2019 ἐπισκόπου
2765 1968 3109 2037 προσνέμων.
3151 1969 3290 2019 Ἀλλ’
3320 1970 3347 2019 ό
3390 1967 3577 2020 Ἰσαὰκ

1994 2057 2117 2110 τότε
2143 2057 2232 2109 τὸν
2263 2057 2455 2127 καιρὸν
2480 2059 2578 2126 τῆς
2603 2058 2900 2127 ἀπεχθείας
2932 2060 3182 2129 ἁρπάσας
3213 2060 3286 2124 ὡς
3317 2060 3576 2129 ἕρμαιον,

1997 2150 2299 2219 περιεποίει
2355 2152 2467 2212 τοῖς
2514 2152 2834 2213 ἐπισκόποις
2869 2149 3056 2217 αὐτοῦ,
3115 2151 3309 2204 ταυτὸν
3361 2151 3419 2203 δέ
3475 2152 3573 2203 κα)⁵

1997 2243 2175 2312 ἐαυτῷ
2226 2242 2426 2309 λέγειν,
2459 2243 2528 2295 τὰ
2555 2241 2655 2311 τῆς
2701 2244 3319 2305 Κωνσταντινουπόλεως
3362 2243 3571 2297 δίκαια.

1997 2335 2100 2386 Τὸν
2134 2334 2317 2403 μέντοι
2341 2350 2405 2400 γε
2436 2334 2784 2402 πατριάρχην
2822 2334 2922 2387 οὐκ
2955 2335 3094 2386 ἀνίει
3133 2336 3258 2404 παρ’
3299 2336 3453 2396 ὅλους
3479 2335 3575 2387 δύο

2001 2425 2177 2495 μῆνας
2209 2427 2236 2478 ό
2275 2425 2528 2495 βασιλεὺς
2563 2425 2694 2476 ποτε
2731 2423 2828 2494 μὲν
2859 2425 2938 2487 εἰς
2971 2426 3180 2494 κρίσεις
3213 2425 3576 2494 ἐγκαθιστῶν,

1997 2601 2167 2656 naria:
2210 2604 2469 2670 potestati
2515 2602 2841 2670 patriarcha:
2887 2602 3134 2670 subjet-ta
3193 2613 3573 2666 remanerent;

1997 2709 2119 2765 qua:
2150 2702 2301 2747 extra
2337 2693 2528 2748 urbem
2572 2703 2780 2756 essent,
2811 2710 3000 2748 eorum
3029 2696 3344 2749 auctoritati
3385 2697 3574 2766 subja-

1999 2793 2183 2840 cet-ent
2213 2786 2505 2852 prtesulum
2530 2785 2624 2853 qui
2651 2785 2930 2838 dioeceses
2967 2786 3056 2837 ubi
3091 2795 3244 2838 erant
3275 2787 3363 2839 illa
3399 2788 3577 2854 posita

1998 2877 2291 2948 episcopali
2317 2879 2640 2932 auctoritate
2670 2878 3064 2948 gubernarent.
3098 2877 3154 2930 Id
3183 2878 3272 2933 ille
3303 2879 3429 2933 olim
3465 2879 3578 2934 in:-

2000 2974 2203 3028 ditatus
2234 2983 2362 3027 tunc
2388 2973 2639 3041 perfecit,
2687 2987 2796 3025 non
2851 2971 2956 3024 alia
3001 2969 3297 3026 cliicaciori
3334 2972 3582 3049 adhibita.

316 3069 380 3108 se
414 3055 564 3109 illum
587 3056 1013 3120 concitaturum,
1069 3066 1128 3108 ut
1159 3053 1353 3108 saltem
1383 3053 1569 3106 clienti
1602 3067 1663 3106 se
1695 3067 1895 3121 purga-

2002 3062 2254 3117 machina
2287 3077 2448 3130 quam
2487 3059 2834 3128 imperatoris
2867 3076 2894 3112 a
2936 3057 3243 3128 patriarcha
3267 3058 3350 3111 vel
3381 3063 3578 3126 procu-

315 3153 406 3197 ret
448 3141 588 3198 lorte
625 3152 1008 3213 suspectaturo
1041 3158 1106 3197 ex
1152 3151 1349 3196 eventu
1389 3142 1674 3196 remissius
1721 3142 1897 3210 egisse

320 3244 640 3303 patronum,
682 3235 849 3288 Deum
882 3242 1072 3289 testem
1118 3232 1365 3286 adhibuit
1399 3232 1600 3286 sinceri
1637 3231 1721 3284 sui
1744 3247 1805 3284 ea
1838 3232 1894 3283 in

317 3342 487 3382 causa
527 3327 715 3391 studii,
764 3326 871 3380 alta
916 3341 1049 3380 voce
1103 3332 1417 3379 contestans
1458 3322 1627 3376 Deum
1686 3322 1894 3390 utique,

322 3435 484 3492 quem
517 3419 593 3473 nil
624 3420 806 3485 lateat,
850 3419 1034 3472 videre
1060 3431 1167 3486 qua
1201 3418 1326 3480 ﬁde,
1362 3430 1577 3485 quoque
1608 3414 1803 3468 aﬂ‘cctu
1832 3427 1898 3467 eo

318 3511 622 3582 patrocinio
648 3509 985 3578 fungeretur.
1040 3505 1116 3560 Ex
1133 3508 1236 3560 hac
1267 3505 1359 3558 Dei
1385 3509 1658 3558 mentione
1693 3505 1900 3559 calum-

321 3604 427 3656 nite
455 3616 640 3657 ansam
689 3601 782 3670 qui
825 3613 1064 3669 praesens
1106 3596 1246 3651 forte
1292 3608 1422 3650 tunc
1474 3595 1651 3648 adfuit
1687 3595 1897 3648 delator

321 3707 566 3758 sumens,
608 3690 778 3745 multo
805 3689 1000 3744 deinde
1026 3687 1297 3758 posterius
1321 3686 1375 3740 in
1414 3685 1706 3755 malignam
1737 3686 1898 3739 istam

319 3783 732 3840 accusationem
781 3781 1070 3852 processit,
1093 3780 1394 3834 criminans
1424 3778 1636 3833 scilicet
1665 3780 1898 3847 patriar-

319 3879 505 3940 cham,
542 3876 674 3930 dum
716 3872 980 3943 supplicis
1041 3885 1266 3925 causam
1322 3878 1529 3936 ageret,
1579 3867 1730 3922 diras
1779 3869 1894 3920 Au-

319 3978 482 4037 gusto
501 3969 854 4036 impreCatum
875 3966 928 4019 in
946 3961 1205 4017 ultionem
1219 3970 1426 4030 negatae
1439 3957 1671 4028 supplici
1689 3957 1897 4028 gratia.

321 4056 420 4114 llis
467 4059 626 4130 quasi
687 4059 1013 4128 quibusdam
1070 4055 1338 4110 machinis
1383 4062 1479 4107 aut
1541 4051 1898 4106 validissimis

321 4151 588 4205 arietibus
638 4163 1007 4203 concussuros
1061 4155 1118 4202 et
1168 4146 1480 4217 dejecturos
1531 4160 1653 4201 sese
1699 4145 1894 4199 turrim

324 4246 472 4299 illam
502 4243 690 4297 invicti
721 4241 890 4296 animi
921 4240 1352 4294 calumniatores
1387 4238 1709 4308 nequissimi
1739 4247 1898 4306 puta-

322 4337 472 4388 bant.
503 4331 773 4386 Incitabat
801 4339 981 4385 autem
1008 4343 1104 4384 eos
1121 4317 1429 4384 accendens
1453 4329 1522 4381 ad
1557 4343 1669 4381 rem
1697 4343 1898 4398 urgen-

2000 3156 2169 3208 rando
2195 3155 2276 3207 vel
2301 3153 2672 3223 promovendo
2690 3151 2938 3206 dissidio.
2967 3149 3273 3220 Quodlfecit
3298 3150 3463 3219 hujus
3481 3165 3578 3202 ac-

1999 3257 2280 3302 cusatores
2293 3245 2580 3315 adjuvans,
2597 3243 2760 3315 452
2777 3253 2832 3297 et
2857 3252 2967 3298 tota
2983 3259 3082 3298 sua
3098 3229 3286 3297 fovens
3306 3244 3576 3312 petentia.

1999 3362 2088 3416 ll.
2133 3357 2202 3413 Ut
2259 3358 2466 3428 perlata
2519 3356 2958 3428 promulgataque
2995 3355 3172 3428 fuerit
3232 3355 3574 3428 imperatoria

2069 3426 2270 3483 novella
2319 3431 2384 3482 de
2425 3430 2773 3496 stauropegit‘s
2829 3427 2936 3480 sive
2985 3426 3114 3480 locis
3162 3426 3328 3479 sacris
3355 3427 3578 3492 proprie

2067 3502 2390 3568 patriarcha:
2423 3500 2695 3566 subjectis.

2069 3615 2274 3669 I’rodiit
2300 3614 2445 3668 enim
2478 3609 2829 3681 imperatoria
2861 3609 3107 3676 Novella,
3141 3625 3250 3680 qua
3283 3609 3422 3663 'cum
3467 3607 3574 3661 alia

1997 3703 2433 3758 decernebantur
2486 3700 2758 3770 quaedam,
2805 3708 2921 3754 tum
2955 3699 3088 3752 illud
3142 3701 3196 3752 in
3248 3699 3461 3767 primis,
3518 3705 3578 3751 ut

1998 3808 2120 3859 qua:
2159 3791 2470 3859 ubicunque
2499 3786 2581 3842 vel
2615 3786 3031 3857 cujusquemodi
3074 3785 3196 3840 loca
3222 3787 3318 3849 vel,
3387 3801 3579 3838 mona-

1999 3885 2168 3941 steria
2190 3883 2512 3952 patriarclue
2541 3880 2635 3935 uni
2661 3879 2906 3948 subjecta
2931 3887 3160 3932 eatenus
3183 3876 3574 3938 censebantur,

1996 3989 2061 4028 ea
2102 3973 2358 4039 deinceps
2404 3967 2698 4038 epiSCOpis,
2732 3980 2966 4035 quorum
3015 3964 3119 4018 illa:
3156 3964 3391 4032 propria:
3434 3961 3575 4017 dia:-

1997 4081 2152 4120 ceses
2182 4073 2387 4126 essent,
2413 4062 2537 4132 iure
2558 4061 2841 4115 ordinario
2867 4059 3236 4127 subjacerent.
3261 4056 3577 4111 Addebatur

1997 4154 2198 4210 decreti
2232 4155 2394 4217 ratio,
2419 4167 2515 4222 per
2534 4152 2762 4206 abusum
2789 4149 2960 4204 videri
2986 4158 3040 4203 et
3061 4158 3251 4202 contra
3289 4163 3572 4202 sacrorum

1997 4260 2269 4300 canonum
2303 4244 2681 4298 auctoritatem
2714 4249 3035 4295 attentatutu
3066 4238 3121 4292 id
3159 4240 3303 4307 quod
3326 4255 3392 4293 ex
3414 4240 3578 4309 longo

2000 4337 2267 4390 hactenus
2326 4341 2572 4403 tempore
2634 4331 2940 4385 factitatum
2997 4329 3198 4394 fuerat,
3264 4340 3324 4383 ut
3379 4345 3578 4398 netitpe

320 4429 446 4478 dam
486 4423 682 4493 Ephesi
721 4423 951 4476 antistes
981 4420 1154 4482 Isaac,
1176 4435 1287 4488 quo
1319 4419 1590 4488 spirituali
1623 4417 1784 4472 Patre
1811 4427 1890 4473 at-
1926 4443 1970 4497 ο
2000 4425 2326 4498 patriarchae
2351 4423 2956 4490 CoustantinOpolitano
2987 4425 3126 4477 ultra
3156 4421 3290 4477 ﬁnes
3319 4423 3577 4477 dimcesis

321 4535 430 4588 que
467 4519 677 4572 arbitro
722 4515 1072 4570 conscientiae
1119 4523 1252 4569 tunc
1295 4513 1573 4582 Augustus
1616 4512 1894 4576 utebatur,

324 4627 435 4664 nou
463 4611 606 4678 quod
639 4608 802 4661 ullam
845 4609 960 4676 ipse
1002 4605 1222 4675 quidem
1256 4603 1474 4674 proprie
1519 4604 1745 4658 haberet
1785 4603 1898 4658 odii

324 4701 548 4757 causam
579 4701 845 4754 adversus
875 4699 1262 4768 patriarcham,
1293 4695 1388 4751 sed
1419 4705 1478 4750 ut
1501 4696 1901 4765 gratiﬁcaretur

326 4793 666 4865 imperatori,
695 4801 748 4847 et
779 4792 833 4846 in
869 4797 990 4846 eam
1033 4805 1196 4860 quam
1228 4790 1318 4843 ille
1355 4790 1454 4842 hac
1484 4799 1602 4842 arte
1640 4803 1898 4857 procura-

326 4898 441 4942 tum
483 4887 595 4940 ibat
623 4884 956 4940 retusieuem
981 4882 1325 4938 Conﬁdentiae
1354 4880 1534 4946 Vecci,
1559 4895 1625 4934 ne
1647 4880 1900 4948 deinceps

328 4991 439 5034 tam
474 4979 640 5033 libere
670 4992 831 5047 agere
851 4991 1038 5032 secum
1064 4976 1308 5040 auderet,
1333 4975 1604 5028 eliicacem
1639 4988 1736 5042 pro
1755 4972 1898 5026 virili

327 5072 603 5125 conferret
663 5084 909 5138 operam.
963 5067 1287 5136 Quanquam
1338 5079 1446 5118 non
1501 5065 1675 5116 aliena
1720 5063 1898 5116 solum

328 5177 516 5227 causa,
551 5163 645 5217 sed
676 5160 883 5232 proprii
910 5161 1074 5214 etiam
1118 5167 1368 5227 respectu
1426 5165 1668 5226 quaestus
1697 5154 1750 5207 iu
1795 5155 1900 5209 hoc

328 5265 538 5309 motum
583 5253 1006 5322 suspicabantur
1049 5250 1296 5320 quidam,
1359 5249 1570 5319 opinati
1619 5249 1900 5302 studuisse

329 5357 426 5412 per
475 5344 578 5396 hoc
631 5341 808 5408 ipsum
877 5349 1030 5407 rapta
1097 5348 1404 5407 Opportune
1479 5337 1770 5390 occasione
1832 5350 1899 5389 ex

331 5435 573 5503 periculo
614 5431 800 5496 Vecci,
829 5448 930 5487 suo
967 5431 1079 5501 juri
1125 5429 1457 5498 subjungere
1491 5429 1607 5483 loca
1637 5428 1901 5498 jurisdic-

334 5527 467 5579 tioni
496 5526 821 5595 patriarcha:
851 5535 1126 5578 reservata
1172 5523 1228 5576 in
1260 5521 1473 5577 cunctis
1501 5536 1594 5592 per
1621 5521 1895 5576 Orientem

333 5615 680 5680 dioecesibus,
716 5616 786 5668 ita
818 5626 961 5668 utea
996 5623 1205 5668 tantum
1244 5628 1400 5668 sacra
1445 5615 1564 5667 loca
1610 5628 1733 5682 qua:
1759 5614 1899 5667 intra

335 5724 496 5761 unam
548 5709 730 5761 urbem
777 5707 1304 5778 Constantinopolim
1351 5705 1456 5762 sita
1498 5715 1700 5768 essent,
1746 5708 1898 5762 ordi-

2002 4515 2344 4584 propriaejus
2369 4521 2725 4582 competeret.
2761 4511 2917 4577 Quod
2953 4512 3045 4579 qui
3072 4511 3308 4574 dicebat,
3341 4527 3448 4565 non
3493 4511 3580 4565 in-

2002 4607 2278 4675 telligebat
2307 4604 2519 4674 eripere
2549 4619 2606 4658 se
2636 4603 2964 4672 patriarcha:
2987 4602 3204 4657 titulum
3229 4603 3579 4666 ωςιιιιιειιίιςί,

2001 4699 2205 4770 quippe
2227 4711 2388 4766 quem
2417 4695 2878 4750 circumcluderet
2916 4696 3051 4749 urbe
3073 4694 3574 4764 Constantinopo'i,

2003 4806 2102 4845 nec
2131 4789 2321 4843 saltem
2347 4789 2396 4842 ei
2420 4789 2741 4842 concederet
2762 4787 3040 4842 dimcesim
3072 4798 3273 4856 quanta
3309 4797 3364 4840 et
3397 4787 3577 4856 qualis

2002 4883 2185 4938 cuivis
2221 4882 2383 4936 etiam
2432 4880 2642 4951 vulgari
2675 4880 2933 4934 tribuitur
2961 4880 3238 4949 episcopo.
3280 4879 3476 4933 Verum
3520 4878 3574 4932 id

2002 4984 2116 5029 tum
2145 4973 2366 5043 quidem
2403 4973 2539 5026 nihil
2573 4972 2725 5042 pensi
2771 4973 2977 5027 habens
3018 4971 3190 5036 lsaac,
3238 4979 3294 5025 et
3333 4971 3386 5024 in
3431 4970 3572 5025 lucri

2001 5080 2156 5136 parte
2210 5082 2510 5120 numerans
2553 5066 2790 5120 oblatam
2843 5064 3186 5119 occasionem
3228 5063 3573 5133 gratiﬁcandi

2003 5159 2498 5227 quomodocunque
2538 5159 2734 5212 amicis
2759 5157 2874 5212 suis
2895 5157 3184 5226 episcopis,
3206 5171 3344 5226 ques
3373 5156 3576 5210 multos

2002 5249 2349 5304 oﬁendebant
2375 5252 2492 5304 istae
2526 5249 2578 5302 in
2603 5249 2840 5318 propriis
2871 5249 3202 5302 dimcesibus
3229 5249 3578 5315 exceptiones

2003 5340 2248 5394 locorum
2283 5341 2687 5395 subtractorum
2716 5339 3007 5392 ordinaria:
3033 5339 3277 5408 ipsorum
3317 5335 3573 5407 potestati

2003 5449 2066 5488 ac
2110 5433 2433 5502 patriarchae
2481 5433 2794 5486 auctoritati
2841 5432 3231 5500 subiectorum;
3267 5440 3321 5485 ct
3365 5431 3569 5498 passim

2003 5528 2404 5582 conteutlebat‘tt
2437 5541 2548 5580 non
2584 5526 2706 5595 plus
2732 5525 2875 5594 juris
2906 5523 3571 5594 Uoustantinopolitaniin

2003 5621 2206 5672 alienas
2222 5619 2470 5672 dioceses
2494 5633 2656 5688 quam
2683 5622 2882 5689 cuique
2903 5619 3146 5688 ipsorum
3180 5619 3230 5672 iu
3259 5615 3579 5673 Constanti-

2005 5713 2378 5780 twpolitauatn
2412 5727 2553 5766 esse.
2588 5712 2858 5767 Cancrum
2893 5714 3258 5784 patriarcham
3283 5715 3576 5783 imperator
