3964 6542
435 263 533 332 911

1640 267 1962 333 GEORGII
2005 272 2493 335 PACHYMER/E

2557 330 2582 350 κ
3573 277 3675 340 9ίὲ

435 386 569 440 ποτὶ
603 383 660 438 δὲ
691 385 786 438 καλ⁵
818 383 959 454 ὑπὲρ
987 381 1198 436 ἐκείνου
1234 381 1518 452 ἱστάμενος
1552 385 1646 436 καλ⁸
1672 384 1781 437 τῶν
1811 381 2007 452 ἐγκληο
2034 386 2084 446 Α
2107 401 2215 438 των
2245 384 2322 455 τῷ
2347 383 2557 454 βασιλεῖ
2578 384 2885 455 προσήγετο
2914 383 3250 452 ὲπιδόρπιος.
3293 384 3444 437 Ἐπεὶ
3467 386 3510 438 δ’
3537 387 3681 450 sub;

437 478 625 546 μάτων
656 476 908 531 ἀπολύων
932 477 1007 540 ὼς
1033 473 1516 544 συκοφαντούντων
1558 475 1664 527 τῶν
1692 474 2012 543 κατηγόρων

433 571 714 640 ἄντικρυς.
748 565 858 622 Ἦν
905 568 962 620 δὲ
997 567 1151 620 διττὰ
1176 566 1447 636 στρέφων,
1474 568 1586 629 τοῖς
1636 567 1733 634 μὲν
1777 565 2012 635 κατηγὸ-

437 676 550 730 ροις
578 662 717 714 κατὰ
744 659 1031 732 πρόσωπον
1065 658 1318 726 ἐγκαλεῖν
1349 659 1518 726 ἐφιεὶς
1545 660 1638 710 καὶ
1663 657 1822 726 δῆθεν
1853 657 2012 724 ἐλέγ-

435 770 574 823 χειν,
645 753 853 804 ἐκεῖνον
877 749 921 802 δ’
949 749 1100 813 αὖθις
1128 751 1188 804 τὸ
1218 751 1384 820 μέρος
1413 751 1673 819 καταψῶν
1705 766 1761 801 τε
1795 751 1885 801 καὶ
1915 765 2014 802 πε-

439 843 817 915 ριποιούμενος
851 845 928 914 τῷ
960 845 1012 911 γ’
1044 845 1353 914 ἐπικρίνειν
1381 842 1456 904 ὡς
1491 842 1702 911 πικρῶς
1743 859 2011 910 συκοφαν-

431 939 578 990 τοῖεν
623 937 671 989 οί
703 937 976 1004 λέγοντες,
1013 937 1110 988 καὶ
1154 939 1202 987 εί
1238 935 1432 1006 ἢθελεν
1473 928 1631 996 οὗτος
1664 934 1864 1001 λέγειν,
1914 936 2012 986 οὐκ

431 1025 500 1080 ἂν
531 1028 894 1094 συκοφαντίας
941 1026 1220 1096 ἡνοίγοντο
1255 1027 1519 1093 στόματα.
1548 1019 1654 1077 Ἦν
1682 1025 1724 1075 δ’
1764 1024 2009 1092 ἐμφανὴς

431 1116 684 1172 ἰντεῦθεν
718 1118 1136 1188 προσονειδίζων
1167 1117 1244 1186 τῷ
1278 1118 1594 1188 πατριάρχῃ
1623 1116 1682 1168 τὸ
1703 1117 1837 1186 πρὸς
1871 1117 2010 1168 ἐκεῖ·

430 1230 520 1266 νον
571 1211 752 1282 φίλερι
777 1225 790 1240 ’
827 1211 946 1280 ἔριν
1001 1213 1111 1282 γὰρ
1139 1211 1231 1263 τὸν
1281 1211 1464 1278 ζῆλον,
1501 1213 1678 1264 καὶτὸ
1730 1211 1868 1280 ὑπὲρ
1901 1208 2010 1261 τῶν

428 1303 801 1374 ἀδικουμένων
834 1302 1016 1370 λέγειν
1050 1302 1286 1372 ἐνοχλεῖν
1317 1303 1553 1372 ἔκρινεν.

431 1456 517 1528 ιβ’.
552 1457 626 1512 Τὰ
657 1454 970 1525 συμϐάντα
1001 1453 1080 1519 τῷ
1108 1452 1454 1528 ειτᾳιηοιτίρχῃΔ
1476 1453 1571 1506 διὰ
1605 1452 1718 1521 τὴν
1749 1451 1866 1507 τῶν
1897 1455 2010 1507 Ko-

913 1528 1118 1580 λύὄων
1142 1523 1520 1591 ἀποστολήν.

503 1665 589 1738 ιι),
626 1663 755 1736 310]
797 1665 870 1717 Οὐ
903 1665 1089 1735 χεῖρον
1123 1662 1178 1715 δὲ
1213 1662 1306 1714 καὶ
1331 1660 1391 1715 τὸ
1437 1662 1496 1714 ὲν
1529 1661 1672 1733 ἀρχῇ
1705 1661 1812 1714 τῶν
1840 1677 2012 1732 κατη-

2113 476 2212 538 τὰς
2243 476 2448 545 χαλκᾶς
2480 476 2694 540 ὲκείνας
2724 476 2984 540 πλατείας
3013 477 3283 537 ὑποδοχὰς
3311 478 3569 539 πλείστας
3593 477 3684 530 οὖ-

2117 583 2216 628 σας
2261 566 2462 630 ἔξωθεν
2500 567 2866 638 ἐρανίζεσθαι.
2920 568 3019 619 σὺν
3070 569 3188 626 ταῖς
3229 567 3416 630 ἄλλαις
3459 563 3528 638 ἦν
3587 569 3684 636 μία

2113 657 2344 710 δοκοῦσα
2375 660 2468 710 καὶ
2497 659 2801 728 πρωτεύειν
2826 657 2905 727 τῷ
2935 657 3122 709 κάλλει
3156 658 3250 709 καὶ
3275 657 3401 722 ἀξία
3425 660 3503 727 τῷ
3531 658 3685 726 βασι-

2113 748 2193 802 λεῖ
2223 751 2613 819 προσάγεσθαι,
2639 750 2672 820 ἢ
2705 751 2770 818 δὴ
2796 754 2889 803 καὶ
2917 751 3240 820 γράμμασιν
3268 752 3583 817 Αιγυπτίοις
3609 750 3686 811 ὡς

2113 842 2434 911 ποικίλμασί
2483 859 2622 896 τισιν
2666 843 3062 895 ὲνεσκεύαστω
3123 843 3353 894 εἴθισται
3404 845 3556 910 γὰρ,
3611 842 3686 904 ὡς

2113 935 2350 1002 ἐλέγετο,
2383 937 2702 1001 Αἰγυπτίοις
2737 935 2850 986 ἀντ’
2884 934 3058 988 ἄλλων
3099 933 3262 986 τινῶν
3313 934 3686 1000 ποικιλμάτων

2113 1026 2169 1078 ἐν
2202 1043 2256 1078 τε
2289 1026 2515 1088 πέπλοις
2543 1029 2634 1079 καὶ
2664 1026 3020 1094 φωταγωγοῖς
3047 1028 3136 1076 καί
3163 1024 3380 1076 σκεύεσι
3408 1024 3688 1083 παντοίοις

2110 1119 2226 1179 τοῖς
2269 1119 2561 1188 γράμμασι.
2611 1116 2868 1186 χρῆσθαι.
2899 1117 3131 1185 Ἔτυχον
3174 1115 3230 1168 δὲ
3259 1115 3326 1167 τὰ
3377 1116 3687 1183 γράμματα

2111 1209 2206 1262 τοῦ
2235 1209 2543 1280 καταράτου
2569 1209 2887 1278 Μαχούμετ,
2912 1209 3105 1261 ταυτὸν
3135 1207 3179 1260 δ’
3203 1209 3379 1260 είπεῖν
3402 1210 3494 1260 καὶ
3518 1207 3689 1261 Μωα-

2115 1301 2238 1372 μεθ,
2293 1301 2462 1372 ὄνομα
2518 1303 2707 1372 φέρειν
2757 1304 2838 1364 εἰς
2874 1300 3116 1356 ἔπαινον.
3174 1300 3347 1353 Τοῦτο
3386 1301 3570 1369 κύκλῳ
3621 1302 3685 1370 τῇ

2113 1393 2345 1465 πλατείᾳ
2396 1393 2855 1463 ἐγγεγραμμένον
2907 1394 3035 1457 τοὺς
3090 1391 3532 1462 κατηγοροῦντας
3581 1394 3688 1444 οὐκ

2114 1484 2296 1539 ἔλαθε.
2330 1485 2440 1537 Καὶ
2483 1484 2548 1555 δὴ
2577 1483 2682 1548 ἔξω
2712 1484 2972 1554 κειμένης
2998 1484 3080 1536 ἔτι
3125 1484 3254 1554 πρὶν
3299 1482 3367 1536 ἂν
3400 1483 3686 1553 είσαχθείη

2111 1577 2188 1648 τῷ
2214 1577 2444 1648 βασιλεῖ,
2476 1571 2620 1632 οὗτοι
2665 1575 2979 1646 πέμψαντες
3025 1576 3446 1646 ἀναγγέλλουσιν
3475 1576 3551 1639 ὡς
3583 1577 3688 1630 οὐκ

2113 1671 2293 1725 είσιτά
2323 1687 2388 1740 γε
2421 1671 2488 1725 τὰ
2521 1673 2620 1738 τῆς
2648 1670 2909 1734 πλατείας
2955 1671 3034 1733 είς
3064 1668 3289 1740 βασιλέα
3325 1667 3594 1739 φερούσης
3624 1667 3690 1720 τὸ

427 1734 758 1830 Υορη-μάτωδί
796 1734 1032 1828 συμϐὰν.
1080 1757 1154 1820 ὡς
1182 1757 1396 1826 χάριεν,
1431 1757 1742 1826 ἱστορῆσαι,
1779 1757 1875 1810 καὶ
1906 1755 2011 1810 δεῖ·
2043 1734 2084 1790 Β
2111 1734 2394 1833 ἐξάγιστον
2423 1734 2614 1834 ὀνομα,
2659 1763 2752 1816 καὶ
2779 1762 2854 1824 ὡς
2883 1764 2911 1816 ὁ
2943 1734 3290 1832 πατριάρχης
3318 1734 3572 1831 ἐπίτηδες
3601 1762 3690 1813 ὲν-

429 1853 517 1919 ξαι
545 1852 720 1905 ὁπόσα
757 1852 992 1920 πονηρία
1044 1848 1432 1919 προσλαϐοῦσα
1456 1850 1646 1918 καιρὸν
1673 1848 1846 1902 ἀνύει.
1875 1847 2012 1902 Σύν-

428 1945 558 2014 ηθες
614 1945 714 2014 μὲν
752 1937 844 1997 οὖν
867 1938 934 2013 ἦν
963 1941 1277 2012 περιφανῶς
1311 1942 1580 1994 τελεῖσθαι
1607 1943 1672 2010 τῇ
1715 1941 2014 2012 Ἐκκλησία

431 2037 531 2106 τὴν
571 2038 669 2105 τῆς
709 2034 1066 2098 ’Υπαπαντῆς
1117 2033 1331 2104 ἑορτὴν,
1383 2033 1479 2087 ἅτε
1507 2031 1626 2085 κατ’
1675 2033 1893 2101 ἐκείνην
1922 2050 2014 2085 τυ-

431 2128 616 2198 χόντος
667 2125 796 2196 παρ’
839 2126 1037 2196 Ἰωσὴφ
1083 2125 1176 2178 τοῦ
1211 2126 1539 2196 κρατοῦντος
1588 2127 1688 2193 τῆς
1724 2127 2015 2197 συγχωρή-

435 2237 571 2280 σεως
599 2233 612 2248 ⁸
645 2215 714 2288 ἦν
739 2218 795 2270 δὲ
824 2219 917 2271 καὶ
940 2217 1089 2287 ὲφθῷ
1115 2217 1245 2288 σίτῳ
1271 2217 1485 2286 σύναμα
1519 2220 1751 2287 καρποῖς
1781 2219 2014 2288 ὀπωρῶν

434 2311 853 2375 ποικιλλομένας
907 2310 1006 2373 τὰς
1055 2309 1164 2363 τῶν
1218 2312 1562 2379 ἐκπωμάτων
1618 2310 1876 2374 πλατείας
1934 2312 2015 2374 είς

430 2404 680 2473 εὐλογίαν
732 2401 1108 2473 προτίθεσθαι,
1149 2395 1226 2456 ῶν
1271 2403 1344 2466 ὡς
1379 2403 1600 2473 ἀπαρχὴ
1635 2421 1718 2466 τις
1762 2404 1795 2472 ή
1831 2402 2014 2474 κρείτ-

432 2603 500 2642 ex
529 2601 630 2641 suo
661 2594 788 2639 voto
825 2585 910 2638 his
953 2583 1248 2637 calumniis
1291 2582 1506 2652 egregie
1563 2582 1864 2635 exercitum
1921 2597 2016 2651 per

439 2684 578 2734 duos
614 2687 756 2733 totos
808 2691 1022 2730 menses
1073 2676 1282 2739 habuit,
1345 2689 1490 2728 nunc
1547 2675 1836 2728 sententiis
1889 2689 2014 2727 eum

433 2772 678 2842 judicum
712 2770 1055 2840 permittens,
1085 2782 1230 2820 nunc
1250 2767 1298 2821 ei
1333 2767 1486 2820 visus
1520 2764 1810 2835 suffragari
1837 2766 2019 2820 crimi-

435 2866 708 2933 nihusque
732 2862 905 2930 ipsum
926 2861 1156 2923 solvere,
1181 2858 1402 2912 mentiri
1422 2868 1776 2913 accusatores
1794 2870 1844 2910 et
1878 2857 2015 2912 nihil

434 2952 541 3006 nisi
595 2964 773 3004 meras
803 2947 1000 3002 allerre
1047 2947 1354 3003 calumnias
1388 2959 1660 3000 aSserens.
1701 2943 2036 3000 Sustinebat-

433 3042 616 3098 autem
653 3041 706 3095 in
745 3041 848 3095 hac
867 3039 1025 3109 quasi
1057 3054 1218 3092 scena
1256 3052 1543 3107 personam
1569 3036 1862 3105 duplicem,
1885 3036 2012 3090 hinc

436 3135 657 3204 quidem
690 3133 868 3202 palam
914 3131 1333 3185 accusatoribus
1369 3129 1692 3198 permittens
1732 3127 2009 3182 criminari

435 3225 803 3294 patriar-ultam
832 3231 880 3276 et
900 3222 948 3274 ei
968 3222 1143 3274 dicam
1181 3219 1232 3272 in
1253 3235 1314 3272 es
1331 3233 1516 3272 coram
1541 3218 1863 3287 impingere,
1889 3218 2013 3271 inde

436 3332 631 3371 rursus
661 3315 909 3369 eumdem
930 3326 1176 3366 seorsum
1210 3319 1535 3364 conventum
1560 3309 1847 3371 deliniens,
1884 3325 2010 3363 con-

434 3409 618 3464 dolere
645 3406 717 3460 illi
748 3403 1016 3459 simulans
1048 3403 1203 3469 quasi
1247 3417 1344 3472 per
1373 3399 1712 3454 calumniam
1758 3399 2013 3469 iniustis-

434 3502 573 3555 sime
610 3505 825 3550 vexato.
863 3491 919 3547 In
952 3507 1062 3562 quo
1093 3506 1256 3560 quam
1302 3491 1441 3543 male
1485 3488 1823 3543 cohaererent
1853 3489 2014 3543 dictis

432 3593 576 3646 facta
608 3587 787 3656 palam
829 3590 967 3638 erat.
1005 3582 1061 3635 Si
1104 3582 1248 3634 enim
1289 3589 1394 3633 tam
1438 3589 1554 3633 erat
1586 3579 1660 3631 illi
1701 3588 2011 3648 perspecta,

433 3694 598 3751 quam
621 3677 789 3731 videri
817 3675 1052 3737 volebat,
1079 3671 1392 3726 innocentia
1416 3670 1603 3736 delati,
1625 3687 1722 3724 cur
1742 3671 2012 3726 delatores

437 3789 544 3828 tam
574 3774 801 3826 licenter
822 3769 1138 3836 obstrepere
1165 3776 1315 3820 tanto
1347 3776 1589 3834 tempore
1614 3765 1852 3827 sinebat,
1873 3778 2014 3833 quos

433 3866 637 3920 latebat
668 3865 940 3918 neminem
968 3876 1035 3915 ne
1067 3859 1284 3914 hisee-re
1313 3859 1533 3928 quidem
1567 3872 1823 3921 ausuros,
1859 3858 1903 3911 si
1936 3859 2015 3910 eis

437 3960 522 4013 vel
553 3961 718 4013 semel
749 3957 1084 4011 declarasset
1105 3955 1403 4020 imperator
1426 3953 1531 4005 sibi
1557 3952 1846 4020 displicere
1869 3954 2012 4021 quod

441 4052 516 4105 illi
559 4047 812 4120 agerent?
844 4047 948 4100 Sed
983 4045 1086 4100 hoc
1109 4043 1269 4115 453
1311 4059 1500 4096 omnes
1544 4044 1799 4097 vidi-bant
1827 4043 1894 4095 ab
1950 4057 2014 4094 a-

445 4153 596 4198 stuto
634 4140 878 4211 principe
907 4141 980 4192 ita
1021 4137 1161 4201 lieri,
1199 4149 1254 4190 ut
1285 4151 1377 4205 per
1422 4152 1480 4190 se
1514 4135 1817 4204 patriarcha
1852 4135 2012 4188 intel-

440 4240 629 4306 Iigeret
661 4236 814 4287 luere
838 4249 896 4287 se
929 4246 1148 4301 pinnam
1177 4215 1534 4284 contentiosa:
1566 4229 1880 4298 pertinacia:
1907 4244 2010 4298 qua

441 4326 642 4396 iurgari
697 4339 821 4378 cum
864 4324 1112 4391 principe
1143 4338 1250 4375 non
1302 4331 1448 4374 esset
1494 4322 1719 4373 veritus.
1764 4317 2008 4388 Iurgium

2113 1852 2438 1906 σκευάσαιτο
2466 1851 2681 1922 ἐκείνην
2707 1851 3025 1920 πεμφθῆναι
3050 1850 3127 1920 τῷ
3159 1849 3389 1920 βασιλεί,
3424 1843 3574 1922 ᾗπερ
3608 1849 3685 1919 μὴ

2114 1944 2273 2015 μόνον
2303 1944 2404 1997 οὐκ
2443 1943 2692 2011 εὐλογίας
2738 1944 2898 2014 μετὸν
2935 1941 3024 1996 διὰ
3049 1943 3108 1995 τὸ
3131 1941 3232 2012 τῆς
3261 1944 3476 2012 γραφῆς
3506 1959 3686 2011 μυσα-

2114 2036 2227 2106 ρὸν,
2280 2035 2418 2089 ἀλλὰ
2466 2036 2564 2088 καὶ
2612 2035 2814 2105 μύσους
2867 2034 2938 2087 τὰ
2989 2035 3222 2104 μέγιστα
3271 2033 3684 2104 πῳσετρίὸετο.

2112 2127 2299 2182 Ταῦτα
2327 2129 2634 2198 πυθόμενος
2661 2131 2687 2180 ὁ
2719 2126 2993 2198 βασιλεὺς,
3029 2126 3194 2198 πείρᾳ
3215 2126 3386 2180 θέλων
3420 2128 3686 2196 γνωρίσαι

2113 2219 2178 2272 τὰ
2211 2219 2572 2287 ἀγγελθέντα,
2624 2219 2683 2286 ἐξ
2721 2219 2890 2288 αὐτῆς
2923 2219 3134 2287 πέμπει
3170 2218 3262 2271 τὸν
3293 2216 3386 2270 τοῦ
3431 2218 3688 2281 κοιτῶνος

2115 2312 2612 2382 παρακοιμώμενον
2666 2314 2758 2366 τὸν
2808 2311 3086 2382 βασιλικὸν
3139 2311 3416 2365 Βασίλειον
3469 2310 3688 2378 ξυνετὸν

2112 2405 2241 2458 ὄντα
2279 2405 2622 2476 γραμμάτων
2665 2405 3002 2477 Ἀγαρηνῶν,
3031 2406 3126 2458 καί⁷
3172 2405 3232 2468 ὃς
3263 2404 3599 2473 ἀνεγίνωσκέ
3626 2419 3687 2455 τε

2117 2585 2186 2643 is.
2219 2594 2276 2637 ut
2307 2585 2513 2638 dictum
2587 2592 2692 2647 est,
2739 2587 2833 2640 tali
2879 2585 2968 2641 die
3011 2587 3384 2642 communioni
3434 2585 3689 2649 Ecclesia:

2116 2678 2403 2729 restitutus
2428 2685 2482 2728 et
2510 2677 2858 2731 anathemate
2883 2679 3096 2733 solutus
3134 2693 3164 2732 α
3200 2678 3441 2748 Josepho
3471 2678 3686 2736 fuisset.

2117 2767 2172 2820 In
2195 2767 2280 2821 his
2297 2778 2476 2820 autetn
2498 2782 2620 2836 quae
2637 2782 2705 2821 ex
2724 2767 3020 2822 abundanti
3040 2769 3382 2824 addebantur
3398 2771 3462 2823 ad
3481 2773 3682 2838 passim

2117 2857 2348 2910 usitatos
2370 2857 2491 2924 ejus
2520 2857 2801 2926 religionis
2835 2861 2994 2924 ritus,
3031 2859 3164 2913 illud
3191 2872 3311 2915 erat
3346 2872 3404 2914 ut
3433 2863 3487 2915 in
3520 2861 3689 2916 lanci-

2119 2946 2216 3001 bus
2265 2951 2582 3002 encaustico
2632 2965 2796 3019 opere
2841 2951 3159 3022 variegatis.
3222 2954 3432 3024 pictura
3473 2953 3687 3009 fructus
3784 2975 3786 2978 ν

2119 3039 2229 3093 fere
2270 3039 2613 3094 aumtnnales
2664 3041 3025 3108 exprimente,
3079 3041 3418 3099 frumentum
3479 3053 3682 3100 tostum

2117 3130 2442 3200 patriarcha:
2467 3132 2532 3184 ad
2567 3146 2716 3185 aram
2743 3132 2994 3189 facientis
3035 3135 3418 3191 benedictione
3446 3139 3686 3194 sanctiti-

2115 3221 2346 3276 candum
2375 3221 2684 3284 offerretur,
2707 3230 2818 3275 tum
2849 3224 3040 3278 harum
3063 3225 3302 3278 lancium
3327 3227 3526 3281 eximia
3560 3244 3678 3290 una,

2115 3312 2480 3381 primitiarum
2512 3313 2624 3367 ritu
2654 3315 2916 3384 quodam,
2941 3317 3178 3387 epulanti
3207 3318 3456 3388 Augusto
3485 3337 3633 3376 mens
3655 3337 3680 3375 ε

2115 3404 2369 3459 secundis
2396 3404 2712 3461 inferretur.
2741 3406 3010 3473 Quoniam
3046 3424 3174 3464 vero
3197 3426 3472 3466 azttearnm
3499 3415 3679 3469 istius-

2117 3497 2264 3551 modi
2302 3497 2537 3552 lancium
2568 3499 2636 3554 ad
2679 3502 2779 3555 hos
2821 3517 2950 3556 usus
2998 3505 3277 3572 t‘orrogari
3332 3506 3402 3559 ab
3449 3509 3678 3562 externis

2116 3590 2381 3660 plurimas
2421 3607 2649 3648 necesse
2682 3603 2820 3659 erat,
2866 3595 3007 3650 inter
3039 3595 3161 3651 illas
3221 3613 3343 3668 qua}
3398 3600 3500 3654 hnc
3541 3618 3678 3655 anno

2115 3684 2522 3738 commodattea
2589 3687 2756 3742 variis
2794 3690 3029 3757 fuerant,
3077 3707 3181 3745 una
3215 3693 3355 3746 forte
3388 3697 3618 3764 speciei
3642 3713 3680 3752 :r

2117 3774 2230 3828 visa
2264 3776 2496 3842 cancris,
2528 3787 2583 3830 et
2614 3793 2680 3831 eo
2716 3779 2877 3848 digna
2917 3794 3028 3849 prie
3053 3786 3266 3840 cunctis
3291 3799 3412 3853 qua:
3450 3788 3679 3856 impera-

2116 3866 2219 3919 tnri
2258 3869 2564 3932 sisteretur,
2608 3873 2846 3940 seposita
2891 3876 2954 3928 ad
3009 3874 3114 3928 hoc
3167 3878 3343 3944 ipsum
3391 3891 3495 3936 est.
3549 3879 3679 3935 Huic

2119 3973 2307 4025 porro,
2351 3971 2543 4026 praeter
2591 3972 2843 4017 ceteram
2885 3965 3089 4020 inducti
3135 3967 3412 4039 eleganter
3473 3975 3678 4027 lecturi

2119 4051 2379 4118 speciem,
2422 4051 2658 4123 Egypt“
2687 4071 2904 4123 quoque
2938 4056 3184 4126 inscripti
3215 4061 3681 4119 characteresine-

2121 4151 2260 4192 rant.
2298 4140 2629 4194 Consuetum
2671 4147 2892 4213 quippe,
2929 4158 2985 4200 ut
3011 4148 3187 4210 aiunt.
3230 4148 3604 4220 Egypteisest
3631 4159 3680 4208 in

2118 4231 2250 4285 velis
2319 4232 2661 4288 candelabris
2725 4237 2979 4305 vasisque
3044 4240 3266 4308 reliquis
3327 4245 3680 4311 insigniendis

2119 4325 2276 4378 istam
2307 4340 2336 4378 e
2370 4326 2565 4380 litteris
2597 4329 2840 4396 ipsorum
2887 4332 3134 4400 speciose
3179 4335 3329 4392 illitis
3377 4344 3680 4397 ornamenii

440 4424 585 4472 enim
622 4417 710 4470 ille
740 4432 803 4470 ac
843 4415 1239 4467 contentiosam
1274 4413 1676 4482 pugnacitatem
1703 4414 2009 4482 appellabat
2047 4419 2086 4470 D
2119 4419 2380 4470 rationem
2405 4418 2676 4475 aﬂectare.
2711 4419 2870 4475 Forte
2887 4433 3070 4479 autem
3093 4429 3296 4496 evenit,
3325 4441 3522 4500 utqtta:
3549 4438 3682 4490 hanc

443 4509 756 4579 religiosum
790 4505 962 4559 zelum
989 4505 1370 4574 patrocinandi
1397 4503 1788 4559 circumventis
1809 4507 2016 4559 calum-

443 4600 534 4654 nia
567 4599 649 4653 vel
681 4598 786 4652 alia
817 4595 1016 4667 quavis
1044 4596 1248 4664 injuria
1275 4595 1578 4664 Oppressis.

443 4757 531 4811 12.
569 4754 712 4822 Quid
749 4755 1020 4822 contigerit
1067 4753 1388 4820 patriurrhw
1443 4765 1508 4805 ex
1561 4751 1804 4804 missione
1857 4750 2014 4822 Calg-

1127 4830 1334 4877 eorum.

511 4961 630 5017 Non
661 4960 758 5016 abs
794 4973 850 5014 re
893 4956 1059 5014 fuerit
1081 4967 1134 5012 et
1186 4955 1335 5027 quod
1377 4956 1536 5011 initio
1579 4955 1744 5028 huius
1785 4972 2012 5014 accusa-

444 5055 613 5110 tionis
641 5051 842 5107 accidit
861 5048 1114 5119 ioculare
1143 5062 1208 5102 ac
1231 5046 1383 5102 dictu
1421 5046 1660 5116 lepidum
1694 5045 1919 5110 referre,
1956 5058 2015 5103 ut

445 5157 510 5200 ex
539 5143 642 5196 hoc
676 5137 1161 5209 speciminelector
1176 5137 1410 5192 aestimet
1429 5145 1694 5205 quantum
1721 5138 1821 5192 sibi
1851 5136 2016 5193 licere

450 5232 761 5302 malignitas
792 5231 923 5285 velit
951 5237 1006 5283 et
1028 5227 1161 5298 quid
1185 5243 1290 5282 non
1320 5227 1612 5282 occasione
1645 5236 1860 5297 arrepta
1896 5244 2014 5296 per-

449 5328 613 5382 ficiat.
648 5324 728 5379 Ad
767 5329 1092 5378 consuetum
1136 5320 1339 5390 ubique
1379 5334 1444 5375 ac
1488 5334 1710 5388 semper
1745 5320 2010 5375 celebrem

446 5426 768 5488 apparatum
802 5414 1081 5483 ritumque
1113 5425 1409 5484 augustum
1439 5411 1815 5466 anniversario
1860 5412 2011 5466 cultu

447 5507 785 5564 honorandae
833 5505 1203 5564 solemnitatis
1259 5502 1610 5574 Hypapantes
1653 5503 1858 5572 aliquid
1909 5503 2014 5559 hoc

446 5612 691 5671 tempore
715 5598 1051 5655 caeremoniae
1072 5594 1450 5669 exquisitioris
1472 5595 1719 5650 adhiberi
1743 5605 1860 5650 erat
1883 5599 2014 5652 solt-

449 5703 586 5754 tum.
620 5698 672 5746 in
705 5695 935 5763 gratiam
968 5702 1130 5765 atque
1161 5691 1420 5743 honorem
1459 5687 1828 5757 imperatoris,
1863 5691 2008 5760 quod

2119 4505 2431 4596 imperatori
2478 4510 2815 4562 destinatam
2851 4512 3072 4574 glancem
3107 4516 3378 4574 elementa
3432 4523 3679 4596 Egyptia

2118 4593 2404 4686 pingebant
2419 4635 2434 4662 ,
2447 4602 2798 4656 exsecrabilis
2813 4601 2979 4674 454
2995 4607 3380 4678 Machumetis,
3400 4631 3517 4679 seu,
3543 4593 3682 4686 quod

2118 4685 2261 4740 idem
2291 4697 2396 4753 est,
2440 4688 2783 4758 Moamelliis,
2819 4696 3120 4752 honorifice
3171 4716 3366 4756 nomen
3411 4705 3685 4774 exprime-

2121 4786 2260 4830 rent.
2288 4775 2407 4832 Non
2457 4779 2608 4835 latuit
2661 4795 3012 4840 accusatores
3057 4789 3262 4845 circum
3306 4795 3492 4849 orbem
3527 4797 3683 4866 hujus

2118 4867 2319 4937 patinae
2364 4873 2794 4929 abominandum
2856 4877 2912 4930 id
2963 4882 3284 4936 vocabulum
3337 4884 3679 4956 inscriptum.

2116 4957 2254 5012 Cum
2284 4976 2346 5012 ea
2373 4961 2542 5032 igitur
2575 4969 2756 5020 adhuc
2789 4967 2844 5020 in
2878 4970 3082 5038 templo
3129 4975 3387 5041 seposita,
3422 4983 3684 5046 quemad-

2118 5051 2340 5104 modum
2375 5063 2456 5108 est
2489 5057 2716 5120 dictum,
2747 5068 2810 5110 ut
2835 5061 2900 5112 ad
2935 5059 3322 5129 imperatorem
3358 5068 3683 5140 deferretur,

2114 5151 2309 5208 staret,
2346 5143 2514 5198 misso
2556 5146 2609 5198 hi
2644 5159 2794 5200 certo
2823 5149 3042 5205 homine
3085 5153 3135 5206 ei
3174 5157 3427 5212 nuntiant
3476 5164 3683 5218 lancem

2114 5231 2221 5301 ipsi
2266 5233 2596 5290 olferendam
2655 5239 2902 5296 studiose
2953 5244 3217 5301 delectam
3272 5266 3300 5302 a
3351 5233 3656 5318 patriarcha

2115 5343 2236 5396 qute
2267 5329 2607 5384 detestabilis
2655 5344 2804 5388 esset
2847 5338 3086 5393 nominis
3129 5343 3464 5412 ascriptione
3507 5313 3688 5418 prefa:

2115 5428 2263 5482 nata,
2309 5429 2368 5473 ut
2409 5420 2664 5477 videlicet
2717 5442 2817 5495 pro
2870 5441 3087 5497 sperata
3152 5435 3401 5502 Augusto
3449 5452 3516 5492 ex
3571 5441 3684 5506 ejus

2114 5509 2259 5564 sacri
2287 5511 2611 5579 apophoreti
2651 5515 3074 5588 participatione
3095 5524 3272 5591 gratia
3318 5533 3534 5581 macula
3586 5531 3680 5598 ipsi

2115 5602 2328 5658 infandi
2359 5604 2561 5666 piaculi
2588 5610 2912 5678 contagione
2948 5616 3100 5670 velut
3127 5620 3359 5687 quadam
3393 5635 3683 5676 exsecrata!

2117 5693 2527 5765 superstitionis
2559 5696 2897 5756 alliueretur.
2931 5700 3056 5759 11ωο
3099 5707 3326 5762 audiens
3366 5707 3678 5778 imperator,
