3964 6582
265 612 354 674 913

1176 621 1271 680 DE
1316 619 1707 679 MICHAELE
1747 615 2218 679 PALAZOLOGO
2249 617 2394 679 LIB.
2439 616 2537 676 VI.

3373 609 3477 672 illi

255 729 338 781 καὶ
384 724 439 776 τὸ
479 723 674 794 ἀληθὲς
727 727 1172 801 προσεμαρτύρει
1227 735 1339 795 τοῖς
1383 733 1799 801 ἁπαγγείλατιν.
1831 736 1877 791 Α
1907 731 2104 804 κλησία
2151 732 2410 801 ποιμένος
2456 725 2838 799 κεχηρωμένη,
2873 725 2999 796 μήτ’
3039 724 3250 779 ἐκείνου
3281 726 3462 790 παρόν-

263 819 320 871 'H
343 816 436 886 μὲν
465 811 557 868 οὖν
591 816 818 873 πλατεῖα
862 821 960 873 οὐκ
993 822 1243 893 εἰσήγετο
1270 824 1358 878 διὰ
1406 823 1506 895 τὴν
1557 823 1800 894 συνείδη-

251 927 347 972 σιν,
378 909 863 982 τὴντιποστολικὴν
911 915 1239 985 παραίνεσιν
1278 917 1373 970 τοῦ
1410 917 1674 987 βασιλέως
1701 934 1800 986 τη-

254 1001 526 1070 ρήσαντος·
574 1000 634 1054 τὸ
681 1002 738 1055 δὲ
793 1007 860 1076 τῇ
899 1005 1028 1075 ἑξῆς
1062 1007 1137 1071 ὡς
1189 994 1443 1079 ἔγκλημα
1491 1011 1583 1062 καὶ
1640 1007 1802 1062 τοῦτο

250 1092 548 1160 προύτίθετο
574 1093 853 1163 μέγιστον.

252 1248 330 1320 ιγ’.
357 1250 548 1314 Ὅπως
591 1252 984 1320 παρῃτήσατο
1034 1255 1141 1324 τὸν
1192 1255 1409 1324 θρόνον
1443 1257 1478 1310 ὁ
1521 1269 1804 1323 πατριαρ-

735 1325 932 1392 χεύων
971 1323 1276 1394 Ἰωάννης.

311 1456 388 1528 |P.
419 1455 543 1527 5H}
588 1456 676 1518 Ὠς
711 1459 891 1515 τοίνυν
913 1459 981 1513 τὰ
1018 1460 1164 1514 κατὰ
1196 1464 1288 1516 τὴν
1322 1464 1669 1535 πατριάρχην
1709 1466 1806 1519 ἐπὶ

252 1551 370 1618 μησὶ
397 1548 536 1600 δυοῖν
569 1549 814 1617 ἐτρίϐετο
839 1551 934 1604 καὶ
956 1553 1108 1606 οὐδὲν
1136 1553 1349 1622 ἠνύετο,
1388 1555 1548 1625 μόνον
1572 1557 1616 1609 δ’
1647 1557 1805 1620 ὕθλος

248 1642 329 1693 καὶ
357 1639 582 1708 λοιδορία
614 1641 706 1694 καὶ
728 1644 838 1694 πᾶν
866 1644 894 1696 ὅ
926 1661 978 1697 τι
1022 1645 1280 1698 κάκιστον
1309 1641 1397 1717 ἦν,
1439 1647 1553 1717 (καὶ
1581 1649 1635 1700 τί
1672 1649 1802 1718 γὰρ,

247 1731 365 1783 ὅπου
403 1734 490 1784 καὶ
516 1734 761 1802 κλίμακα
797 1736 940 1790 κατὰ
995 1737 1194 1807 φιάλης
1222 1740 1682 1796 ὲνσκευασθεῖσαν
1727 1740 1806 1811 τῷ

247 1825 539 1897 πατριάρχῃ
573 1827 719 1880 κατά
747 1845 867 1881 τινα
898 1829 1086 1883 ἄνεσιν
1133 1830 1367 1901 δένδρων
1415 1834 1593 1886 ἐκεῖσε
1630 1849 1802 1888 κατα-

247 1915 598 1984 φυτευθέντων
648 1919 936 1984 παντοίων,
973 1921 1106 1990 ὓλην
1138 1916 1284 1993 εἶχον
1311 1925 1423 1984 ῖκαὶ
1470 1924 1674 1993 ταύτην
1707 1926 1806 1995 τῆς

249 2008 356 2060 κατ’
384 2009 588 2062 ἐκείνου
631 2013 1018 2080 συκοφαντίας,
1054 2015 1183 2084 παρ’
1214 2014 1282 2085 ἢν
1307 2016 1488 2068 αἰτίαν
1519 2017 1614 2069 καὶ
1644 2016 1806 2084 μόνον

1898 845 2012 894 τος,
2042 825 2140 879 καὶ
2171 824 2329 882 ἄλλον
2359 820 2778 889 ἁντεισάγεσθαι
2816 818 2915 873 οὐκ
2940 815 3006 890 ἦν
3031 818 3167 882 ὅλως
3192 816 3270 886 τῷ
3311 815 3482 886 βασι-

1899 921 1984 974 λεῖ
2012 919 2234 988 θελητόν
2257 937 2269 950 ·
2317 919 2375 971 ὲν
2414 918 2494 988 τῷ
2527 915 2730 987 μεταξὺ
2758 913 2867 983 γάρ
2913 912 3148 983 πέμπων
3189 910 3282 964 καὶ
3317 908 3482 963 αὐτὸν
3509 927 3512 930 ·

1900 1013 1965 1084 δὴ
1987 1013 2077 1067 τὸν
2105 1013 2222 1066 υίδν
2253 1009 2419 1067 αὑτοῦ
2450 1010 2540 1064 τὸν
2580 1008 2804 1080 βασιλέα
2848 1005 3184 1078 Ἀνδρόνικον
3222 1003 3482 1075 ἐπειρᾶτο

1907 1105 2220 1176 μαλάττειν.

1908 1253 1988 1311 ιδ’.
2027 1258 2105 1312 Τὰ
2153 1259 2304 1311 κατὰ
2345 1257 2488 1322 τοὺς
2533 1254 2815 1324 πρέσϐεις
2847 1253 2957 1308 τοῦ
2985 1252 3210 1306 πάππα
3237 1251 3334 1305 καὶ
3373 1250 3483 1304 τὸν

2331 1327 2712 1397 πατριάρχην
2751 1324 3062 1392 Ἰωάννην.

1988 1464 2076 1518 Ἐν
2105 1464 2349 1533 τοσούτῳ
2379 1461 2436 1515 δὲ
2461 1462 2554 1516 καὶ
2585 1459 2844 1529 πρέσϐεις
2862 1459 2926 1511 ὲκ
2969 1457 3196 1526 Ῥώμης
3221 1454 3375 1524 παρὰ
3393 1453 3489 1506 τοῦ

1907 1555 2109 1610 πάππα
2154 1554 2474 1620 ἐφίστανται
2507 1553 2614 1618 ἔξω
2648 1569 2750 1604 που
2808 1551 3020 1611 πόλεως
3052 1548 3150 1614 τῆς
3200 1546 3490 1616 Ἀδριανοῦ

1906 1649 2237 1719 ἐπανήκοντι
2267 1646 2500 1716 βασιλεῖ.
2533 1647 2642 1699 Καὶ
2671 1645 2731 1706 ὃς
2765 1644 2940 1697 θέλων
2974 1641 3298 1704 συσκιάζειν
3332 1640 3490 1706 σφίσι

1906 1741 1976 1795 τὰ
2001 1745 2142 1796 κατὰ
2173 1740 2264 1794 τὸν
2288 1739 2662 1810 πατριάρχην,
2697 1737 2933 1799 ἐκείνοις
2967 1737 3066 1807 μὲν
3109 1735 3292 1796 αἰτίας
3323 1733 3497 1786 πλατο

1907 1835 2131 1906 τόμενος
2159 1833 2235 1896 ὡς
2261 1832 2581 1905 ἀπειρηκὼς
2617 1832 2772 1899 ἔλεγε
2835 1831 2974 1901 πρὸς
3035 1827 3164 1890 τοὺς
3222 1827 3416 1887 πόνους
3468 1829 3496 1877 ὁ

1910 1927 2283 1997 πατριάρχης,
2316 1926 2412 1978 καὶ
2436 1923 2698 1994 ἀνεθῆναι
2728 1924 2898 1977 θέλων
2939 1923 3032 1974 ἐπὶ
3064 1921 3224 1982 πολὺ,
3259 1922 3496 1988 ὲκγωρεί

1911 2020 2049 2089 πρὸς
2077 2018 2270 2088 καιρὸν
2285 2016 2380 2070 τοῦ
2399 2018 2818 2088 πατριαρχείου,
2842 2015 2927 2088 [Ρ.
2944 2015 3073 2089 512]
3090 2016 3182 2068 καί
3203 2032 3263 2083 γε
3281 2014 3497 2082 μέλλειν

249 2099 468 2163 ἀκούσας
499 2101 644 2155 κατὰ
673 2106 780 2156 πάν
809 2105 1026 2158 ἐκέλευε
1059 2105 1153 2158 καί
1183 2105 1234 2174 γ’
1262 2106 1546 2173 ἀφανίζειν
1570 2109 1749 2160 τέλεον
1767 2108 1806 2179 ς)
1840 2075 1881 2130 Β
1913 2075 2160 2179 ἐντυχεῖν
2180 2110 2320 2176 σφᾶς
2340 2107 2535 2178 ἐκείνῳ
2569 2108 2723 2178 παρά
2759 2124 2871 2160 τισι
2903 2108 3015 2160 τῶν
3045 2075 3189 2160 κατὰ
3210 2106 3310 2175 τὴν
3341 2105 3497 2156 πόλιν

247 2191 312 2251 ὡς
338 2191 461 2258 γοῦν
489 2192 646 2246 οὐδὲν
674 2194 802 2248 ἄλλο
832 2195 864 2266 ἢ
893 2196 1132 2267 λοιδορία
1164 2197 1380 2267 ἠνύετο,
1430 2200 1633 2261 σκοπὸς
1663 2201 1706 2252 δ’
1741 2197 1809 2272 ἦν

249 2286 437 2338 ἐκεῖνον
466 2287 812 2356 ἀπειρηκότα
856 2288 993 2359 πρὸς
1020 2289 1116 2353 τὰς
1153 2292 1418 2362 ἐπιφορὰς
1453 2292 1561 2346 τῶν
1599 2291 1812 2364 ὕϐρεων

247 2377 615 2444 παραιτεῖσθαι
657 2379 750 2431 τὸν
782 2379 994 2450 θρόνον,
1043 2383 1211 2451 μηνὸς
1247 2384 1498 2452 Κρονίου,
1537 2388 1811 2456 μεσούσης

244 2472 496 2538 νηστείας,
536 2473 783 2528 λίόελλον
827 2477 1062 2546 γράφειν
1089 2477 1166 2548 τῷ
1201 2484 1510 2552 συγγραφεῖ
1543 2486 1812 2554 παραιτήη

245 2578 364 2623 cato;
394 2563 696 2630 ἐπιτάττει,
735 2568 828 2620 καί
865 2569 919 2636 γ’
955 2569 1174 2634 ἐπιδοὺς
1218 2572 1432 2640 βασιλεῖ
1477 2589 1810 2644 προσποιου-

248 2655 378 2725 μένῳ
423 2656 496 2728 μὴ
530 2657 784 2729 δέχεσθαι
820 2660 1217 2730 ἀπηλλάττετο,
1271 2667 1366 2719 καὶ
1399 2668 1581 2735 φέρων
1615 2671 1679 2738 τῇ
1710 2667 1811 2734 τῆς

246 2745 625 2816 Παναχράντου
673 2753 809 2822 μονῇ
856 2753 1049 2806 ἑαυτὸν
1076 2754 1315 2808 δίδωσιν.
1348 2751 1456 2809 Ἦν
1489 2753 1582 2811 οὖν
1612 2759 1642 2827 ἡ
1687 2758 1810 2811 Ἑκ-

243 2934 340 2988 quo
367 2919 432 2975 ad
469 2922 740 2992 liquidum
777 2926 1098 2995 exploraret
1129 2944 1199 2986 an
1237 2930 1310 2984 ita
1364 2931 1650 2996 haberent,
1686 2948 1810 2988 cur-

241 3013 399 3067 riculo
431 3015 606 3068 mittit
643 3019 874 3084 Augusti
898 3021 1138 3075 cubiculi
1171 3022 1487 3090 pra-fectum
1523 3024 1806 3093 Basiliam,

237 3106 448 3174 peritum
478 3110 972 3166 Sarracenicaruiu
1009 3114 1343 3178 litterarum,
1378 3119 1470 3186 qui
1511 3118 1600 3172 ubi
1646 3119 1810 3188 legis-

237 3205 328 3260 set,
357 3213 466 3254 rem
509 3217 650 3256 vere
683 3201 856 3257 fuisse
894 3209 1204 3261 nuntiatam
1252 3209 1568 3279 imperatori
1602 3212 1804 3267 retulit.

237 3284 512 3346 Prandenti
581 3309 714 3364 ergo
764 3311 885 3349 mox
939 3299 1188 3367 Augusto
1212 3316 1336 3356 cum
1363 3315 1507 3356 esset
1541 3305 1607 3358 de
1654 3319 1809 3358 more

1914 2203 2092 2272 μονῶν
2119 2219 2131 2232 ·
2166 2203 2376 2256 ἐκεῖνον
2407 2201 2462 2254 δὲ
2493 2200 2720 2271 πέμψας
2769 2200 2924 2270 ἠξίου
2961 2199 3269 2252 ἀποθέσθαι
3304 2198 3402 2266 μὲν
3430 2197 3497 2249 τά

1909 2295 2008 2364 τῆς
2043 2292 2411 2363 μικροψυχίας
2445 2293 2519 2354 ὡς
2561 2291 2714 2352 ὄντος
2747 2283 3179 2362 καιροῡ”μᾶλλον
3212 2289 3245 2359 ἢ
3298 2287 3497 2358 βουλήτ

1913 2403 2072 2450 σεως,
2102 2385 2362 2440 ἀπελθεῖν
2393 2384 2450 2438 δὲ
2479 2383 2619 2455 πρὸς
2661 2383 2759 2454 τὴν
2795 2383 2967 2452 μονὴν
2997 2381 3107 2435 τῶν
3153 2381 3494 2448 Μαγγάνων,

1911 2479 2073 2531 κάκεῖ
2103 2479 2219 2540 τοῖς
2254 2476 2557 2545 πρέσϐεσιν
2587 2478 2832 2545 ἐντυχεῖν
2853 2473 3287 2544 παραγεγονόσι,
3327 2471 3497 2541 μηδὲν

1911 2570 2021 2624 τῶν
2072 2570 2356 2641 προτέρων
2398 2566 2744 2640 σημήναντα.
2799 2569 2989 2632 Οὕτως
3025 2567 3203 2636 ἔλεγε,
3268 2565 3363 2618 καὶ
3397 2561 3496 2633 ἅμ’

1913 2662 2140 2724 ἐκείνοις
2183 2662 2282 2733 τὴν
2305 2661 2458 2714 πόλιν
2489 2661 2803 2732 εἰσήρχετο.
2835 2659 2974 2730 Πρὶν
3007 2659 3053 2713 δ’
3085 2660 3331 2728 ἐντυχεῖν
3356 2657 3499 2710 ὲκεί-
3549 2727 3558 2742 '

1911 2771 2034 2818 νους
2076 2755 2280 2826 συνόδῳ
2312 2755 2406 2808 καὶ
2456 2756 2800 2825 πατριάρχῃ,
2841 2755 2869 2807 ὁ
2924 2750 3187 2824 βασιλεὺς
3231 2749 3397 2818 γνοὺς
3436 2747 3498 2800 τὸ

1911 2935 2122 3007 genarii
2145 2935 2367 3005 jejunn,
2398 2950 2484 2990 me
2513 2936 2685 3005 hujus
2712 2935 2962 2989 historia:
2987 2934 3311 3002 scriptorem
3332 2929 3502 3000 jussit

1910 3029 2153 3085 libellum
2182 3029 2550 3084 abdicationis
2585 3044 2702 3085 suae
2747 3027 3130 3092 conscribere;
3165 3039 3326 3097 quem
3372 3039 3500 3078 cum

1911 3127 2229 3197 imperatori
2264 3127 2582 3189 obtulisset,
2625 3126 2717 3180 illo
2752 3124 3048 3179 simulante
3098 3138 3157 3176 se
3191 3136 3300 3175 non
3354 3120 3504 3173 acci~

1911 3234 2060 3290 pere,
2088 3221 2351 3274 continuo
2386 3217 2651 3274 recedens
2691 3217 2744 3271 in
2779 3216 3176 3271 Panachrantat
3217 3219 3501 3266 monaste-

1913 3311 2056 3365 rium
2089 3326 2148 3365 se
2176 3311 2410 3365 abdidit.
2442 3309 2574 3364 Erat
2593 3325 2723 3378 ergo
2743 3306 2988 3362 Ecclesia
3014 3314 3231 3374 pastore
3254 3303 3501 3366 viduata,

235 3377 346 3434 '3"!
374 3382 569 3447 anilla,
609 3400 715 3438 ηοιι
752 3386 993 3442 admissa
1026 3391 1094 3442 ab
1134 3408 1199 3446 eo
1226 3404 1331 3455 est.
1357 3394 1515 3463 quasi
1555 3395 1808 3464 religioso
1836 3412 1879 3471 ο
1911 3402 2016 3456 hoc
2070 3403 2294 3472 quidem
2356 3417 2466 3455 non
2524 3377 2903 3468 compar-cute,
2960 3406 3016 3452 et
3068 3396 3236 3450 alium
3271 3386 3328 3448 in
3381 3393 3528 3462 eius

236 3485 370 3529 metu
441 3480 869 3536 consciscendae
919 3499 1111 3546 noxae,
1164 3495 1220 3540 et
1280 3501 1412 3540 cura
1477 3488 1811 3555 obsequendi

235 3568 537 3632 Apostolico
598 3574 858 3626 mamlato
901 3575 1117 3641 jubenti
1165 3591 1290 3630 eum
1342 3580 1432 3644 qui
1493 3580 1814 3649 cognoverit

238 3658 405 3714 cibum
434 3660 541 3731 ipsi
585 3664 900 3733 appositum
925 3668 1166 3720 oblatum
1215 3666 1372 3736 prius
1420 3667 1570 3724 idolo
1621 3669 1812 3733 fuisse,

239 3753 502 3809 abstinere
531 3757 687 3812 illius
725 3774 822 3812 esu
879 3769 1104 3829 pmpter
1152 3761 1576 3815 conscientiam.
1603 3759 1813 3815 Postri-

239 3847 316 3901 die
354 3863 518 3917 porro
580 3852 649 3904 ad
703 3850 938 3905 erimina
997 3851 1324 3921 patriarchae
1388 3852 1561 3906 allicta
1615 3869 1812 3908 novum

237 3938 374 3994 istud
409 3952 678 4014 tanquam
709 3944 959 3998 Oinnium
1038 3945 1337 4000 maximum
1388 3945 1814 4003 invidiosissime

234 4032 542 4100 adiunctum
581 4045 689 4090 est.

271 4165 353 4222 13.
396 4167 461 4222 Ut
493 4172 815 4238 patriarcha
851 4172 1084 4228 Joannes
1137 4151 1327 4229 throno
1374 4181 1776 4228 renuntiarent.

296 4304 429 4360 Cum
466 4306 640 4375 igitur
657 4308 892 4370 duobus,
916 4317 973 4362 ut
999 4310 1133 4370 dixi,
1163 4310 1444 4364 mensibus
1471 4309 1672 4378 agitata
1702 4310 1816 4364 haec

234 4397 555 4462 patriarcha:
590 4400 872 4452 accusatio
904 4400 1118 4462 fuisset,
1165 4383 1266 4455 ne‘c
1307 4402 1603 4470 quidquam
1651 4401 1816 4469 proli-

232 4501 462 4554 ceretur,
515 4493 614 4546 sed
663 4492 990 4557 ludibrium,
1037 4495 1394 4558 contumelia,
1449 4503 1503 4547 et
1547 4493 1812 4562 quidquid

232 4579 332 4633 dici
365 4583 668 4650 pessimum
700 4593 899 4651 potest,
950 4585 1003 4638 in
1032 4600 1088 4638 re
1125 4594 1238 4638 tota
1291 4593 1621 4645 versaretur,
1658 4583 1813 4654 (quid

229 4672 369 4726 enim
412 4690 514 4743 pro
543 4676 691 4728 bono
722 4688 776 4729 et
805 4692 962 4742 aequo
993 4676 1234 4730 facturos
1266 4692 1476 4746 speres,
1509 4676 1602 4746 qui
1643 4677 1810 4730 etiam

1917 3493 2093 3546 locum
2129 3493 2433 3563 subrogare
2464 3491 2684 3547 nolente
2715 3490 2945 3544 omnino
2977 3489 3332 3557 imperatore.
3363 3483 3502 3540 Nam

1916 3583 2217 3638 interalios
2265 3599 2404 3654 quos
2465 3585 2530 3637 ad
2583 3582 2953 3652 patriarcham
3013 3596 3077 3632 ex
3137 3577 3244 3633 isto
3281 3591 3502 3631 recessu

1916 3677 2289 3731 remeantium
2317 3684 2370 3730 et
2402 3686 2459 3730 ut
2495 3675 2719 3743 publico
2751 3687 2813 3726 ac
2841 3688 2943 3727 suo
2980 3669 3196 3724 muneri
3223 3684 3282 3724 se
3310 3668 3504 3723 redde-

1916 3780 2001 3821 ret
2025 3769 2290 3821 orandum
2326 3782 2423 3836 per
2455 3768 2506 3820 id
2554 3777 2770 3834 tempus
2799 3763 3072 3831 allegavit,
3119 3762 3297 3831 ipsum
3335 3760 3503 3814 etiam

1916 3858 2087 3913 filium
2118 3858 2396 3928 proptium
2443 3865 2497 3910 et
2543 3855 2756 3925 imperii
2797 3855 3063 3922 collegam
3110 3850 3500 3905 Alldl‘OlliCllltl

1919 3947 2170 4004 conferre
2201 3965 2261 4003 se
2287 3949 2352 4002 ad
2388 3947 2540 4002 illum
2576 3954 2631 4000 et
2654 3945 2842 3999 conari
2873 3951 3106 3998 exorare
3136 3943 3326 4013 jussit.

2061 4085 2152 4141 Η.
2191 4084 2271 4140 De
2295 4085 2482 4155 legatis
2517 4099 2671 4153 papa:
2694 4093 2741 4136 et
2769 4081 3087 4151 patriarcha
3125 4080 3362 4136 Joanne.

1995 4219 2127 4272 Dum
2183 4218 2297 4271 haec
2347 4227 2630 4287 geruntur,
2669 4215 2827 4286 legati
2869 4214 3042 4270 Roma
3083 4229 3114 4269 a
3150 4213 3298 4284 Papa
3347 4209 3504 4271 missi

1917 4319 2220 4366 occurrunt
2271 4310 2588 4379 imperatori
2633 4309 2929 4362 revertenti
2984 4307 3397 4376 Adrianopolim
3451 4317 3504 4361 et

1918 4403 2067 4458 illam
2100 4402 2376 4456 civitatem
2403 4399 2644 4453 nondum
2691 4398 2960 4468 ingresso.
2983 4397 3077 4454 His
3105 4398 3194 4454 ille
3226 4399 3499 4469 inprimis

1919 4496 2127 4550 studuit
2157 4509 2280 4564 quze
2327 4496 2472 4547 circa
2507 4493 2874 4561 patriarcham
2913 4506 3086 4561 nuper
3125 4501 3422 4545 evenerant.
3449 4493 3502 4546 in

1920 4586 2157 4656 speciem
2215 4600 2381 4654 quam
2433 4583 2721 4636 minimum
2789 4582 3115 4636 invidiosam
3175 4583 3382 4649 fucare,
3439 4601 3505 4639 ac

1921 4681 2063 4748 quod
2094 4677 2428 4734 dissimulari
2453 4675 2712 4748 nequibat
2746 4673 2975 4738 factum,
3005 4675 3322 4730 inumbrare
3349 4691 3501 4729 coin-

230 4765 387 4819 scalie
441 4766 681 4819 formam
744 4766 1046 4835 peregrinis
1097 4766 1318 4832 litteris,
1384 4767 1511 4820 ludo
1573 4768 1806 4836 quodam
1846 4764 1888 4818 D
1919 4746 2277 4825 miniscendis
2329 4746 2539 4829 causis:
2577 4782 2702 4820 cum
2731 4765 2938 4821 diceret
2975 4777 3370 4836 priegravatum
3410 4783 3504 4835 pa-
3559 4805 3566 4811 .

231 4856 452 4924 pictoris
533 4859 679 4912 inter
745 4861 1047 4928 anaglypha
1118 4859 1478 4926 implexarum
1543 4861 1803 4914 arborum

230 4964 458 5004 amunia:
489 4953 772 5006 varietatis
794 4951 955 5022 455
983 4969 1077 5020 per
1099 4953 1332 5021 phialam
1363 4954 1806 5016 conscriliillatat,

229 5040 280 5093 iu
310 5054 558 5096 atrocmn
599 5047 874 5096 calumnia
903 5065 931 5093 tl
979 5043 1246 5096 traxerint
1271 5043 1431 5111 quasi
1477 5041 1674 5110 piaculi
1717 5059 1811 5097 ne-

227 5135 396 5198 fandi,
432 5137 600 5206 cujus
638 5139 702 5191 ad
753 5139 927 5193 solam
964 5140 1298 5191 mentionem
1346 5138 1806 5192 conclamandum

226 5228 621 5286 exterminium
655 5240 798 5284 esset
835 5231 1087 5284 ultimum
1133 5231 1183 5284 ci
1230 5231 1544 5300 quicunque
1577 5231 1813 5287 insimu-

229 5317 434 5372 laretur
480 5329 592 5373 tam
644 5321 898 5374 horrendi
961 5321 1210 5374 videlicet
1271 5320 1608 5390 sacrilegii?)
1660 5338 1812 5386 cum,

228 5409 481 5479 inquam,
517 5410 788 5479 judicium
817 5414 868 5466 id
904 5412 1039 5465 nihil
1069 5413 1174 5466 nisi
1212 5415 1462 5481 petulans
1496 5413 1808 5468 comicium

226 5511 278 5552 et
329 5501 704 5570 ignominiosa
774 5502 1042 5556 Uaductio
1094 5504 1419 5570 patriarcha:
1470 5505 1712 5558 uoininis
1760 5516 1815 5558 ct

224 5596 658 5651 existimationis
707 5609 896 5661 esset,
955 5597 1227 5668 facileque
1293 5612 1584 5669 appareret
1642 5619 1811 5655 imum

229 5687 360 5743 illud
435 5700 690 5759 spectare
757 5702 1010 5746 auctores
1083 5692 1394 5747 lautoresve
1465 5695 1818 5750 tumultuosae

231 5781 396 5852 hujus
427 5784 862 5848 criminationis,
904 5797 962 5840 ut
991 5785 1084 5856 qui
1113 5801 1176 5841 ea
1203 5786 1565 5841 licentissime
1594 5789 1819 5844 incomi-

230 5876 496 5939 tiabatur,
541 5876 778 5934 ferendae
799 5879 978 5948 impar
1012 5877 1324 5932 istiusmodi
1359 5878 1632 5932 vexationi
1653 5892 1819 5955 atque

231 5968 477 6024 infamiae
494 5971 683 6025 sedem
715 5973 1092 6040 honoremque
1115 5972 1466 6035 detrectaret,
1495 5969 1546 6023 id
1574 5969 1819 6028 Joannes

232 6059 575 6134 inteiligcus,
611 6080 796 6120 mense
854 6059 1053 6118 Martio
1102 6061 1250 6117 circa
1289 6060 1524 6118 medium
1581 6066 1814 6134 quadra-

1912 4863 2207 4916 triarcham
2263 4859 2548 4912 laboribus
2599 4853 2897 4911 [unctionis
2950 4855 3127 4922 istius,
3173 4872 3282 4925 quo
3317 4860 3386 4910 ab
3437 4860 3503 4911 iis

1910 4957 2204 5021 respiraret
2228 4949 2458 5003 otiosius
2491 4962 2719 5015 seseque
2750 4949 3017 5005 reticeret.
3065 4961 3096 5000 e
3146 4945 3500 5016 patriarcha“

1912 5044 1980 5098 ad
2009 5053 2231 5110 tempus
2263 5039 2574 5094 excessisse
2607 5037 2834 5107 palatio,
2864 5037 3109 5091 futurum
3154 5049 3333 5092 tamen
3366 5042 3500 5108 ipsis

1914 5142 2117 5204 praesto
2145 5148 2266 5186 cum
2297 5146 2363 5184 eo
2413 5129 2791 5197 congressui-is
2841 5129 2985 5198 apud
3041 5131 3292 5198 quadam
3340 5131 3501 5185 urbis

1915 5228 2264 5280 monasteria.
2287 5223 2472 5290 ipsum
2507 5231 2687 5274 autem
2718 5219 2951 5274 Veccuiu
3010 5235 3105 5290 per
3131 5230 3309 5274 certos
3366 5239 3396 5274 τι
3441 5241 3501 5278 se

1914 5321 2111 5374 missos
2135 5317 2368 5388 rogavit,
2392 5315 2688 5383 deponeret
2709 5312 3220 5382 pusillanimitatem
3239 5329 3457 5368 onmem
3482 5335 3497 5382 ς

1912 5409 2078 5485 456
2127 5425 2249 5480 quae
2277 5419 2395 5462 acta
2445 5413 2630 5459 essent
2677 5407 2974 5473 imputaret
3033 5405 3266 5474 tempori
3317 5409 3501 5474 potius

1915 5522 2078 5576 quam
2105 5504 2370 5558 voluntati
2393 5517 2542 5563 suae;
2581 5496 2836 5554 conferre
2884 5514 2942 5553 se
2971 5513 3041 5552 ne
3092 5509 3417 5568 gravaretur
3443 5505 3497 5556 iu

1917 5598 2307 5654 monasterium
2340 5593 2738 5662 Mangauorum
2765 5604 3163 5660 congressurus
3199 5607 3326 5646 cum
3356 5591 3500 5660 lega-

1919 5693 1988 5744 tis
2023 5689 2152 5743 illuc
2203 5685 2541 5748 OCClll‘Sllt‘is,
2571 5681 2774 5751 quibus
2810 5682 3006 5735 orabat
3063 5698 3132 5736 ne
3157 5683 3500 5751 signiﬁcaret

1918 5781 2217 5852 quidquam
2249 5792 2439 5832 eorum
2465 5789 2586 5844 quae
2619 5787 2794 5842 nuper
2817 5771 3206 5842 contigissent.
3244 5770 3334 5825 Sie
3358 5790 3494 5842 pra:—

1923 5874 2138 5927 munito
2163 5869 2472 5940 patriarcha
2501 5868 2786 5936 ingressus
2821 5867 3011 5919 urbem
3053 5872 3136 5920 est
3165 5881 3288 5920 cum
3309 5867 3501 5935 legatis

1924 5969 2255 6033 imperator;
2287 5978 2340 6017 et
2376 5976 2642 6031 quorsum
2685 5975 2748 6012 ea
2783 5955 2982 6027 legatio
3015 5967 3290 6025 spectaret
3335 5959 3497 6011 intel-

1925 6066 2119 6134 ligens,
2182 6059 2328 6114 dedit
2365 6071 2586 6124 operam
2621 6069 2686 6108 ne
2714 6051 2788 6106 illi
2838 6065 2964 6106 cum
2994 6051 3206 6121 synodo
3261 6067 3496 6119 cumque
