3964 6506
255 344 282 357 θ

225 511 328 576 921

1184 511 1282 570 DE
1319 507 1712 570 MlCl-IAELE
1753 502 2216 565 l‘AL/EOLOGO
2257 503 2406 563 LIB.
2443 498 2538 560 VI.

3369 481 3480 543 929.

221 621 434 679 πολλῶν
466 617 630 692 ίερῶν
659 620 869 690 ἀνδρῶν
900 622 994 674 καὶ
1021 620 1274 690 μεγάλων
1292 619 1797 690 κατησφαλίζοντο,
1829 622 1873 677 Α
1902 612 2350 686 ἐξεκηρύχθησαν
2400 614 2448 664 ol
2480 606 2778 679 ὀρθόδοξοι,
2833 603 2928 656 καὶ
2959 601 3016 654 oti
3053 599 3183 667 πρὸς
3205 596 3296 649 τὸν
3331 598 3482 650 πάπ-

221 718 274 769 εί
320 715 417 786 μὲν
440 714 532 768 καὶ
565 713 880 784 πατριάρχῃ
921 712 1133 775 δοκοῦν,
1169 713 1270 764 οὐκ
1297 707 1436 772 οἶδα.
1478 712 1615 768 τέως
1640 711 1696 763 δέ
1734 727 1799 777 γε

219 805 321 859 καὶ
354 805 472 858 λίαν
509 803 588 874 τῷ
639 803 870 872 βασιλεῖ.
905 803 1093 873 φέρειν
1135 803 1351 863 πίστεις
1409 802 1799 870 προνοουμένῳ

217 899 317 951 ἐπὶ
345 899 410 967 τῇ
462 897 570 949 τῶν
600 896 943 964 Ἐκκλησιῶν
976 895 1248 964 συμὸεἱσει
1283 896 1436 965 παρὰ
1487 893 1795 947 δοκούντων

217 988 435 1042 πολλῶν
456 989 546 1041 καὶ
589 991 712 1042 κατ’
743 989 987 1051 ἐκείνους
1016 989 1356 1042 ἐπισκόπων.
1400 987 1512 1040 Καὶ
1545 986 1653 1054 γὰρ
1680 985 1801 1052 σφί-

217 1099 308 1134 σιν
336 1081 478 1135 οὕτω
501 1081 567 1134 τὰ
601 1081 710 1135 τῶν
733 1083 1426 1135 ἐπισκόπωνὲπεπύκνωτο
1450 1081 1538 1151 [Ρ.
1571 1077 1698 1150 5161
1724 1078 1800 1140 ὼς

215 1176 315 1227 καὶ
364 1178 444 1237 είς
471 1175 808 1236 ἑκατοστύας
840 1174 1194 1244 ἀριθμεῖσθαι
1228 1175 1490 1236 πλείστας
1523 1173 1624 1240 τὴν
1665 1171 1798 1240 παρ’

213 1267 450 1330 ἐκείνοις
481 1267 718 1320 σύνοδον.
764 1266 933 1320 Ταῦτ’
964 1266 1072 1337 ἄρα
1101 1267 1195 1319 καὶ
1225 1267 1291 1319 τὰ
1335 1267 1584 1334 ἡμέτερα
1619 1265 1800 1329 ἐξισά-

216 1361 334 1424 ζειν
365 1361 534 1414 θέλων
559 1361 784 1424 ἐκείνοις
807 1360 962 1414 ταῦτ’
982 1360 1236 1431 ἔπραττε.
1262 1361 1489 1418 Πολλαίς
1516 1360 1559 1411 δ’
1585 1359 1799 1426 ἑτέραις

211 1459 464 1524 γραφαῖς
492 1458 598 1510 τῶν
633 1457 924 1528 ἡμετέρων
959 1458 1240 1526 Πατὲρων,
1284 1460 1406 1516 ταῖς
1439 1460 1500 1508 ἐκ
1544 1454 1635 1505 τοῦ
1666 1454 1795 1505 Υἱοῦ

207 1549 424 1620 δηλαδὴ
459 1552 797 1621 προχεῖσθαι,
855 1551 1231 1622 χορηγεῖσθαι,
1275 1551 1534 1610 δὶδοσθαι,
1591 1548 1798 1613 ἐκλάμο

214 1659 363 1703 πειν,
390 1645 768 1712 ἐκφαίνεσθαι,
810 1647 899 1700 καὶ
935 1648 1052 1708 ταῖς
1083 1644 1321 1708 ὁμοίαις,
1356 1645 1454 1714 τὴν
1505 1642 1600 1695 τοῦ
1632 1643 1782 1693 ἐκπε-

211 1734 476 1804 ρεύεσθαι
538 1737 684 1802 λέξιν
733 1738 1003 1798 ἐπείλυον,
1047 1737 1335 1806 δηλοῦντες
1375 1737 1468 1787 καὶ
1509 1734 1684 1790 τοῦτο,
1722 1733 1798 1793 ὡς

215 1847 236 1880 ‹
274 1829 392 1882 Καὶ
421 1830 546 1893 τοὺς
599 1831 672 1900 μὴ
709 1830 1068 1897 πειθομένους
1123 1830 1428 1899 είρηνεύειν
1461 1831 1579 1886 ταῖς
1615 1828 1796 1891 ἀξίαις

205 1921 397 1982 δίκαις
425 1921 934 1990 καθυποϐἀλλομεν.
969 1942 987 1973 ι
1052 1923 1123 1975 Τὸ
1153 1923 1195 1974 δ’
1223 1923 1309 1990 ἄρ’
1335 1917 1402 1990 ἦν
1431 1921 1659 1988 ὄνειρος,
1703 1919 1797 1971 καὶ

1908 727 2016 764 παν
2051 708 2280 778 γραφαὶ,
2315 705 2467 774 φασὶ,
2513 703 2779 770 μάρτυροι
2821 696 3149 764 σοφώτατοι.
3183 693 3254 744 Τὸ
3287 690 3354 749 δ’.
3399 689 3479 751 ὡς

1906 803 2005 870 ἐμὲ
2036 799 2166 868 γοῦν
2196 799 2416 858 είδέναι,
2445 795 2621 856 ἄλλως
2658 789 2822 860 εἶχεν,
2857 792 2904 842 εί
2929 789 3024 841 καὶ
3050 787 3184 856 πρὸς
3216 785 3308 837 τδν
3339 784 3480 838 πάπ-

1906 909 2014 946 παν
2045 891 2187 945 κατά
2215 906 2334 943 τινα
2374 887 2618 940 θωπείαν
2643 883 2816 943 οὓτως
2837 882 3126 952 ἐγράφετο.

1905 1064 1994 1130 ιη’.
2023 1059 2100 1112 Τὰ
2130 1055 2281 1111 κατὰ
2310 1052 2416 1130 τὸν·
2441 1049 2735 1130 ’ζγνάτιαν
2763 1046 2858 1100 καί
2887 1043 3200 1130 Maleam“,
3220 1039 3482 1103 ὅπωςεὶς

2261 1126 2371 1178 τὸν
2396 1121 2653 1176 πάππαν
2671 1117 3126 1182 ἀπεστάλησαν.

1976 1267 2097 1319 "Ott
2128 1264 2182 1316 δέ
2213 1261 2487 1320 κάκείνοις
2537 1257 2748 1325 μάταια
2779 1247 2924 1324 ἦσαν
2957 1250 3027 1303 τὰ
3066 1251 3162 1316 τῆς
3215 1247 3480 1307 θωπείας,

1899 1358 2166 1417 Μελέτιός
2189 1373 2249 1408 τε
2275 1355 2368 1406 καὶ¹
2399 1351 2662 1418 Ἰγνάτιος
2694 1346 2925 1411 ἔδειξαν,
2957 1343 3044 1416 [Ρ.
3069 1341 3194 1413 517]
3227 1339 3484 1408 σχιζόμε-

1901 1466 1982 1500 νοι
2020 1448 2115 1514 μὲν
2150 1447 2242 1513 τῆς
2280 1441 2608 1511 Ἐκκλησίας
2657 1436 3001 1507 περιφανῶς,
3059 1432 3219 1499 δίκην
3251 1431 3307 1483 δέ
3343 1430 3484 1498 προς

1906 1542 2042 1610 βασι
2069 1540 2168 1600 ἐως
2217 1536 2552 1604 ὑποσχόντες
2607 1529 2919 1600 ἀπαχθῆναι
2961 1526 3101 1595 πρὸς
3141 1526 3377 1579 πάππαν
3407 1523 3483 1584 ὡς

1901 1637 1968 1687 τὰ
1996 1634 2088 1686 καὶ
2115 1631 2181 1684 τὰ
2212 1632 2543 1698 πεισόμενοι.
2573 1626 2682 1678 Καὶ
2717 1621 3066 1691 παρεδίδοντο
3091 1617 3358 1687 πρέσΰεσι
3385 1617 3482 1669 καὶ

1905 1729 2200 1793 ἀπήγοντο.
2233 1724 2324 1791 Τῷ
2351 1723 2404 1774 δὲ
2432 1720 2689 1774 τοσοῦτον
2723 1717 2974 1782 κολάζειν
3017 1713 3315 1784 ἐμέλησεν,
3342 1711 3487 1764 ὥστε

1903 1824 1998 1874 καὶ
2029 1817 2440 1882 ὲποικτίζεσθαι
2494 1817 2542 1868 εί
2601 1812 2944 1879 Ἐκκλησιῶν
2983 1807 3240 1878 μεγάλων
3288 1803 3485 1874 εἰρήνῃ

1904 1914 2154 1982 ἐμποδὼν
2189 1913 2462 1964 ἵστανται.
2508 1911 2621 1963 Καὶ
2673 1907 2793 1974 μεθ’
2823 1905 3146 1973 ίλαρότητος
3179 1899 3360 1967 πάσης
3409 1895 3488 1964 τῷ

207 2014 304 2065 ἐπὶ
324 2013 582 2082 ψεύδεσιν
608 2015 972 2083 ἐγκληθέντες
989 2014 1420 2081 ἀπολογούμενοι
1454 2013 1512 2064 οὐ
1539 2012 1802 2075 διαλύειν,
1837 1981 1876 2034 Β
1912 2005 2121 2075 βασιλεῖ
2153 2003 2583 2072 ὰντεπέμποντο,
2623 1998 2905 2065 ἀξιοῦντος
2927 1995 3022 2047 τοῦ
3047 1995 3247 2048 πάππα
3274 1991 3366 2042 καὶ
3393 1987 3490 2058 βα-

208 2099 349 2159 sua
385 2107 642 2177 συνιστᾷν
665 2106 726 2159 τὸ
747 2107 1000 2176 ἔγκλημα
1023 2108 1136 2169 τοῖς
1167 2107 1333 2158 εἰδόσι
1363 2102 1802 2170 διεγινώσκοντο.

208 2196 457 2266 Ἔμελλε
490 2199 544 2250 δὲ
573 2199 667 2251 καὶ
694 2198 853 2251 τοῦτο
881 2202 993 2256 τοῖς
1033 2197 1401 2266 ταλαιπώροις
1431 2197 1528 2266 τῆς
1566 2196 1803 2253 Ἐκκλη-

209 2288 337 2353 σίας
367 2289 663 2360 ἐσύστερον
701 2291 1018 2361 πρόσκομμ⁹
1048 2287 1210 2355 εἶναι,
1271 2288 1702 2357 ἐγκαλουμένοις
1732 2287 1808 2350 ὡς

211 2473 352 2524 tium
390 2473 717 2541 patriarchre
749 2473 944 2528 iterum
983 2471 1210 2528 solemni
1245 2473 1351 2525 rittt
1402 2471 1652 2524 invectus
1701 2479 1802 2522 est.

215 2565 362 2619 Hinc
390 2564 500 2632 jam
541 2565 667 2618 data
712 2573 796 2619 est
839 2578 1002 2632 opera
1036 2561 1418 2618 concinnando
1463 2560 1669 2629 scripto
1701 2573 1808 2625 quo

212 2670 376 2723 papa:
419 2655 493 2725 (is
529 2664 658 2708 tunc
703 2666 820 2708 erat
866 2652 1148 2718 Urbanus)
1196 2668 1361 2721 super
1398 2652 1668 2703 mandatis
1712 2663 1808 2717 per

209 2749 429 2818 legatos
464 2751 788 2804 renuntiatis
821 2749 1136 2804 satisfieret.
1184 2746 1342 2801 Hunc
1393 2745 1630 2799 libellmn
1683 2756 1803 2798 stu-

212 2843 468 2896 duerunt
494 2842 784 2897 ambitiosa
815 2841 1275 2910 subscriptionum
1311 2853 1504 2907 pompa
1529 2852 1805 2890 commen-

211 2935 386 2996 dare;
418 2934 472 2987 in
509 2949 618 3003 quo
667 2935 867 2987 multos
914 2947 1012 3003 pro
1057 2931 1332 3001 epis‘copis
1381 2931 1669 2983 obtruserc
1710 2928 1804 2996 qui

214 3043 320 3082 nec
373 3027 607 3082 ordinati
669 3043 905 3093 unquam
961 3027 1180 3079 fuerant
1234 3025 1285 3077 in
1333 3025 1499 3078 istum
1547 3023 1801 3091 gradum,

213 3137 316 3174 nec
376 3136 406 3175 a
455 3121 656 3190 quibus
707 3119 1201 3174 denominabantur
1255 3119 1394 3179 loca,
1456 3117 1806 3182 episcopatus

217 3216 252 3266 ti
284 3220 443 3269 ulum
498 3214 718 3267 aliunde
775 3213 1077 3267 habuerant
1124 3225 1287 3280 quam
1343 3225 1369 3260 a
1428 3207 1658 3271 librarii,
1711 3205 1802 3273 qui

213 3305 482 3374 scriptum
533 3304 634 3358 hoc
688 3302 962 3364 formavit,
1011 3316 1209 3365 manu;
1268 3314 1390 3368 qua:
1441 3297 1604 3351 etiam
1652 3296 1802 3348 varia

211 3399 416 3466 peritia
450 3396 846 3467 chizographos
879 3394 1162 3463 ellingendi
1205 3395 1272 3446 de
1316 3405 1418 3447 suo
1460 3389 1666 3444 addidit
1700 3404 1796 3440 no-

215 3493 371 3546 mina
403 3492 788 3560 ple-rerumque
819 3490 928 3544 illic
977 3487 1408 3554 subscriptorum
1446 3492 1702 3547 tanquam
1730 3482 1798 3533 ah

214 3588 360 3656 ipsis
413 3586 668 3639 vide-licet
719 3584 914 3652 posita,
971 3598 1095 3637 eum
1145 3593 1364 3649 quoque
1409 3579 1461 3631 in
1513 3589 1796 3629 numerum

215 3694 527 3748 rongerens
550 3679 755 3732 multos
775 3691 804 3730 e
825 3675 995 3730 sacris
1021 3673 1335 3728 hominibus
1363 3671 1504 3723 fama
1537 3668 1796 3722 illustres.

214 3782 273 3825 nt
306 3781 466 3825 tanto
507 3770 709 3823 certius
737 3767 1160 3838 persuaderetur
1185 3764 1328 3832 quod
1361 3761 1642 3830 aptabant.
1673 3757 1801 3811 Hac

214 3877 281 3916 an
311 3860 544 3914 conscio
579 3858 887 3928 patriarcha
924 3857 1002 3912 sic
1035 3866 1154 3909 acta
1199 3853 1328 3916 sint,
1362 3851 1506 3905 haud
1551 3850 1798 3917 equidem

217 3956 398 4008 habeo
428 3962 791 4020 compertum.
815 3947 1162 4017 Imperatoris
1186 3945 1588 4000 tetnulationetu
1621 3941 1673 3994 in
1701 3939 1804 3992 hoc

215 4048 517 4114 quamdam
568 4045 745 4110 video,
794 4043 1082 4097 ambitiose
1127 4040 1306 4095 conati
1344 4051 1634 4106 exmquare
1677 4048 1802 4088 cum

217 4140 435 4195 Latinis
479 4156 564 4195 res
607 4138 864 4193 Ecclesize
909 4137 1247 4191 Graecorum.
1279 4133 1413 4187 Cum
1447 4131 1594 4185 enim
1629 4129 1682 4183 in
1718 4129 1805 4182 in-

217 4234 548 4290 strumentis
583 4232 744 4304 462
794 4230 974 4283 allatis
1023 4227 1193 4281 Roma
1242 4225 1464 4280 sancilaa
1523 4223 1632 4276 illic
1680 4235 1804 4274 cum

215 4316 430 4386 (ι’ἲ-ειξρίε
481 4326 790 4382 concordize
838 4321 1167 4378 densissima
1223 4317 1683 4374 subscribentium
1741 4313 1808 4368 iis

217 4423 610 4490 episcoporum
654 4418 872 4471 nomina
908 4415 1129 4469 vidisset
1162 4413 1358 4479 (crebri
1395 4412 1538 4464 enim
1583 4408 1720 4463 adeo
1740 4394 1804 4460 in

217 4513 327 4568 illis
372 4511 622 4583 partibus
671 4509 1017 4578 episcopatus
1060 4514 1206 4566 sunt,
1259 4511 1311 4556 ut
1369 4515 1556 4556 eorum
1610 4496 1806 4570 synodi

217 4606 476 4676 plurimis
531 4616 670 4670 sa'pe
724 4600 987 4655 centuriis
1038 4599 1418 4665 cpiscoporum
1478 4590 1806 4661 constent),

1913 2098 2068 2151 σιλέα
2100 2098 2410 2167 ἀνθρώποις
2455 2093 2671 2148 δοκοῦσι
2707 2090 2800 2144 τοῦ
2831 2087 3113 2158 ἀσφαλοῦς
3161 2081 3490 2152 ἀντέχεσθαι

1913 2193 2032 2245 κατ’
2061 2191 2350 2244 εὐλάϐειαν
2377 2187 2580 2259 ἱλαρῶς
2605 2187 2700 2238 καὶ
2729 2183 2890 2236 αὐτὸν
2927 2177 3357 2250 προσφέρεσθαι.
3379 2170 3490 2225 Ἦν

1908 2281 2004 2340 οὖν
2028 2285 2231 2354 ὁμοίως
2263 2283 2357 2336 καὶ
2384 2283 2453 2336 τὰ
2479 2281 2588 2335 τῶν
2623 2277 2976 2349 γραμμάτων
3022 2272 3250 2325 ἐκείνων
3281 2269 3494 2334 θωπευ-

1911 2469 2116 2524 aver<is
2149 2483 2177 2520 a
2205 2464 2534 2537 requirendo
2562 2461 2860 2532 quidquam
2887 2456 3114 2511 ulterius
3135 2469 3164 2508 a
3187 2453 3364 2509 nobis.
3383 2449 3492 2504 Ad-

1911 2561 2140 2616 debatur
2171 2563 2221 2614 in
2243 2562 2446 2628 scripto
2475 2558 2539 2612 ad
2566 2566 2868 2613 extremum
2893 2573 2905 2608 :
2934 2569 2953 2603 ‹
2979 2551 3032 2605 Si
3062 2549 3150 2620 qtti
3183 2549 3310 2601 huic
3343 2545 3491 2615 pacis

1912 2654 2260 2709 conventioni
2295 2668 2402 2706 non
2444 2649 2919 2719 obtemperabunt.
2949 2661 3044 2700 eos
3089 2643 3268 2714 dignis
3315 2639 3491 2710 pinnis

1911 2748 2223 2801 alliciendos
2269 2745 2638 2800 decernimus.
2678 2761 2696 2794 ι
2731 2744 2863 2808 Quae
2894 2753 3030 2793 vana
3073 2746 3231 2791 erant
3268 2741 3492 2794 cuncta,

1905 2856 2012 2895 nec
2046 2841 2184 2894 ultra
2222 2840 2438 2894 inanem
2479 2838 2632 2906 quasi
2665 2836 2862 2890 somnii
2909 2832 3147 2902 speciem
3200 2827 3395 2887 solida.
3425 2839 3493 2879 eo

1909 2933 2126 3002 quidem
2179 2932 2448 2992 aﬂ'ectata.
2476 2939 2532 2984 ttt
2578 2929 2850 2998 obiectum
2901 2922 3166 2978 mendacii
3209 2936 3270 2973 ac
3311 2930 3494 2973 trans-

1911 3027 2015 3082 acti
2051 3043 2158 3080 non
2215 3027 2354 3080 bona
2393 3026 2493 3078 fide
2529 3023 2693 3092 hujus
2728 3020 2922 3087 negotii
2959 3017 3165 3071 crimen
3197 3017 3489 3075 diluet-ent,

1909 3119 2005 3173 sed
2035 3133 2247 3174 revera.
2293 3119 2338 3170 si
2379 3117 2500 3184 qttis
2532 3115 2910 3182 introspiceret
2946 3115 3160 3181 penitus
3190 3118 3242 3162 et
3273 3121 3384 3159 rem
3422 3103 3489 3157 ad

1909 3213 2175 3282 liquidum
2234 3221 2612 3280 pernosceret,
2673 3210 2794 3265 talia
2847 3224 2969 3278 quae
3020 3206 3178 3259 istius
3241 3200 3488 3270 ejusdem

1907 3305 2156 3360 criminis
2201 3319 2326 3359 reos
2374 3309 2694 3372 peragerent
2742 3317 2838 3356 eos
2868 3302 3012 3368 ipsos
3043 3297 3133 3362 qui
3177 3294 3305 3348 illud
3342 3299 3494 3344 tanta

1910 3413 2042 3453 cura
2079 3397 2444 3466 depellebant.
2485 3396 2755 3450 Cteterum
2791 3395 2904 3448 htec
2935 3393 2990 3446 iu
3035 3391 3274 3445 futurum
3309 3402 3493 3456 quon.-

1904 3491 2027 3544 dam
2057 3490 2504 3544 criminationnm
2530 3496 2916 3555 argumentum
2941 3494 2994 3539 et
3013 3479 3316 3535 vexationis
3335 3491 3496 3530 occa-

1905 3582 2115 3636 sionem
2172 3585 2384 3637 miseris
2405 3580 2796 3636 ecclesiasticis
2850 3592 3071 3632 cessura
3121 3583 3312 3632 erant,
3363 3571 3490 3624 olim

1905 3677 2232 3731 accusandis
2277 3675 2435 3744 quasi
2487 3673 2816 3728 orthodoxis
2852 3672 3142 3725 anathema
3190 3666 3490 3727 dixissent;

1907 3773 2066 3834 cuius
2095 3772 2168 3824 rei
2199 3770 2347 3822 velut
2383 3765 2884 3840 testes'certissimi
2919 3764 3001 3817 hse
3035 3772 3162 3814 tunc
3199 3759 3265 3810 ad
3295 3770 3490 3825 papam

1906 3865 2125 3933 scriptae
2191 3863 2382 3915 littera:
2429 3857 2729 3928 allegandae
2781 3862 2960 3910 erant.
3013 3851 3338 3918 Quanquam
3387 3846 3496 3900 illa)

1906 3974 2030 4014 meo
2062 3958 2282 4027 quidem
2324 3955 2534 4025 judicio
2572 3970 2681 4007 non
2721 3967 2788 4006 eo
2835 3962 3022 4004 revera
3072 3947 3291 4012 srriptae
3324 3955 3495 3996 sensu

1908 4059 2058 4114 sunt,
2094 4045 2252 4119 quem
2291 4048 2376 4102 vel
2410 4048 2462 4100 in
2496 4046 2733 4113 speciem
2770 4039 3134 4113 praeferebant
3159 4037 3243 4090 vel
3270 4047 3493 4102 μοι-θυαε

1908 4155 2029 4196 sum
2079 4150 2210 4193 tunc
2253 4136 2430 4191 Latini
2482 4136 2815 4197 habuerunt,
2863 4131 3061 4185 fucatze.
3101 4127 3367 4196 siquidem
3400 4137 3495 4192 per

1910 4233 2339 4289 assentationem
2388 4229 2455 4294 ad
2501 4243 2696 4299 papam
2733 4227 2948 4282 fuerant
2999 4223 3053 4277 iu
3105 4219 3338 4291 speciem
3383 4213 3493 4272 illic

1908 4325 2262 4398 placituram.

1912 4485 2002 4541 18.
2045 4485 2122 4540 De
2175 4481 2388 4556 Ignatio
2417 4491 2464 4536 et
2509 4479 2848 4622 Mefletio,lut
2897 4479 2939 4532 ii
2991 4477 3061 4532 ad
3109 4491 3301 4547 papam
3344 4471 3496 4534 missi

2613 4568 2761 4606 ιιι-τίη
2794 4589 2807 4603 .

2613 4568 2807 4606 ιωτιηι.

219 4702 526 4769 imperator
549 4697 631 4750 vel
673 4693 739 4748 ad
777 4693 933 4746 fidem
967 4697 1116 4742 lallllt
1147 4687 1443 4757 pleniorem
1479 4683 1805 4748 faciendam,
1838 4700 1883 4757 υ
1983 4691 2093 4748 Nec
2127 4688 2367 4745 vicissim
2416 4702 2523 4742 ηοη
2703 4684 2882 4738 Lalini
2940 4680 3202 4736 assentali
3242 4678 3403 4733 nobis
3441 4677 3494 4731 in

220 4794 327 4857 vel,
382 4799 441 4844 ut
488 4789 622 4844 dixi.
673 4791 737 4840 ad
774 4784 1189 4840 ostentationem
1243 4779 1399 4849 quasi
1435 4778 1716 4847 cujusdam
1756 4775 1805 4828 in

223 4888 331 4943 hoc
382 4898 599 4954 quoque
663 4879 993 4950 aequalitatis
1048 4874 1340 4931 Orientalis
1369 4871 1630 4925 Ecclesia:
1680 4882 1803 4922 cum

221 4979 490 5039 Occidua,
533 4976 691 5029 istam
727 4982 838 5026 tum
871 4969 1121 5025 adhibuit
1153 4963 1654 5033 multiplicationem
1689 4976 1809 5030 spc-

222 5075 432 5126 t-iosam
461 5065 784 5121 nostratium
813 5061 1129 5132 praesulum.
1158 5057 1294 5111 Illud
1329 5056 1492 5110 etiam
1527 5055 1582 5108 in
1615 5054 1806 5108 eodem

221 5165 435 5233 seripto
467 5170 713 5214 curatum
741 5165 848 5214 est.
889 5163 948 5209 ut
977 5155 1038 5207 iii
1063 5149 1414 5220 expressione
1443 5146 1712 5217 dogmatis
1743 5145 1810 5197 de.

226 5258 470 5327 Spiritus
501 5251 674 5307 sancti
705 5247 1056 5319 processione
1101 5258 1332 5298 numero
1362 5241 1568 5309 iungenti
1603 5254 1808 5307 conge-

227 5356 482 5404 rerentur
525 5343 690 5397 variae
734 5340 1097 5408 undecunque
1153 5348 1386 5390 corrasa:
1435 5333 1659 5386 Patrum
1709 5345 1809 5382 no-

225 5452 468 5495 strorum
503 5436 830 5496 locutiones,
863 5429 1128 5485 aientium
1163 5435 1414 5486 sanctum
1447 5425 1708 5494 Spiritum
1741 5437 1804 5476 ex

229 5535 365 5588 Filio
392 5531 670 5602 profundi,
698 5525 1110 5597 praeberi,'dari,
1135 5522 1576 5592 explendescere,
1603 5519 1807 5571 micare

230 5625 568 5685 antostendi,
591 5623 929 5689 similesque,
951 5619 1150 5688 quibus
1167 5613 1582 5670 accumulandis
1597 5611 1647 5665 id
1665 5612 1804 5666 clam

231 5721 483 5787 agebant,
509 5729 565 5769 ut
585 5715 739 5785 quasi
759 5714 1051 5765 obruerent
1067 5706 1392 5779 procedendi
1418 5704 1677 5759 usitatum
1698 5701 1772 5756 La
1788 5732 1806 5744 -

233 5814 358 5865 linis
389 5812 636 5872 verbum,
658 5817 712 5860 et
734 5823 854 5859 cum
877 5805 925 5858 id
950 5803 1183 5857 aliorum
1209 5801 1436 5854 istorum
1463 5799 1686 5851 obtentu
1723 5807 1807 5848 te-

233 5917 466 5969 g--rctur,
490 5905 650 5959 tacito
671 5905 1020 5972 abmgarcut,
1042 5900 1157 5969 ejus
1178 5895 1546 5952 assertoribus
1566 5895 1660 5946 ista
1685 5908 1811 5960 pro-

237 6003 463 6055 laturum
498 6015 526 6053 ξι
555 5999 756 6053 nostris
796 5993 1107 6064 inspeciem
1147 5987 1604 6061 a-quipollenlium
1627 5987 1808 6057 spetie

1916 4788 2020 4840 hoc
2070 4783 2287 4854 negotio
2338 4781 2589 4851 quzcdam
2647 4785 2796 4839 sunt,
2849 4781 3016 4845 prout
3077 4774 3130 4827 in
3188 4771 3386 4826 llleletii
3443 4779 3499 4823 et

1911 4878 2104 4949 lghalii
2130 4891 2296 4932 causa
2335 4873 2605 4943 apparuit.
2641 4870 2702 4923 lli
2732 4869 2875 4942 quod
2903 4866 3064 4940 463
3120 4866 3278 4936 plane
3309 4879 3370 4918 ac
3401 4879 3498 4932 pa-

1912 4971 2018 5024 lam
2054 4985 2112 5023 sc
2142 4967 2420 5022 abscissos
2465 4965 2532 5020 ab
2569 4963 2813 5016 Ecclesia
2857 4960 3118 5024 ferebant,
3159 4957 3400 5012 damnati
3431 4959 3502 5010 ab

1912 5062 2243 5129 imperatore
2291 5072 2355 5111 ac
2403 5056 2572 5111 dediti
2625 5053 2780 5122 Papae
2822 5059 2971 5109 sunt.
3019 5048 3276 5120 gravibus
3317 5047 3386 5101 ab
3431 5061 3499 5101 eo

1910 5153 1960 5206 vi
1985 5151 2161 5205 Ielicet
2210 5148 2476 5204 multandi
2528 5145 2740 5216 poenis;
2783 5143 2848 5196 ad
2896 5141 3060 5211 idque
3105 5137 3502 5195 revertentibus

1915 5241 2138 5294 Ruinam
2172 5240 2353 5293 traditi
2389 5236 2602 5307 legatis,
2629 5251 2694 5289 eo
2729 5235 2951 5287 domum
2989 5228 3258 5300 perducti.
3290 5224 3497 5282 Verum

1913 5343 2120 5388 tantum
2155 5329 2329 5387 abfuit
2359 5341 2414 5383 ιιι
2445 5330 2526 5383 eis
2563 5326 2816 5398 pontifex
2847 5324 3016 5378 ullum
3047 5320 3372 5392 supplicium
3405 5319 3500 5389 de.

1911 5437 2183 5488 cerneret,
2232 5434 2289 5478 ιιι
2316 5425 2462 5477 ultro
2513 5421 2814 5474 mist-ratus
2845 5417 2995 5486 ipsos
3038 5415 3132 5483 sit,
3165 5413 3309 5484 quod
3353 5411 3500 5467 iuvi-

1911 5522 2064 5576 tliosa
2096 5517 2412 5585 suspicione
2444 5519 2821 5582 gravarentur,
2855 5506 3016 5578 quasi
3045 5505 3270 5560 obstare
3295 5501 3501 5563 vellent

1913 5632 1978 5668 ne
2015 5614 2154 5666 inter
2193 5623 2416 5676 magnas
2451 5604 2723 5659 Ecclesias
2754 5616 2854 5670 pax
2882 5597 3244 5654 stabiliretur.
3303 5593 3500 5665 Itaque

1911 5721 2034 5759 cum
2084 5702 2233 5754 omni
2272 5698 2675 5768 significatione
2724 5692 3121 5750 benevolentia}
3156 5688 3370 5746 remissi
3407 5682 3514 5743 adi'

1912 5803 2350 5867 imperatorem,
2403 5794 2566 5846 etiam
2621 5788 3108 5844 commendatitias
3175 5803 3203 5840 a
3258 5798 3395 5854 papa
3466 5799 3500 5839 θ

1912 5889 2283 5948 reddiderunt.
2319 5885 2521 5955 quibus
2549 5883 2638 5937 ille
2665 5885 2960 5951 rogabatur
2999 5888 3058 5934 ut
3090 5878 3340 5932 homines
3375 5878 3501 5934 sine

1915 5998 2075 6037 causa
2105 5988 2410 6052 suspectus,
2443 5987 2492 6032 t‘t
2528 5979 2618 6050 qui
2654 5976 2974 6031 viderentur
3015 5980 3216 6029 rectam
3258 5980 3306 6024 el
3340 5983 3498 6026 sccu‘
