3964 6584
497 514 609 602 sea

1745 513 2072 579 GEORGII
2108 514 2589 575 PACIiYMlZILE

3637 511 3721 577 εει

489 628 643 693 such,
674 625 851 692 ἄλλως
882 625 1164 699 προὸἀσης
1193 626 1268 692 ὡς
1296 627 1521 693 πολλοὺς
1552 626 1751 683 εἰδέναι
1783 630 1884 699 τῆς
1910 632 2077 697 ὲκκη-
2106 628 2148 685 Α
2180 627 2446 695 ζομένων,
2500 627 2639 697 πλὴν
2665 628 2751 680 ἐπ’
2783 628 3056 699 ἀσφαλείᾳ
3103 629 3445 701 περιφανεῖς,
3467 622 3542 682 ὧν
3570 626 3647 695 εἷς
3666 629 3725 704 ἦν

495 716 725 787 ρῦξεως.
753 717 976 789 Ἐπειδὴ
1017 718 1127 788 γάρ
1157 735 1302 781 τινες
1331 718 1439 772 τῶν
1470 718 1755 791 περιττῶν
1776 722 1868 773 καὶ
1904 718 2065 773 26x6-

406 862 411 871 ,
490 811 623 879 λων,
643 806 725 875 οἷς
749 811 859 865 οὐδ’
888 807 957 883 ἦν
991 810 1055 864 τὸ
1078 811 1346 883 παράπαν
1377 812 1577 866 εἰδέναι
1612 811 1681 865 τὰ
1704 812 1803 881 τῆς
1834 811 2069 884 Ἐκκλη-

491 904 612 966 σίας
642 902 752 955 τῶν
785 902 1032 964 Ἰταλῶν,
1074 901 1202 957 οὔτε
1257 902 1364 973 μὴν
1404 904 1501 957 καὶ
1536 902 1749 968 ἀξιοῦσι
1805 905 2065 970 ξυνιέναι,

490 995 564 1058 ὡς
591 994 759 1048 πάλαι
794 995 921 1048 ποτὲ
945 991 1086 1065 ἦσαν
1118 997 1176 1047 ἐν
1199 996 1441 1065 πρώτοις
1464 997 1737 1066 ἡνωμένοι
1760 999 1867 1049 τῶν
1891 998 2070 1052 ἄλλων

492 1086 680 1149 πλέον,
714 1086 818 1141 κᾶν
844 1102 899 1139 τι
930 1087 1213 1155 συμπεσὸν
1245 1088 1522 1154 παρέλυσε
1553 1087 1644 1140 τὸν
1670 1087 1887 1157 δεσμδν,
1918 1090 2070 1156 ὅμως

493 1179 552 1231 δὲ
584 1180 745 1233 πάλιν
774 1180 1213 1250 ἀπαράθραυστα
1249 1183 1505 1250 μένουσιν
1540 1183 1671 1252 ἡμῖν
1703 1198 1761 1234 τε
1796 1182 2071 1246 κάκείνοις

492 1272 561 1324 τὰ
581 1272 675 1325 τοῦ
705 1272 1140 1341 Χριστιανισμοῦ
1170 1274 1469 1342 μυστήριας
1492 1273 1566 1337 ὠς
1594 1274 1760 1343 μηδὲν
1783 1291 2071 1344 παρεγχει-

497 1368 614 1433 ρεῖν
645 1367 853 1437 τολμᾷν
895 1385 1049 1429 τινας
1078 1367 1169 1419 ἐπί
1198 1385 1254 1420 τε
1276 1367 1527 1437 τελεσμῷ
1553 1362 1928 1437 βαπτίσματος
1975 1370 2069 1423 καὶ

495 1458 768 1530 ἱερωσύνῃ
818 1462 910 1513 καὶ
949 1458 1113 1527 γάμῳ
1145 1458 1240 1510 καὶ¹
1289 1462 1557 1530 μοναχικῇ
1590 1463 1929 1515 καταστάσει
1979 1462 2072 1515 καὶ

491 1552 607 1613 τοῖς
629 1551 836 1614 λοιποῖς
862 1548 943 1613 οἷς
966 1552 1075 1621 ἄρα
1109 1554 1203 1604 καὶ
1233 1553 1263 1621 ἡ
1300 1550 1564 1622 καθολικὴ
1592 1552 1686 1604 καὶ
1720 1553 1819 1619 μία
1850 1552 2073 1623 Ἐκκλη-

493 1642 588 1695 σία
618 1642 745 1705 τοὺς
778 1642 949 1712 αὐτῆς
992 1643 1233 1696 ἐπιτελεῖ
1260 1643 1585 1713 τροφίμους.
1616 1643 1732 1698 ἀλλ’
1780 1644 1974 1713 ὥσπερ
2005 1644 2075 1699 ἂν

492 1736 560 1789 ὲκ
608 1735 769 1806 δρυὸς
802 1736 834 1807 ἢ
869 1736 997 1791 ιὰπδ
1029 1740 1237 1808 πέτρης
1270 1738 1513 1809 ἀρχῆθεν
1570 1733 1735 1809 ἦσαν,
1774 1740 1941 1809 μηδὲν
1966 1741 2075 1793 τῶν

496 1829 612 1890 τοῖς
644 1828 994 1897 Χριστιανοῐς
1045 1829 1363 1896 ἀνηκόντων
1409 1830 1615 1891 εἰδότες
1650 1830 1744 1884 καὶ
1766 1828 1871 1883 ¹διὰ
1898 1831 2074 1884 ταῦτα

496 1921 740 1985 ἐκείνους
771 1922 1018 1985 ἐκτόπως
1076 1923 1574 1993 ἀποστρεφόμενοι,
1636 1924 1732 1977 καὶ
1795 1924 1864 1977 τὰ
1923 1925 2075 1995 παρά

494 2014 610 2076 τοῖς
630 2011 921 2083 ἡμετέροις
965 2013 1355 2068 ὲΰδελύσσοντο
1384 2014 1516 2084 ἅγια
1549 2015 1643 2068 καὶ
1682 2018 1954 2085 κρημνοῖς
1978 2016 2074 2070 καὶ

498 2107 761 2173 ποταμοῖς
789 2107 884 2160 καὶ
912 2106 1098 2175 δρεσιν
1128 2107 1335 2160 ἐδίδουν
1390 2107 1465 2169 ὡς
1497 2108 1669 2179 μηδὲν
1719 2107 1850 2161 ὄντα
1879 2109 2036 2177 τίμια
2056 2150 2072 2173 ,

498 2196 799 2251 κάντεῦθεν
845 2197 1085 2252 ἐκώλυον
1113 2189 1182 2253 τὰ
1228 2197 1332 2268 τῆς
1386 2199 1646 2264 πίστεως,
1699 2199 2077 2271 ἀναλαμϐάνει

496 2290 665 2358 ζῆλον
694 2293 721 2344 6
757 2293 1036 2364 βασιλεὺς,
1064 2293 1161 2346 καὶ
1201 2294 1409 2357 πάντας
1464 2293 1803 2355 ἐπισκόπους
1834 2311 2079 2364 ιιιςροσκα⁴

499 2376 673 2438 λείται
706 2385 800 2440 καὶ
841 2388 1133 2456 μοναχοὺς,
1173 2385 1289 2440 ἐστι
1315 2386 1360 2439 δ’
1381 2378 1444 2440 οὗ
1479 2387 1572 2440 καί
1602 2404 1755 2452 τινας
1790 2386 1900 2440 τῶν
1956 2404 2078 2457 σχι-

504 2577 623 2617 ram
676 2561 960 2633 religionis
1004 2564 1151 2618 viam
1208 2563 1482 2629 insistere,
1526 2564 1725 2620 blande
1782 2565 1899 2636 ipse
1944 2582 2084 2636 quo-

507 2668 616 2723 que
650 2669 715 2710 ac
756 2654 1071 2711 humaniter
1111 2656 1386 2724 exciperet
1427 2657 1571 2728 apud
1615 2671 1783 2728 seque
1832 2657 2080 2712 haberet.

507 2741 581 2800 Ut
615 2746 726 2800 haec
755 2760 919 2816 porro
956 2748 1317 2803 assentatorie
1354 2749 1657 2819 agebantur
1682 2759 1736 2804 et
1767 2749 2085 2805 scribeban-

506 2848 598 2895 tur
618 2856 683 2895 ex
709 2852 860 2910 parte
883 2839 1227 2905 Latinorum,
1258 2843 1336 2897 sic
1363 2851 1523 2911 erant
1549 2853 1602 2899 et
1626 2843 1751 2910 illae,
1777 2859 1918 2914 quas
1942 2844 2081 2910 dixi,

504 2949 538 2988 a
572 2936 777 2991 nostris
813 2933 880 2989 ad
911 2950 1104 3005 papam
1134 2936 1275 2991 datae
1304 2936 1498 2993 litterae
1528 2952 1635 2992 non
1662 2947 1915 3009 expertes
1948 2938 2086 2993 adu-

509 3026 691 3080 latorii
747 3024 879 3090 fuci,
931 3026 1250 3096 proﬁtentes
1302 3028 1553 3083 videlicet
1609 3043 1709 3083 nec
1756 3029 1924 3084 ullum
1969 3029 2083 3099 jam

511 3118 736 3189 agnosci
761 3121 852 3190 qui
890 3118 1114 3176 Latinos
1153 3132 1247 3176 ant
1274 3121 1343 3176 iis
1372 3122 1709 3178 adhaerentes
1740 3138 1839 3193 pro
1863 3138 2085 3177 excom-

509 3211 805 3265 municatis
860 3210 1115 3275 haberet,
1167 3221 1223 3266 et
1288 3213 1333 3267 si
1386 3213 1510 3283 quis
1572 3213 1626 3267 in
1682 3225 1961 3283 posterum
2015 3213 2070 3268 id

2173 722 2267 776 καὶ
2297 724 2324 775 ὀ
2345 722 2403 774 ὲν
2427 720 3047 791 Φρυγανοῖς.⁹Ᾱκάκιος
3092 723 3187 775 καὶ
3221 724 3250 776 ὁ
3285 723 3538 793 μαθητὴς
3581 727 3729 781 αὐτοῦ

2170 818 2455 888 Γερμανὸς
2508 817 2607 871 καὶ
2641 815 2822 870 λοιποὶ
2861 818 3129 883 πλεῖστοι,
3193 816 3290 871 καὶ
3345 817 3517 885 μέσον
3570 820 3732 874 αὐτῶν

2172 911 2409 971 ἵσταται,
2444 908 2927 963 καὶ¹καθικετεύει
2958 910 3022 962 ἐκ
3071 890 3183 962 τῶν
3221 909 3534 979 ’ἰχνηλάτου
3568 912 3733 980 Παρα-

2173 1001 2428 1068 6ολικῶν,
2463 1000 2558 1055 τοῦ
2593 1002 2668 1073 μὴ
2696 1001 2994 1072 προλασείν
3040 1001 3169 1065 τοὺς
3202 1002 3617 1070 ἐπιτιθεμένους
3651 1004 3735 1071 ἀρ-

2173 1092 2436 1160 γούντων,
2483 1093 2559 1156 ὡς
2605 1094 2701 1146 καὶ
2761 1092 2991 1157 πολλοὺς
3038 1092 3428 1163 μνημονεύειν,
3492 1094 3633 1146 κατά
3683 1098 3735 1147 rb

2172 1186 2482 1255 πρόσφορον
2533 1185 3066 1254 προοιμιασάμενος,
3135 1184 3211 1255 μὴ
3267 1183 3521 1253 παριδεῖν
3578 1185 3738 1238 κινδυ-

2175 1278 2439 1332 νεύουσαν
2476 1277 2573 1349 τὴν
2627 1277 2954 1349 Ορησκείαν,
3009 1276 3144 1348 μηδὲ
3184 1277 3432 1347 σχήματι
3479 1276 3737 1342 εὐσεϐείας

2174 1370 2538 1441 προδιδόμενα
2558 1370 2629 1424 τὰ
2647 1370 2807 1441 τίμια
2837 1372 2967 1443 παρ’
2991 1370 3147 1424 οὐδὲν
3174 1370 3448 1434 τίθεσθαι,
3475 1369 3593 1422 ἀλλ’
3616 1370 3740 1438 ἀμύ-

2174 1479 2288 1516 νειν
2350 1466 2510 1515 παντὶ
2556 1464 2744 1533 τρόπῳ
2789 1465 2905 1527 τοῖς
2954 1464 3053 1532 τῆς
3101 1463 3433 1531 Ἐκκλησίας
3504 1462 3590 1534 [Ρ.
3624 1462 3735 1535 518]

2176 1553 2418 1624 Θεσμοῖς.
2463 1551 2619 1607 Εἶναι
2642 1556 2751 1625 γὰρ
2780 1555 3028 1627 μεγάλην
3050 1555 3232 1617 ἀνίαν,
3279 1556 3347 1626 ἢν
3381 1555 3476 1609 διά
3527 1574 3579 1607 τι
3612 1573 3736 1625 παρα

2174 1646 2478 1717 εισφρῆσαν
2508 1646 2631 1701 κατ’
2663 1646 2979 1717 οἰκονομίαν
3026 1647 3136 1700 τῶν
3165 1647 3238 1717 μὴ
3274 1646 3555 1716 συνήθων,
3584 1646 3737 1716 ἀνάγ-

2175 1758 2278 1809 κης
2311 1739 2766 1811 παραπεσούσης,
2804 1740 2971 1794 αὐτοὶ
3036 1741 3136 1811 τῆς
3165 1739 3505 1809 Ἐκκλησίας
3527 1741 3740 1793 ἀποστα-

2176 1833 2392 1896 τοῦντες
2423 1833 2524 1904 οὐχ
2555 1834 2703 1897 ὅπως
2730 1832 2791 1887 τδ
2828 1834 2906 1904 μὴ
2943 1832 3138 1886 δοκοῦν
3187 1832 3553 1902 φυλάττοιντο
3607 1832 3737 1900 σφίσι

2178 1920 2302 1974 καθ’
2342 1922 2563 1987 αὐτοὺς,
2624 1920 2761 1976 ἀλλὰ
2798 1923 2896 1976 καὶ
2948 1922 3151 1992 νόμους
3189 1921 3526 1992 Ἐκκλησίας
3580 1940 3738 1990 παρα-

2177 2013 2330 2068 λύειν
2372 2014 2641 2085 τολμῷεν,
2670 2008 2745 2068 ὧν
2796 2017 2913 2078 τοῖς
2938 2014 3284 2089 τολμήμασιν
3310 2015 3371 2068 ἒν
3398 2014 3564 2083 μόνον
3596 2014 3740 2067 κακὸν

2176 2108 2375 2174 λείπει,
2400 2110 2462 2162 τὸ
2495 2110 2569 2181 μὴ
2598 2110 2995 2180 χριστιανίζειν
3013 2112 3317 2181 ὁμολογεῖν.
3356 2110 3527 2163 Ὥστε
3552 2108 3733 2179 παρόν-

2176 2216 2268 2263 τος
2297 2199 2484 2253 τούτου
2520 2201 2672 2271 ἰσχὺν
2701 2202 2826 2263 τοὺς
2868 2200 3317 2271 ἁναχαιτίσοντας
3367 2200 3523 2270 ἔχειν
3552 2199 3624 2269 τῷ
3654 2199 3740 2252 ἀπὸ

2179 2291 2276 2362 τῆς
2316 2292 2638 2363 Ἐκκλησίας
2662 2292 2868 2364 δεσμῷ,
2896 2292 2981 2360 ἐφ’
3004 2284 3050 2361 ᾧ
3072 2291 3104 2360 ἧ
3130 2292 3223 2346 καὶ
3240 2291 3397 2345 αὐτοὶ
3417 2290 3527 2344 δέει
3542 2288 3740 2360 ληφθέν-

2180 2400 2271 2447 τες
2301 2384 2622 2455 ἀπόσχοιντο
2674 2384 2767 2438 τοῦ
2815 2384 2957 2439 κατά
2998 2384 3108 2439 τῶν
3155 2384 3301 2439 ἰδίων
3358 2383 3673 2454 σπλάγχνων
3692 2382 3740 2436 τὸ

2184 2556 2509 2622 οοῐοέίιεεο
2551 2581 2677 2622 eum
2714 2565 2768 2621 in
2810 2580 3031 2636 gravem
3075 2580 3141 2621 ac
3182 2565 3554 2635 perniciosam
3597 2562 3735 2620 Chri-

2187 2658 2381 2712 stianre
2442 2656 2566 2712 fidei
2623 2658 2865 2728 grassari
2939 2658 3408 2728 perturbationem
3475 2659 3737 2728 imperator

2189 2755 2460 2815 cerneret,
2493 2747 2609 2801 zelo
2639 2762 2740 2817 pro
2767 2746 3089 2817 indignitate
3120 2747 3198 2802 rei
3223 2756 3533 2818 assumpto,
3572 2761 3735 2802 omnes

2188 2841 2254 2897 ad
2288 2856 2346 2895 se
2385 2855 2511 2896 euut
2553 2840 2848 2911 episcopos
2880 2850 2995 2894 tum
3038 2840 3338 2897 monachos
3377 2848 3654 2906 convocat,
3691 2848 3733 2893 et

2188 2933 2243 2988 in
2277 2933 2362 2987 his
2390 2932 2659 3003 quosdam
2692 2930 2747 2987 in
2791 2941 2947 3002 parte
2974 2931 3460 2990 scitistnaticorum
3507 2932 3735 2995 illustres,

2190 3026 2317 3081 data
2368 3026 2502 3096 ipsis
2549 3027 2617 3080 ad
2675 3025 2781 3081 hoc
2831 3027 3150 3080 securitate.
3204 3024 3410 3081 ﬂorum
3460 3040 3596 3080 unus
3640 3035 3735 3079 erat

2188 3117 2423 3174 Aeacius
2469 3116 2907 3189 Pltryganorum,
2959 3116 3096 3171 alter
3133 3115 3252 3183 ejus
3296 3115 3595 3185 discipulus
3620 3113 3731 3170 Ger—

2193 3224 2408 3268 manus,
2444 3223 2680 3276 cumque
2721 3206 2808 3260 his
2848 3206 2937 3259 alii
2984 3220 3205 3275 quoque
3238 3205 3481 3273 plurimi.
3529 3204 3728 3258 Istorum

508 3304 714 3357 audere
759 3302 1127 3374 detegeretur,
1180 3305 1322 3359 haud
1372 3306 1595 3374 impune
1650 3307 1910 3369 laturum,
1960 3322 2082 3361 cum
2112 3302 2158 3364 C
2191 3305 2244 3359 in
2275 3318 2539 3357 consessu
2578 3310 2903 3355 cunctorum
2941 3300 3151 3355 medius
3175 3300 3472 3370 imperator
3501 3299 3732 3351 oravitex

512 3401 695 3447 tamen
729 3394 916 3448 multis
942 3408 1133 3449 netum
1164 3405 1311 3451 esset
1342 3413 1449 3451 non
1497 3399 1687 3453 deesse
1716 3400 1807 3467 qui
1848 3398 1919 3452 ita
1958 3414 2083 3453 sen-

510 3486 680 3542 tirent
712 3496 765 3541 et
798 3488 973 3556 palam
1017 3490 1309 3544 anathema
1338 3489 1580 3545 dicerent
1630 3491 2083 3562 amplectentibus

512 3595 726 3650 pacem.
771 3579 939 3635 Erant
984 3582 1038 3636 hi
1084 3599 1482 3652 supervacaneo
1525 3584 1725 3638 morosi
1770 3585 1990 3654 quidam
2032 3594 2088 3639 et

514 3672 759 3727 delicatis
785 3674 1152 3743 superstitiosi
1184 3672 1440 3738 fastidiis.
1477 3676 1568 3744 qui
1602 3690 1726 3729 cum
1756 3686 1809 3729 et
1835 3673 2081 3729 fundi'us

514 3765 831 3836 ignorarent
877 3778 929 3821 et
976 3767 1190 3822 discere
1235 3783 1345 3822 non
1392 3777 1648 3822 curarent
1697 3783 1783 3822 res
1831 3767 2086 3822 Ecclesia!

512 3858 861 3925 Latinorum,
890 3869 950 3914 ut
982 3860 1239 3916 videlicet
1266 3876 1387 3915 cum
1420 3860 1485 3914 iis
1512 3860 1640 3915 olim
1671 3859 1724 3913 in
1747 3860 2091 3930 dogmatibus

516 3949 905 4021 mysteriisque
939 3938 1230 4019 praecipuis
1257 3950 1339 4003 vel
1368 3952 1614 4004 omnium
1643 3947 1832 4003 intime
1858 3949 2091 4019 conjun-

517 4043 592 4098 cti
627 4041 832 4099 Cra-eis
877 4042 1128 4107 fuissent,
1182 4044 1283 4097 etsi
1330 4044 1516 4099 nescio
1563 4045 1693 4114 quid
1724 4043 1920 4099 deinde
1950 4043 2093 4098 inci-

517 4137 658 4191 dens
703 4138 830 4190 illud
865 4137 1104 4207 antiquae
1150 4139 1456 4192 concordiae
1486 4138 1764 4194 vinculum
1814 4138 2093 4208 paulisper

520 4228 795 4284 relaxasse
824 4230 999 4283 visum
1025 4240 1191 4298 esset,
1222 4241 1402 4284 tamen
1434 4232 1597 4285 etiam
1628 4243 1810 4300 postea
1838 4229 2093 4283 inviolata

520 4323 887 4393 permanserit
944 4324 1203 4393 utrinque
1250 4324 1545 4379 consensio
1601 4324 1655 4378 in
1721 4324 1823 4378 lide
1871 4339 1936 4378 ac
1987 4338 2090 4377 usu

523 4415 839 4483 capitalium
887 4415 1295 4472 Cbristiauismi
1350 4426 1858 4480 sacramentorum,
1909 4416 1984 4470 ita
2038 4424 2098 4468 ut

444 4508 451 4513 ’
522 4510 776 4564 neutrubi
811 4509 1109 4580 quidquam
1136 4521 1341 4567 temere
1362 4522 1688 4567 attentatum
1722 4513 1942 4582 publico
1965 4526 2098 4566 con-

522 4602 650 4659 silio
691 4602 851 4658 fuerit
901 4603 1047 4658 circa
1084 4604 1250 4659 ritum
1293 4606 1659 4674 baptismatis,
1703 4604 2095 4664 sacerdotium,

2193 3378 2482 3449 lchuelata:
2516 3394 2875 3459 Parabolicis,
2928 3393 3086 3461 cujus
3130 3393 3254 3447 libri
3305 3401 3360 3446 et
3404 3391 3508 3446 loci
3550 3390 3610 3443 ad
3653 3390 3734 3441 hoc

2198 3497 2411 3557 tempus
2431 3485 2721 3557 opportuni
2748 3484 3041 3556 plerosque
3065 3485 3308 3554 ipsorum
3337 3482 3608 3539 recordari
3628 3495 3735 3535 con-

2196 3579 2414 3643 fidebat,
2446 3594 2515 3633 ne
2545 3577 2727 3648 potius
2758 3577 2982 3633 mallent
3025 3591 3186 3632 ruere
3230 3576 3537 3631 imitatione
3576 3571 3733 3644 praete-

2198 3672 2518 3726 stinantium
2550 3668 2901 3740 impatienter
2929 3669 2984 3722 in
3026 3669 3282 3737 negotiis,
3316 3684 3482 3737 quam
3510 3666 3735 3724 adbibere

2195 3761 2588 3817 cunctatricem
2621 3760 2989 3816 cessationem
3028 3759 3279 3814 (lantiunt
3320 3760 3556 3829 spatium
3582 3769 3735 3825 perco-

2197 3853 2426 3926 quendan
2463 3851 2765 3907 maturitati
2791 3861 3093 3922 ereptorum
3127 3852 3271 3906 lente
3297 3850 3667 3919 proﬁcientium
3692 3848 3732 3900 in

2200 3960 2488 4002 successus
2520 3958 2699 3998 seros.
2731 3942 2824 3998 Sic
2855 3958 3166 3997 sermonem
3199 3942 3499 4011 ingressus,
3529 3942 3736 3994 obsecra-

2202 4038 2278 4093 vit
2304 4047 2532 4093 cunctos
2559 4036 2652 4106 qui
2681 4035 2935 4098 aderant,
2972 4050 3043 4090 ne
3071 4034 3389 4105 religionem
3436 4033 3734 4101 despicerent

2201 4130 2618 4199 periclitantem,
2666 4144 2801 4183 neve
2845 4127 3008 4182 otiosi
3060 4129 3265 4196 absque
3306 4125 3594 4181 auxiliandi
3629 4136 3731 4178 cura

2201 4222 2388 4295 videre
2416 4222 2774 4284 sustinerent,
2807 4218 2936 4272 dum
2971 4218 3151 4287 specie
3186 4218 3403 4286 pietatis
3432 4215 3733 4274 sanctissima

2202 4337 2431 4392 qua-que
2474 4318 2860 4389 proderentur.
2904 4316 3002 4371 Cui
3040 4319 3183 4371 enim
3232 4327 3374 4371 recte
3418 4330 3541 4386 erga
3584 4308 3735 4366 Bcch-

2202 4415 2340 4470 siam
2378 4412 2721 4469 allectosnon
2752 4425 2972 4481 gravem
3019 4424 3311 4464 maerorem
3364 4408 3552 4463 aderat
3589 4415 3733 4459 certo-

2204 4519 2326 4558 rum
2360 4503 2639 4557 hominum
2668 4498 2957 4554 temeraria
2990 4498 3287 4568 protervia,
3328 4495 3422 4564 qui
3457 4511 3559 4550 non
3590 4491 3735 4546 feren—

2206 4605 2290 4651 tes
2364 4594 2550 4650 induci
2603 4593 2884 4663 quidpiam
2940 4591 2994 4646 in
3064 4606 3219 4645 usum
3281 4600 3475 4657 prmter
3525 4584 3731 4643 solitum.

524 4696 959 4761 matrimonium,
1002 4699 1361 4753 monasticum
1396 4710 1624 4766 statum,
1661 4707 1714 4753 et
1734 4699 1941 4768 reliqua
1982 4712 2101 4768 my-
2135 4686 2176 4741 ί)
2206 4705 2521 4760 quamquam
2552 4703 2611 4743 ea
2646 4698 2699 4743 el
2732 4701 2961 4742 summa!
2992 4686 3069 4740 νεῖ
3106 4686 3240 4740 ιιίιιίι
3274 4689 3733 4746 ιιοεθηειιι⁶’ί“θ⁵⁵²’

523 4801 691 4845 sterta
733 4790 932 4860 quibus
968 4807 1072 4845 una
1125 4800 1180 4845 et
1226 4792 1496 4848 catholica
1530 4792 1773 4848 Ecclesia
1806 4808 1937 4848 suos
1979 4792 2098 4846 alu-

420 4941 434 4955 \
526 4893 689 4932 mnos
747 4879 965 4933 initiare
1015 4881 1323 4934 consuevit.
1358 4883 1519 4944 (Σιιιιι,
1568 4882 1816 4951 inquam,
1874 4882 1928 4934 hi
1986 4898 2096 4935 non

526 4968 703 5040 magis
734 4969 930 5023 hurqu
960 4971 1259 5041 quidquam
1290 4988 1411 5042 qum
1438 4972 1491 5025 in
1520 4972 1964 5027 Christianorum
1985 4974 2096 5043 jam

526 5062 655 5116 olim
684 5061 849 5135 464
876 5063 1153 5133 republica
1195 5066 1556 5118 versabantur
1591 5073 1777 5119 uotum
1812 5066 2098 5131 haberent,

526 5170 695 5225 quam
732 5156 777 5212 si
814 5158 1033 5225 quercei
1063 5159 1275 5228 stipites
1310 5167 1403 5211 aut
1426 5158 1653 5226 lapitleze
1684 5160 1854 5213 moles
1891 5168 2099 5222 essent,

522 5263 590 5323 ea
635 5248 763 5323 ipsa
788 5249 1094 5321 ignorantia
1132 5250 1184 5302 iu
1236 5248 1646 5317 superciliosum
1681 5248 1804 5302 elati
1857 5258 2102 5303 contem-

531 5353 685 5414 ptum
746 5360 871 5398 cum
916 5343 1146 5397 Latinos
1190 5342 1339 5410 ipsos
1380 5341 1833 5410 impotentissime
1886 5355 2104 5395 aversa-

516 5421 753 5497 .bantur.
787 5451 900 5490 tum
951 5447 1131 5490 nostra
1175 5437 1416 5503 ipsorum
1467 5449 1621 5488 sacra
1668 5442 1790 5502 post
1835 5434 2103 5487 saueitam

522 5544 742 5602 pacem,
777 5529 938 5599 quasi
982 5529 1317 5583 admissione
1369 5526 1754 5595 consortioque
1783 5526 2102 5580 Latinorum

531 5614 824 5688 profanata
877 5616 1216 5686 pollutaqne,
1277 5630 1383 5669 non
1437 5615 1762 5668 verebantur
1810 5617 2106 5683 exsecrari,

530 5708 805 5764 devovere
844 5707 1002 5775 diris,
1043 5718 1098 5764 et
1141 5707 1287 5779 (qua:
1321 5717 1476 5761 erant
1508 5707 1838 5775 blasphemze
1869 5706 2107 5776 ipsorum

535 5801 724 5874 voces)
747 5802 1060 5873 praecipitiis
1082 5817 1147 5856 ac
1174 5800 1353 5856 ﬂuviis
1374 5811 1883 5869 praeruptorumque
1906 5801 2113 5872 tesquis

538 5894 705 5953 inviis
752 5896 1015 5951 montium
1057 5893 1362 5967 abjicieuda
1403 5892 1808 5963 abolendaque,
1849 5903 2107 5964 tanquam

541 5988 750 6055 nullum
790 5990 898 6060 jam
946 5988 1137 6059 priscae
1171 5984 1454 6056 religionis
1489 5983 1658 6042 decus
1693 5986 1987 6054 servantia,
2026 5988 2109 6045 di-

2203 4783 2303 4839 riis
2348 4781 2719 4838 incidentibus
2746 4781 2930 4835 causis
2962 4794 3059 4848 per
3098 4779 3420 4847 prudentem
3450 4785 3731 4831 accommo-

2202 4878 2474 4953 dat‘ioncm
2507 4875 2646 4930 facta
2676 4873 2957 4929 inuovatio
2987 4871 3173 4933 fuerit,
3217 4879 3511 4941 erumpunt
3536 4868 3583 4923 in
3614 4863 3731 4917 fetos

2204 4983 2405 5031 mutus,
2456 4969 2781 5024 rebellantes
2815 4967 2867 5021 in
2912 4965 3247 5026 Ecclesiam;
3301 4973 3355 5018 et
3388 4977 3554 5031 neque
3599 4958 3729 5011 istum

2208 5064 2450 5118 turorem
2487 5060 2631 5117 ferre
2666 5061 2859 5115 saltem
2896 5060 3118 5114 tacitum
3152 5074 3215 5112 ac
3247 5067 3559 5125 conceptum
3584 5049 3732 5103 animo

2205 5157 2340 5211 citra
2382 5154 2664 5208 hominum
2713 5151 3104 5208 conscientiam
3150 5159 3329 5218 tegere
3378 5148 3622 5202 volentes.
3659 5150 3730 5201 93'

2207 5246 2313 5301 lam
2345 5244 2598 5314 Ecclesiae
2629 5243 2775 5311 leges
2798 5241 3087 5311 effringere
3111 5257 3217 5293 nun
3245 5240 3513 5301 dubitant,
3537 5240 3729 5302 quntum

2209 5335 2451 5391 audaciae
2481 5350 2647 5388 unum
2884 5332 3045 5385 modo
3074 5331 3202 5384 illud
3232 5330 3402 5391 det-st,
3437 5338 3496 5383 ut
3531 5342 3581 5381 se
3604 5315 3729 5373 Clui-

2213 5430 2393 5484 tianus
2433 5444 2540 5481 non
2576 5443 2701 5480 esse
2743 5425 3036 5480 fateantur.
3086 5423 3239 5488 Quod
3280 5439 3401 5476 cum
3445 5432 3622 5489 negare
3655 5418 3730 5463 nec

2211 5525 2448 5578 audi-aut
2473 5536 2571 5575 nec
2596 5521 2828 5591 possint,
2864 5519 2970 5574 isto
3004 5520 3126 5588 ipso
3150 5518 3367 5572 vinculo
3393 5506 3726 5571 ecclesiasticﬂe

2211 5615 2643 5683 conjunetiunis,
2683 5630 2793 5679 quo
2829 5628 2886 5667 se
2916 5613 3089 5666 teneri
3127 5612 3306 5665 adhuc
3336 5613 3639 5680 agnoscunt,
3666 5598 3730 5650 in-

2215 5714 2453 5782 telligere
2504 5712 2765 5767 dz'betnus
2820 5712 2926 5765 vim
2984 5710 3138 5766 nobis
3181 5721 3345 5778 atque
3400 5702 3725 5762 auctoritalt'm

2217 5806 2455 5861 conferri
2505 5806 2715 5874 plenam
2766 5790 2861 5860 eos
2910 5820 3007 5874 pro
3055 5812 3320 5872 potestate
3361 5793 3645 5857 coercendi.
3683 5793 3727 5837 “i

2221 5897 2301 5950 rel
2343 5896 2447 5964 ipsi
2486 5905 2630 5950 metu
2673 5897 2908 5966 repressi
2942 5895 3199 5949 desinant
3226 5894 3278 5948 in
3324 5892 3548 5965 propriae
3578 5874 3725 5939 matris

2219 5989 2475 6046 Ecclesiae
2533 5990 2736 6045 viscera
2785 6004 2971 6045 ensem
3020 5989 3165 6045 velut
3216 5986 3498 6058 quemdam
3538 5977 3723 6037 factiosa:
