3964 6586
448 546 552 611 927

1661 546 1990 608 GEORGII
2030 545 2513 607 PACHYMEILE

3624 540 3733 605 928

454 663 663 720 σιλείαν
709 659 989 726 λαϐόντος,
1027 661 1168 732 ἔγνω
1209 665 1367 737 Νογᾷ
1420 665 1790 736 προσχωρεῖν,
1852 660 1946 716 καί
1978 660 2026 712 οί
2058 661 2104 718 Α.
2136 663 2300 734 μηδὲν
2340 665 2601 735 πράττειν
2636 663 2864 735 μέλλων,
2894 663 3190 732 κατασχεῖν
3224 660 3314 715 τὸν
3356 660 3626 731 Λαχανᾶν
3655 659 3737 719 ὡς

452 756 682 825 ἀμύνειν
708 754 1075 809 καθικετεύει.
1112 756 1187 810 Οὐ
1238 758 1346 827 μὴν
1374 756 1432 812 δι
1466 760 1563 812 καὶ
1616 757 1873 827 βασιλεὺς
1909 757 2032 810 ἐτέ-

457 848 632 919 ρωθεν
658 848 985 916 κατημέλει,
1033 849 1169 904 ἀλλὰ
1197 853 1293 905 καὶ
1348 851 1512 916 αὐτὸς
1541 851 1676 921 πρὸς
1702 852 1888 920 Νογᾶν
1938 852 2032 907 τὸν

463 940 629 995 ’Δσάν
662 941 871 1011 πέμπει
926 941 1143 1012 σύναιμα
1170 943 1264 996 καὶ
1298 944 1494 1015 δώροις
1523 943 1820 1010 πλείστοις,
1865 944 2033 1012 ἀξιῶν

454 1031 533 1104 μὴ
563 1032 811 1102 παριδεῖν
838 1032 931 1086 τὸν
954 1034 1017 1087 ἐκ
1041 1034 1234 1102 γένους
1262 1036 1588 1107 Βουλγάρων
1614 1037 1870 1105 ἄρχοντα,
1895 1035 2033 1091 ἀλλὰ

452 1124 905 1195 προσεπαμύνειν
956 1126 1172 1197 ἀδελφῷ
1201 1128 1314 1181 ὄντι
1351 1130 1448 1183 καὶ
1474 1128 1583 1182 τῶν
1611 1129 1733 1181 καθ’
1760 1129 1923 1183 αὑτὸν
1957 1129 2034 1183 δι-

450 1216 628 1269 καίων
660 1216 941 1288 χρῄζοντι.
984 1218 1045 1271 'O
1102 1218 1287 1289 μέντοι
1334 1236 1398 1289 γε
1440 1221 1623 1288 Νογᾶς
1674 1221 1888 1292 δέχεται
1931 1221 2033 1292 μέν

452 1309 548 1363 καὶ
574 1310 827 1379 Λαχανᾶν
856 1309 1080 1365 ἐλθόντα
1104 1312 1388 1381 πρότερον,
1410 1313 1622 1384 δέχεται
1651 1312 1710 1367 δὲ
1742 1315 1838 1369 καὶ
1866 1316 2035 1370 Ἀσὰν

453 1401 724 1472 εὐμενῶς.
754 1402 900 1472 Πλὴν
924 1403 1072 1472 δῶρα
1112 1404 1211 1474 μέν
1239 1405 1397 1458 δέκτο
1427 1406 1520 1459 καὶ
1555 1408 1903 1477 ἀμφοτέρων,
1932 1409 2034 1463 πό-

453 1509 547 1545 νον
572 1493 617 1545 δ’
646 1494 959 1565 ἀμέγαρτον
987 1494 1204 1564 ὄφελλε.
1238 1497 1499 1566 Κατέχων
1524 1497 1633 1568 γὰρ
1667 1500 1914 1563 ἐκείνους
1939 1500 2035 1552 ἐπὶ

453 1586 613 1646 πολὺ.
642 1587 734 1639 καί
755 1603 818 1655 γε
841 1588 1156 1658 περιφέρων
1186 1588 1306 1656 μεθ’
1330 1588 1528 1643 ἑαυτοῦ
1547 1592 1603 1662 (ἡ
1634 1591 1743 1662 γὰρ
1770 1592 2037 1663 πρεσϐεία

459 1678 560 1747 μία
588 1672 656 1750 ἦν
683 1680 1017 1749 ἀμφοτέροις
1049 1681 1191 1735 κατά
1239 1684 1335 1736 τοῦ
1366 1684 1634 1755 Τερτερῆ,
1684 1687 1733 1739 εἰ
1777 1686 1871 1739 καὶ
1910 1685 2061 1745 καθ⁹,.

454 1773 683 1826 ἑαυτοὺς
712 1774 1092 1845 ἠμφισϐήτουν
1122 1775 1259 1846 πρὸς
1314 1776 1581 1848 ἀλλήλους
1643 1775 1728 1851 [Ρ.
1764 1779 1893 1853 3‘20]
1936 1782 2038 1851 τῆς

456 1863 743 1933 βασιλείας
795 1868 888 1919 καὶ
947 1867 1202 1921 πλεῖστον
1255 1869 1379 1924 ὅσον
1411 1870 1819 1942 διενηνεγμένοι
1871 1868 2036 1946 ἦσαν)

455 1957 613 2010 οὐδὲν
645 1957 852 2020 ἐκεῖνος
884 1958 1058 2013 ἐποίει
1085 2001 1100 2027 ,
1150 1960 1267 2015 ἀλλ’
1291 1960 1472 2033 ἔτριϐε
1515 1963 1733 2033 χρόνον,
1780 1966 1911 2019 ποτὲ
1941 1966 2040 2035 μέν

456 2049 651 2118 τούτῳ,
689 2051 819 2103 ποτὲ
875 2049 932 2103 δέ
972 2050 1184 2121 θατέρῳ
1212 2054 1810 2125 προσυπισχνούμενος.
1859 2056 2044 2110 Ἐδούα

456 2142 616 2196 λευον
652 2144 695 2197 δ’
726 2145 920 2198 ἐκεῖνοι
953 2144 1049 2198 καὶ
1073 2146 1298 2209 ἄκοντες
1336 2148 1458 2211 ταῖς
1488 2150 1706 2218 ῥοπαῖς.
1744 2150 1908 2213 Τέλος
1941 2169 2042 2205 κα-

457 2236 601 2299 θίζει
634 2237 960 2307 συμπόσιον,
987 2238 1083 2291 καὶ
1111 2238 1140 2289 ὁ
1171 2239 1331 2302 πότος
1369 2240 1427 2298 ἐς
1457 2241 1593 2294 πολὺ
1626 2244 1917 2312 προέϐαινε
1950 2246 2041 2298 πί·-

460 2343 663 2381 νουσιν.
701 2326 787 2389 Ὠς
816 2327 874 2381 δέ
912 2326 1108 2396 μέθυος
1140 2322 1284 2398 ἦσαν
1318 2328 1543 2401 πλήρεις
1586 2332 1681 2386 καὶ
1712 2335 1741 2386 ό
1784 2335 2040 2407 λογισμὸς

462 2418 695 2481 ἐκείνοις
719 2421 1020 2489 παρήγετο,
1049 2421 1211 2483 εὐθὺς
1244 2422 1272 2473 ὁ
1316 2422 1499 2491 Νογᾶς
1521 2418 1635 2479 οἷον
1659 2426 1717 2492 ἐξ
1746 2425 1916 2482 ὕπνου
1953 2430 2043 2484 θο-

465 2510 577 2581 ρὼν
626 2510 722 2565 καὶ
770 2511 881 2565 τῶν
922 2512 1392 2586 ἀμφισϐητήσεων
1435 2518 1663 2573 ἐκείνων
1699 2519 1775 2584 ὡς
1800 2517 1871 2594 ἦν
1918 2526 2045 2577 τότε

468 2605 817 2675 μνησάμενος
852 2605 1093 2678 (καὶγὰρ
1117 2609 1209 2661 τὸν
1247 2610 1347 2677 μὲν
1374 2608 1539 2665 Ἀσάν
1568 2614 1701 2684 παρ’
1724 2615 1904 2687 ἐαυτῷ
1928 2613 2043 2689 εἷχε

461 2695 797 2777 καθήμενον,
834 2699 1090 2770 Λαχανᾶν
1126 2699 1307 2755 δὲκαὶ
1353 2703 1444 2757 τὸν
1474 2704 1642 2758 αὐτοῦ
1691 2712 2044 2780 πρωτοστρά-

460 2805 596 2858 tropa
610 2788 997 2860 Τζασίμπαξιν
1014 2794 1328 2864 κατωτέρω,
1344 2794 1484 2867 πλὴν
1499 2797 1584 2868 ἐφ’
1596 2798 1853 2874 ἑκάτερα)
1873 2820 2044 2873 προσ-

462 2880 658 2934 τάσσει
702 2882 815 2945 τοῖς
863 2882 1030 2938 αὐτοῦ
1078 2884 1533 2958 ἀπεριμερίμνως
1587 2888 1797 2960 οὕτως,
1854 2893 2046 2968 ὥσπερ

466 3057 770 3127 imperator
806 3059 952 3116 haud
983 3059 1261 3132 negligens
1307 3078 1399 3121 res
1437 3063 1773 3137 Bulgaricas.
1808 3069 2044 3126 Asanem

466 3148 535 3204 ad
622 3149 832 3221 Nogam
898 3152 1150 3206 eumdem
1229 3154 1397 3209 mittit
1454 3171 1581 3211 cum
1653 3155 1819 3230 467
1886 3162 2047 3218 donis

464 3243 743 3313 plurimis,
794 3244 1055 3311 majorem
1105 3245 1161 3299 in
1218 3247 1441 3303 modum
1489 3264 1688 3321 rogans
1728 3270 1796 3307 ne
1845 3257 2048 3313 auxilio

2135 750 2281 825 εἶχεν
2315 759 2521 819 ἐκεῖνος
2554 755 2889 826 καθήμενος.
2921 755 3032 809 Καὶ
3071 754 3163 808 τὸν
3192 754 3290 823 μὲν
3319 754 3516 815 είπεῖν,
3553 770 3576 804 ι
3617 742 3737 803 Οὗ-

2132 865 2224 911 τος
2254 846 2447 919 ἐχθρός
2476 848 2594 901 ἐστι
2646 847 2739 901 τοῦ
2771 848 2979 917 πατρός
3031 863 3131 916 μου
3169 846 3453 917 βασιλέως,
3488 845 3597 899 καὶ
3628 843 3738 913 ζῇν

2134 942 2269 1005 ὅλως
2300 942 2399 995 οὔκ
2434 941 2605 1006 ἄξιος,
2644 941 2780 996 ἀλλὰ
2810 940 3133 1012 τέμνεσθαι,
3175 959 3193 992 ι
3234 939 3476 1002 ἐκείνους
3506 938 3559 992 δ’
3595 934 3737 1002 ἑξα-

2134 1035 2369 1098 πιναίως
2400 1034 2771 1106 κατασχόντας
2801 1034 2899 1099 τὰς
2930 1037 3117 1107 χεῖρας
3148 1033 3498 1105 ἑκατέρωθεν
3520 1030 3741 1101 μάχαι-

2138 1146 2239 1199 ραν
2277 1128 2534 1200 ἐμϐαλεῖν
2569 1127 2648 1196 τῷ
2682 1129 2924 1200 φάρυγγι
2972 1129 3067 1183 καὶ
3102 1127 3350 1195 φονεύειν
3404 1127 3601 1179 ἐκεῖσε
3630 1140 3740 1175 πε-

2137 1220 2320 1272 σόντα.
2355 1212 2469 1270 Εἶτ’
2504 1213 2664 1280 αὖθις
2702 1218 2798 1271 καὶ
2833 1218 2925 1272 τὸν
2953 1214 3340 1288 Τζασίμπαξιν
3374 1216 3742 1284 θεασάμενον

2138 1310 2440 1380 προστάξαι
2476 1309 2575 1380 μέν
2599 1309 2721 1363 κατ’
2747 1309 2955 1363 ἐκείνου
2988 1309 3058 1362 τὰ
3088 1309 3361 1383 χείριστα,
3397 1309 3493 1362 καὶ
3521 1308 3596 1378 δὴ
3637 1307 3746 1360 κά-

2138 1409 2314 1462 κεῖνον
2343 1405 2506 1467 εὐθὺς
2557 1405 2788 1458 κτείνειν
2821 1403 2912 1457 τὸν
2942 1403 3226 1474 ὑπηρέτην
3248 1443 3261 1466 ,
3302 1402 3622 1473 ἐμϐαλόντα
3656 1400 3742 1467 τῷ

2137 1502 2326 1570 αὐχένι
2358 1498 2581 1553 κοπίδα.
2633 1496 2768 1549 Τότε
2807 1496 2900 1550 καὶ
2931 1498 2959 1549 ὁ
3001 1495 3168 1550 Ἀσὰν
3210 1495 3422 1566 βλέπων
3451 1495 3598 1566 πρὸς
3633 1493 3741 1561 τὴν

2141 1591 2270 1646 θέαν
2298 1592 2435 1655 ὅλως
2462 1591 2843 1659 ἀποπέπηκτο,
2900 1589 2996 1643 καὶ
3033 1589 3162 1659 περὶ
3200 1590 3379 1659 ἐαυτῷ
3406 1588 3578 1659 φόϐον
3615 1583 3742 1655 εἶχε

2138 1686 2229 1740 τὸν
2261 1686 2539 1757 μέγιστον,
2582 1685 2685 1740 κᾶν
2708 1686 2776 1739 τὰ
2800 1685 2963 1755 ὃμοια
2991 1685 3243 1748 κάκεῖνος
3278 1683 3401 1738 τότε
3432 1680 3738 1745 πεπόνθει,

2141 1781 2189 1833 εί
2221 1781 2295 1849 μή
2328 1781 2450 1848 γεὴ
2504 1777 2828 1849 Εὐφροσΰνη
2884 1777 3365 1849 περιποιησαμένη
3425 1776 3741 1847 ἀπέπεμπε

2144 1873 2264 1941 μετ’
2291 1871 2493 1940 ὀλίγον.
2531 1870 2692 1925 Ἀλλὰ
2713 1869 2887 1926 ταῦτα
2915 1870 3014 1942 μὲν
3039 1872 3097 1934 ἐς
3126 1868 3405 1956 τοσοῦτον.

2149 2034 2214 2090 κ’.
2241 2035 2443 2101 Ὅπως
2468 2032 2855 2104 ἐκστρατεύει
2898 2034 2933 2086 δ
2980 2028 3283 2104 ,βασιλεὺς
3344 2028 3741 2098 Ἀνδρόνικος

2704 2106 2793 2170 είς
2818 2102 3178 2170 Ἄνατολήν.

2231 2243 2291 2296 Ὀ
2332 2240 2390 2295 δὲ
2421 2239 2674 2312 βασιλεὺς
2704 2238 2798 2294 καὶ
2828 2235 2993 2292 πάλιν
3030 2237 3101 2292 τὰ
3150 2236 3293 2292 κατὰ
3322 2235 3424 2308 τὴν
3460 2235 3737 2306 ἀνατολὴν

2148 2336 2407 2395 νοσοῦντα
2435 2333 2644 2405 μαθὼν,
2673 2332 2731 2399 ἐξ
2763 2333 2886 2386 ὅτου
2938 2347 3050 2402 περ
3090 2332 3120 2386 ό
3168 2332 3444 2403 δεσπότης
3475 2330 3738 2403 Ἰωάννης

2149 2430 2207 2497 ἐξ
2236 2427 2537 2497 ἀνθρώπων
2565 2425 2804 2494 γεγονὼς
2828 2424 3140 2496 ἐκεχειρίαν
3163 2426 3428 2496 παρεῖχεν
3458 2425 3520 2487 ἐς
3542 2421 3736 2477 τοσοῦ-

2149 2540 2240 2577 τον
2277 2522 2515 2591 Πέρσαις
2565 2499 2707 2573 ὥστε
2751 2518 2847 2572 καὶ
2881 2519 3086 2590 ίσχύειν
3134 2508 3434 2588 Ῥωμαίοις
3490 2514 3734 2570 ἐπιτίθε-

2152 2597 2401 2689 σθαίκαὶ
2447 2612 2655 2668 κακοῦν
2688 2613 2778 2680 (τὰ
2816 2612 2927 2682 γὰρ
2977 2611 3119 2667 κατὰ
3148 2611 3461 2680 Μαίανδρον
3494 2611 3585 2665 διαὶ
3613 2611 3731 2665 Ka-

2152 2705 2275 2778 ρίαν
2324 2704 2419 2759 καὶ
2463 2704 2797 2773 ’Δντιόχειαν
2848 2703 2948 2774 ἤδη
2984 2704 3080 2756 καὶ
3129 2702 3536 2774 τετελευτήκει,
3567 2701 3637 2753 τὰ
3674 2699 3733 2753 δέ

2149 2797 2353 2854 τούτων
2381 2798 2474 2853 καὶ
2517 2797 2603 2870 IP.
2644 2795 2773 2870 521]
2804 2796 2884 2851 ἔτι
2916 2794 3180 2866 ἐνδοτέρω
3208 2796 3400 2859 δεινῶς
3459 2794 3731 2866 ἐξησθένει

2150 2892 2247 2948 καὶ
2279 2890 2374 2947 τοῦ
2405 2889 2782 2964 ίατρεύσοντος
2811 2887 3061 2964 ἔχρῃζον,
3096 2890 3193 2945 καὶ
3217 2889 3506 2962 ἡλίσκοντο
3535 2887 3636 2960 μέν
3667 2888 3734 2942 τὲ

2152 3068 2485 3125 convivium.
2518 3067 2719 3125 Pocula
2750 3084 2999 3140 eousque
3040 3068 3461 3140 frequentantur
3500 3076 3560 3124 ut
3595 3067 3729 3125 ebrii

2148 3158 2260 3228 jam
2288 3161 2474 3216 cuncti
2494 3160 2583 3215 vix
2612 3170 2793 3216 mente
2815 3170 3157 3219 constarent.
3183 3160 3339 3217 Tunc
3372 3161 3558 3217 subito
3578 3160 3727 3230 quasi

2152 3268 2183 3307 e
2204 3268 2399 3308 somno
2429 3255 2815 3324 expergiscens
2830 3255 3042 3337 glogas.
3080 3263 3133 3309 et
3160 3253 3427 3323 ancipites
3459 3249 3584 3308 illas
3618 3253 3726 3307 fru-

467 3336 1355 3444 destitutunt.sineretlegitimum
1387 3350 1441 3395 et
1470 3340 1593 3412 jure
1624 3346 1841 3414 generis
1876 3347 2047 3407 δίει-ε-
2077 3385 2120 3444 C
2154 3344 2470 3409 strationes,
2503 3346 2705 3416 quibus
2748 3362 2805 3400 se
2848 3362 3008 3401 usum
3055 3346 3323 3400 hactenus
3369 3345 3689 3399 meminerat
3711 3382 3726 3405 .

468 3428 672 3484 ditario
720 3429 982 3483 nitentem
1036 3428 1396 3500 Bulgarorum
1454 3450 1633 3507 regem
1657 3478 1672 3504 ,
1727 3439 1833 3510 ipsi
1882 3444 2051 3516 Noga:
2082 3428 2120 3444 ν
2154 3438 2406 3493 decidere
2429 3437 2723 3503 aliquando
2752 3436 2945 3491 volens
2975 3436 3029 3490 in
3065 3434 3306 3503 favorem
3351 3435 3554 3489 Asanis
3597 3434 3728 3489 lorte

468 3519 628 3591 quasi
659 3519 901 3574 fraterna
937 3522 1340 3577 necessitudine
1362 3524 1697 3596 devinctum,
1735 3534 1881 3601 quod
1919 3553 2052 3592 uxo-

471 3627 563 3667 res
588 3612 783 3667 Asanis
811 3622 864 3667 et
891 3610 1050 3681 Nogve
1082 3629 1303 3670 sorores
1330 3627 1543 3680 essent;
1577 3635 1748 3690 quare
1772 3625 2050 3684 hominem

468 3709 585 3761 tam
617 3703 811 3758 intima
848 3702 951 3759 sibi
991 3703 1521 3777 aiIinitatejunctum
1556 3726 1658 3780 ope
1685 3713 1859 3784 ipsius
1883 3734 2052 3788 egen-

476 3806 589 3852 tem
628 3798 825 3867 juvare
863 3813 931 3852 ne
961 3811 1281 3868 graveretur
1323 3800 1379 3856 in
1430 3806 1809 3871 recuperando
1851 3808 2056 3879 injuste

474 3889 658 3947 ablato
693 3889 1023 3960 principatu.
1056 3887 1238 3962 Nogas
1267 3891 1383 3961 jam
1413 3905 1573 3950 antea
1608 3898 1915 3955 venientem
1950 3900 2055 3956 La—

475 3985 710 4042 chanant
752 3983 1066 4039 humaniter
1091 3998 1413 4056 exceperat;
1443 3988 1677 4046 Asanem
1712 3966 1931 4065 quoque
1960 4011 2056 4066 po-

478 4077 681 4134 sterius
740 4078 1027 4146 appulsum
1090 4077 1322 4150 benigne
1367 4081 1613 4139 admisit.
1657 4085 1925 4141 Creterum
1967 4088 2057 4143 ille

480 4171 691 4241 accepit
722 4170 940 4240 quidem
988 4169 1277 4242 utriusque
1323 4188 1585 4242 munera,
1637 4192 1883 4233 aerumna
1928 4196 2059 4237 vero

483 4278 641 4334 teque
672 4262 864 4317 ambos
909 4261 1177 4317 immensa
1231 4263 1559 4331 cumulavit,
1596 4265 1849 4323 detinens
1895 4269 2060 4324 simul

482 4365 779 4424 utrumque
816 4354 1004 4425 perdiu
1043 4364 1099 4411 et
1136 4371 1322 4411 secum
1358 4372 1688 4429 quocunque
1741 4361 2062 4418 circumdu-

485 4464 636 4506 cens.
671 4446 826 4505 Unus
858 4447 1150 4517 utriusque
1182 4447 1471 4519 legationis
1509 4465 1711 4521 scopus
1738 4463 1856 4506 erat
1891 4453 2063 4524 impe-

488 4552 636 4598 trare
661 4541 866 4597 auxilia
894 4549 1083 4597 contra
1123 4539 1406 4597 Terterem
1445 4558 1792 4600 communem
1847 4548 2060 4601 hostem

488 4634 802 4705 amborum,
834 4648 864 4688 a
893 4648 952 4690 se
986 4632 1217 4688 invicem
1252 4649 1360 4689 non
1413 4634 1584 4691 levius
1629 4653 1794 4708 quam
1837 4639 1906 4694 ah
1945 4638 2064 4709 ipso

2154 3544 2282 3588 tunc
2325 3535 2426 3588 sibi
2474 3534 2541 3588 ad
2594 3532 2736 3586 latus
2778 3529 3073 3585 assislentis
3099 3527 3364 3583 'finferius
3398 3540 3609 3590 autem,
3638 3528 3724 3581 sed

2153 3622 2385 3678 invicem
2437 3623 2651 3678 adversi
2687 3621 2815 3676 hinc
2848 3604 3168 3686 Laelianas,
3216 3619 3345 3675 inde
3377 3628 3731 3690 protostratnr

2157 3715 2317 3783 hujus
2341 3712 2717 3784 Tzasimpaxis
2738 3712 3128 3783 consederant)
3163 3713 3401 3781 imperat
3436 3707 3606 3782 468
3628 3710 3734 3765 ειιίε

2157 3804 2453 3875 tranquille
2494 3820 2558 3858 ac
2585 3802 2745 3874 quasi
2774 3801 2907 3856 nihil
2942 3810 3188 3865 acturus,
3219 3799 3523 3868 corripiant
3555 3814 3736 3853 secure

2158 3898 2589 3960 recumbentem,
2632 3903 2858 3959 uterat,
2895 3892 3243 3958 Lachanam;
3285 3891 3450 3959 idque
3480 3890 3612 3945 dum
3662 3890 3734 3945 illi

2157 3999 2346 4058 agunt,
2368 3989 2499 4045 dicit
2525 4005 2543 4044 :
2575 4007 2593 4040 ι
2618 3985 2721 4043 Hie
2750 3986 2925 4042 hostis
2946 3993 3030 4040 est
3051 3981 3396 4054 imperatoris
3418 3983 3593 4054 patris
3617 3982 3734 4047 mei,

2159 4090 2210 4135 et
2243 4080 2403 4150 plane
2431 4079 2687 4150 indignus
2715 4078 2808 4147 qui
2845 4076 3027 4130 vivere
3052 4075 3287 4138 sinatur;
3322 4091 3340 4124 ι
3380 4088 3505 4143 qua:
3535 4071 3611 4125 illi
3642 4086 3737 4124 au-

2160 4158 2370 4227 dientes
2394 4170 2662 4241 correptis
2685 4166 2922 4223 infelicis
2951 4166 3208 4233 utrinque
3235 4163 3489 4219 manibus
3510 4163 3736 4217 cultrum

2162 4264 2217 4321 in
2265 4263 2518 4336 jugulum
2557 4262 2870 4324 demittunt,
2924 4267 2978 4312 et
3027 4272 3151 4311 mox
3210 4256 3411 4311 ibidem
3462 4254 3740 4309 cadentem

2163 4364 2414 4415 enecant.
2452 4356 2684 4410 Iteratur
2715 4367 2841 4406 mox
2871 4350 3046 4405 ferum
3091 4346 3381 4418 imperium
3418 4347 3474 4401 in
3506 4344 3746 4402 Tzasim-

2165 4451 2350 4523 paxim
2385 4464 2453 4504 ex
2482 4444 2714 4501 adverso
2742 4452 3108 4514 spectantem,
3137 4439 3231 4512 qui
3265 4439 3503 4509 impacta
3544 4438 3598 4492 in
3632 4439 3744 4507 ejus

2166 4544 2434 4601 cervicem
2467 4555 2628 4594 manu
2664 4536 2917 4592 satellitis
2943 4535 3124 4591 securi
3154 4531 3483 4587 trucidatur.
3512 4529 3742 4599 'l‘ragieo

2170 4634 2484 4706 spectaculo
2516 4629 2805 4702 perculsus
2834 4627 2979 4684 Asan
3016 4625 3123 4681 sibi
3174 4622 3659 4678 vehementissime
3687 4620 3746 4673 ti-

486 4726 710 4781 Tertere
742 4725 1145 4781 dissidentium.
1178 4725 1314 4780 Cum
1353 4743 1482 4797 ergo
1510 4729 1586 4784 illi
1614 4746 1710 4800 pro
1743 4746 1803 4785 se
1833 4731 2067 4801 quisque
2101 4753 2141 4807 ο
2173 4727 2330 4791 tnuit,
2370 4740 2479 4778 non
2535 4722 2655 4777 sine
2705 4733 2870 4773 causa
2903 4735 2919 4775 :
2951 4731 3076 4770 nam
3112 4714 3264 4784 paria
3296 4720 3349 4766 et
3398 4711 3519 4781 ipse
3559 4724 3747 4781 passus

488 4816 710 4878 assidue
743 4815 1134 4871 contendentes
1156 4815 1299 4887 juris
1333 4819 1398 4872 ad
1447 4836 1673 4890 regnum
1710 4820 2062 4889 Bulgaricum

490 4910 575 4966 sui
596 4910 933 4964 firmamenta
955 4908 1277 4979 proferrent,
1302 4910 1666 4979 disceptantes
1697 4922 1748 4967 et
1771 4913 1927 4984 quasi
1966 4913 2070 4969 sub

490 5003 673 5076 judice
694 5017 914 5057 causam
939 5012 1257 5072 perorantes
1281 5005 1578 5074 propriam,
1600 5006 1688 5059 ille
1711 5007 1791 5061 sic
1813 5008 2072 5061 audiebat.

496 5104 556 5147 ut
584 5093 909 5148 sententiam
932 5093 1212 5164 expediret
1234 5111 1536 5163 nunquam,
1566 5095 1775 5150 infinita
1801 5112 1895 5151 eos
1920 5113 2070 5152 mora

494 5185 874 5255 suspentleret,
912 5184 1129 5254 utrique
1158 5202 1215 5240 se
1246 5197 1427 5241 tamen
1463 5203 1560 5256 per
1587 5188 1732 5241 vices
1764 5189 2070 5255 vcnditans,

494 5287 548 5331 et
575 5278 738 5330 modo
756 5275 880 5329 httie
909 5275 1068 5330 modo
1101 5277 1252 5329 alteri
1286 5279 1627 5346 promittens,
1661 5280 1875 5333 miseris
1898 5296 2074 5348 quan-

500 5370 751 5424 tumlibet
782 5369 967 5426 invitis
1006 5369 1376 5441 adhlantilms.
1407 5385 1580 5439 eoque
1611 5371 1782 5441 magis
1812 5387 1869 5427 se
1897 5372 2073 5426 obno-

501 5462 622 5517 sius
657 5462 1026 5531 prtelwntibus
1073 5462 1139 5518 ad
1194 5474 1363 5518 nutus
1414 5465 1537 5532 ejus
1580 5480 1794 5529 omnes,
1829 5482 1936 5535 quo
1986 5466 2076 5518 ille

503 5555 709 5612 alterna
739 5557 1107 5613 ostentatione
1152 5558 1353 5612 favoris
1403 5567 1495 5611 aut
1539 5557 1680 5611 taedii
1722 5558 1974 5627 spvrandi
2008 5557 2078 5611 ti-

2172 4828 2337 4882 esset,
2391 4817 2443 4871 ni
2495 4827 2623 4871 tunc
2667 4809 3411 4883 Euphrosynesinterventu
3469 4821 3534 4858 ac
3576 4803 3749 4859 studio

2170 4921 2439 4972 servatus,
2475 4907 2635 4975 paulo
2674 4914 2799 4976 post
2828 4900 3121 4958 incolumis
3151 4897 3414 4954 dimissus
3458 4905 3629 4950 esset.
3663 4896 3749 4949 At-

2169 5018 2276 5072 que
2307 5004 2421 5056 hazc
2448 4999 2666 5071 quidem
2699 5012 2759 5052 se
2794 4995 2848 5050 in
2886 4994 3030 5048 hunc
3060 4990 3282 5045 modum
3316 4987 3580 5043 habuere.

2204 5142 2296 5197 20.
2341 5139 2628 5204 Expeditio
2652 5133 2990 5205 imperatoria
3012 5130 3307 5186 Andronici
3334 5130 3388 5183 in
3422 5129 3714 5184 Orientem.
3748 5176 3757 5177 ,

2246 5280 2314 5332 At
2347 5277 2663 5346 imperator,
2694 5278 2979 5341 comperto
3018 5268 3271 5322 laborare
3304 5279 3393 5319 res
3428 5262 3749 5323 Orientales,

2175 5384 2239 5423 ex
2273 5383 2383 5436 quo
2422 5365 2635 5418 sublato
2667 5377 2732 5416 ex
2781 5358 3038 5415 humanis
3066 5354 3276 5411 Joanne
3333 5353 3564 5422 despota
3618 5352 3748 5408 delu—

2177 5460 2318 5515 ciam
2354 5466 2556 5512 tantam
2590 5453 2771 5509 Persae
2804 5456 3175 5519 sumpserant,
3217 5456 3276 5501 ut
3310 5461 3417 5499 non
3453 5443 3619 5500 modo
3649 5457 3746 5495 non

2180 5552 2499 5607 dubitarent
2553 5547 2699 5601 ultro
2748 5546 3025 5599 Romanos
3079 5538 3357 5601 invadere,
3409 5538 3505 5591 sed
3552 5534 3746 5607 passim

506 5647 800 5716 tuendique
830 5649 1093 5703 miscebat
1139 5662 1334 5703 causas
1380 5646 1677 5702 artiﬁcioso
1724 5626 1937 5701 intextu
1966 5687 1980 5709 ,
2026 5657 2081 5702 et
2183 5646 2319 5700 fines
2361 5654 2552 5696 eorum
2584 5635 3268 5693 incursando'vastarent.
3303 5627 3576 5696 Regiones
3608 5626 3745 5680 circa

508 5740 879 5794 communium
910 5752 1155 5795 veterum
1207 5741 1539 5797 accendebat
1569 5740 1779 5810 cupidis
1823 5739 2077 5809 pretium.

511 5833 668 5890 llunc
693 5837 909 5891 tandem
933 5836 1136 5890 exitum
1171 5851 1258 5891 res
1301 5835 1491 5889 habuit
1517 5845 1637 5905 post
1664 5835 2077 5900 suspensionem

512 5927 853 5982 diuturnam.
909 5925 1143 5982 Sedebat
1201 5926 1265 5981 ad
1317 5940 1560 5978 mensam
1607 5923 1902 5995 aliquando
1956 5938 2079 5977 cum

516 6016 730 6087 hospite
765 6029 997 6088 utroque
1017 6016 1215 6088 Negas.
1241 6015 1556 6073 Celcbratur
1593 6014 1862 6069 hilaritate
1889 6031 2080 6087 magna

2182 5733 2514 5790 Maeandrum
2541 5738 2594 5785 et
2620 5726 2837 5783 Cariam
2856 5733 2911 5779 et
2932 5722 3277 5777 Antiochiam
3297 5720 3409 5788 jam
3444 5719 3604 5789 plane
3633 5731 3747 5786 per-

2183 5828 2400 5882 ierant:
2461 5821 2554 5875 sed
2598 5830 2652 5873 et
2679 5818 2764 5871 his
2795 5816 2974 5870 adhuc
3002 5813 3265 5868 interiora
3295 5812 3530 5880 graviter
3563 5806 3750 5862 debiit~

2186 5927 2296 5973 tata
2332 5914 2608 5984 jacebant.
2650 5908 2848 5964 medici
2890 5903 3234 5975 sospitaloris
3268 5918 3373 5973 ope
3414 5902 3748 5955 vehementer

2188 6008 2422 6083 egentia.
2445 6004 2850 6075 Diripiehantur
2879 5999 3058 6055 vicina
3083 5996 3314 6066 Caystro
3332 6004 3385 6050 et
3404 5992 3611 6048 Priena:
3633 5990 3741 6045 lora
