3964 6534
189 278 293 344 929

1145 273 1241 335 DE
1271 267 1668 334 MICHAELE
1708 264 2172 328 PALEOLOGO
2210 265 2358 328 LIB.
2399 264 2501 328 Vi.

188 395 325 451 κατὰ
351 392 628 462 Κάϋστρον
661 388 754 442 καὶ
781 387 1044 459 Πριήνην,
1071 386 1355 456 ἡλίσκοντο
1375 383 1420 437 δ’
1443 382 1545 455 ήδη
1566 381 1659 435 καὶ
1689 381 1758 432 τά
1785 382 1834 439 Α
1859 377 2094 448 ἥπτοντο
2122 377 2217 429 καὶ
2234 375 2582 447 προῦκοπτον
2618 375 3120 460 ἀνοικοδομοῦντες,
3149 373 3248 444 τὴν
3265 345 3353 436 είς
3385 367 3448 427 τ’)

184 487 321 543 κατά
349 484 600 552 Μίλητον,
629 483 722 536 καὶ
753 479 1020 547 Μαγεδὼν
1071 477 1265 544 καὶτὰ
1292 477 1588 547 πρόσχωρα
1612 474 1755 526 κατὰ

183 578 378 649 πολλὴν
407 575 502 629 τοῦ
541 574 874 634 κωλύσοντος
900 570 1137 642 ἐρημίαν
1183 566 1614 638 ἐξηφανίζοντο),
1645 567 1756 620 δεῖν

182 671 424 740 ἓγνωτὺν
452 669 569 722 υἱὸν
595 665 759 722 αὑτοῦ
786 668 879 718 καὶ
910 664 1140 736 βασιλέα
1167 664 1507 731 Ἀνδρόνικον
1543 663 1756 731 σύναιμα

183 765 274 818 καὶ
304 763 415 822 ταῖς
449 759 570 813 κατ’
619 756 881 827 ἀνατολὴν
933 755 1196 826 δυνάμεσι
1257 755 1516 823 πέμπειν.
1556 752 1662 805 Καὶ
1696 753 1757 821 δὴ

185 849 566 922 παραγεγονὼς
629 849 746 917 ἅμα
799 845 1057 916 δεσποίνῃ
1123 845 1278 897 τάκεῖ
1301 842 1558 902 καθίστα.
1619 840 1759 909 ἔχων

183 946 316 1014 ἀμφ’
343 944 501 996 αὑτὸν
530 942 626 995 σὺν
659 941 873 1004 πολλοῖς
895 939 1076 1002 ἄλλοις
1135 938 1424 1008 μεγιστᾶσι
1453 935 1542 988 τόν
1569 952 1625 986 τε
1661 936 1758 1002 μέ·

182 1057 278 1106 γαν
306 1038 622 1107 δομέστικον
661 1035 881 1104 Μιχαὴλ
901 1034 993 1086 τὸν
1016 1032 1461 1102 Ταρχανειὼτην,
1494 1029 1552 1082 ὃν
1580 1028 1643 1097 δὴ
1667 1029 1760 1080 καὶ

184 1128 535 1195 Παλαιολόγον
567 1125 806 1195 ἔγραφον
842 1121 1281 1193 μητρωνυμικῶς
1321 1120 1416 1172 καὶ
1448 1121 1505 1180 ἐς
1541 1134 1758 1188 πρωτο-

181 1221 486 1291 δεστιαρίου
515 1221 716 1288 ἀνῆγον
767 1217 936 1287 τιμὴν
967 1215 1284 1284 ἐσύστερον,
1333 1213 1427 1267 καὶ
1455 1211 1546 1265 τὸν
1579 1226 1760 1278 παρα-

183 1315 515 1383 κοιμώμενον
535 1311 634 1382 τῆς
683 1310 922 1380 μεγάλης
954 1307 1249 1378 σφενδόνης
1279 1305 1611 1372 Νοστόγγον,
1667 1303 1762 1355 καὶ

184 1410 278 1460 σὺν
305 1406 486 1467 αὐτοῖς
506 1406 586 1457 ὅτι
619 1401 910 1464 πλείστους
942 1402 1008 1455 τά
1036 1403 1141 1452 τῶν
1165 1397 1422 1452 δουλειῶν
1453 1395 1760 1448 διευθύνον-

181 1515 292 1561 τας.
334 1495 399 1552 ’0
429 1496 485 1550 δὲ
511 1493 762 1566 βασιλεὺς
806 1492 1148 1562 Ἀνδρόνικος
1179 1491 1239 1544 τὸ
1267 1491 1421 1560 παρὰ
1449 1487 1760 1557 Μαίανδρον

180 1589 520 1660 διερχόμενος
571 1584 678 1641 εἶδε
713 1588 804 1640 καὶ⁸
836 1586 991 1640 πόλιν
1049 1585 1313 1654 μεγίστην
1351 1583 1447 1646 τὰς
1476 1581 1759 1652 Τράλλεις,

180 1682 273 1736 καὶ
315 1681 384 1753 δὴ
421 1679 562 1734 ἐάλω
591 1697 650 1732 τε
677 1681 796 1743 ταῖς
827 1677 923 1731 τοῦ
947 1678 1114 1730 τόπου
1165 1677 1376 1746 χάρισι,
1413 1674 1504 1727 καί
1536 1674 1584 1724 οἱ
1613 1672 1761 1738 λογι-

184 1774 312 1842 σμὸς
342 1773 503 1844 ἐπῄει
524 1771 827 1841 ἀνεγείρειν
858 1768 1130 1822 πεσοῦσαν
1159 1768 1387 1830 καὶτοὺς
1415 1765 1764 1836 ἐξῳκηκότας

181 1865 387 1920 ἐκεῖθεν
413 1865 510 1917 σὺν
536 1864 719 1926 ἀλλοις
741 1863 1016 1925 πλείστοις
1046 1860 1294 1925 οἰκίζειν,
1317 1862 1409 1912 καὶ
1440 1859 1762 1926 καταστάσῃ

184 1961 444 2031 παρέχειν
473 1960 533 2012 τὸ
574 1960 630 2026 ἐξ
661 1959 826 2013 αὑτοῦ
860 1958 1052 2028 ὄνομα,
1095 1958 1169 2019 ὡς
1197 1956 1562 2026 μὴΤράλλεις
1587 1953 1767 2007 ἐντεῦ-

182 2055 266 2106 θεν
287 2094 302 2118 ,
333 2054 452 2106 ἀλλ’
475 2051 955 2124 Ἀνδρονικόπολιν
999 2050 1097 2104 εἰτ’
1130 2049 1220 2102 οὖν
1272 2047 1766 2114 Παλαιολογόπολιν

181 2146 566 2218 ὀνομάζεσθαι.
602 2145 846 2214 Σπουδὴν
880 2142 1009 2211 γοῦν
1037 2142 1133 2212 τὴν
1169 2141 1434 2211 μεγίστην
1465 2141 1592 2209 περὶ
1620 2139 1768 2191 ἐκεί-

181 2255 271 2304 νην
305 2238 521 2306 εἰσῆγε,
561 2237 654 2288 καὶ
711 2234 803 2286 τὸν
864 2234 1039 2304 μέγαν
1087 2232 1409 2300 δομέστικον
1464 2232 1768 2299 ἐπιστήσας

181 2331 548 2401 ἀνοικοδομεῖν
586 2328 804 2383 ἐκέλευε
832 2329 930 2398 τὴν
956 2329 1244 2398 ταχίστην.
1286 2326 1377 2390 Ὠς
1411 2325 1540 2394 γοῦν
1603 2325 1768 2396 ἔργου

186 2507 506 2563 ferebantur
542 2506 709 2561 etiam
748 2514 803 2559 et
849 2503 1158 2572 agebantur
1206 2501 1548 2572 quotitlianis
1582 2501 1772 2555 incur-

185 2604 423 2658 santium
464 2603 662 2672 praedis
697 2600 943 2656 Milesius
978 2614 1108 2670 ager
1139 2608 1194 2653 et
1224 2597 1511 2668 Magetlon,
1540 2611 1772 2667 qumque

185 2697 264 2752 bis
297 2697 507 2760 aﬂinia,
551 2697 609 2749 in
638 2709 856 2751 summa
903 2691 1262 2748 destitutione
1294 2690 1456 2760 pransi
1479 2689 1537 2742 lii
1590 2688 1774 2742 omnis

209 2789 411 2860 njuriis
444 2789 682 2844 hostium
717 2785 987 2857 exposita.
1037 2783 1176 2839 Cum
1219 2784 1352 2845 haec,
1386 2782 1633 2852 inquam,
1661 2781 1775 2836 Au-

184 2902 380 2956 gustus
409 2895 710 2956 reputaret,
744 2883 1060 2939 faciendum
1097 2881 1204 2935 sibi
1253 2880 1448 2936 statuit
1500 2887 1562 2934 ut
1599 2878 1772 2933 ﬁlium

184 2996 342 3036 suum
378 2987 434 3033 et
461 2978 516 3032 in
546 2976 780 3047 imperio
805 2975 1073 3044 collegam
1098 2971 1470 3025 Andronicum
1502 2985 1569 3024 eo
1596 2970 1776 3024 mitte-

1799 1735 1836 1788 Β

1860 473 2044 522 πονεῖν
2078 468 2385 539 προθυμίαν
2410 469 2505 523 καὶ
2534 468 2736 540 μᾶλλον
2761 457 2983 538 ἐπηύξεί
3011 469 3258 539 χρησμὸς
3292 465 3450 537 εὑρε-

1861 561 1973 623 θεὶς
2004 562 2184 612 ἐκεῖσε
2211 561 2667 632 ’ἐγγεγραμμένος
2706 564 2984 632 μαρμάρῳ
3015 561 3089 622 ὡς
3121 561 3281 628 δῆθεν
3307 565 3447 614 ἁνα-

1862 653 2153 724 στήοοντός
2216 671 2363 716 τινος
2421 653 2623 721 ταύτην
2701 655 2973 707 πεσοῦσαν
3037 655 3132 708 καὶ
3196 657 3332 724 πρδς
3389 654 3450 706 τὸ

1860 753 2108 817 κρεῖττον
2141 749 2172 820 ἢ
2226 750 2490 820 πρότερον
2530 751 2915 815 ἐπανάξοντος.
2955 754 3049 814 Ὃς
3077 754 3140 820 δὴ
3175 753 3269 804 καὶ
3298 769 3450 819 παρ-

1860 842 2108 913 εμφερὴς
2159 841 2321 912 ἐῴκει
2381 844 2515 911 πρός
2561 861 2618 896 τε
2681 847 2750 897 τὰ
2829 847 3178 915 πραττόμενα
3232 847 3325 896 καὶ
3361 845 3452 896 τὸν

1865 934 2246 1002 ἀναστήσοντα
2303 937 2442 987 κατὰ
2472 935 2672 997 πάντα,
2732 934 2861 987 ὥστ’
2923 935 3083 986 αὑτὸν
3137 935 3451 1000 λογίζεσθαι

1863 1024 2086 1093 βασιλέα
2116 1026 2232 1078 καθ’
2266 1025 2324 1078 ὃν
2363 1022 2423 1078 εὖ
2455 1027 2685 1095 πράξειν
2716 1027 3179 1098 ἐχρησμολογεῖτο
3215 1028 3314 1096 τὴν
3347 1024 3450 1078 πό-

1861 1116 1962 1169 λιν.
2000 1119 2105 1170 Καὶ
2147 1118 2236 1172 διὰ
2265 1117 2441 1172 ταῦτα
2470 1120 2637 1180 πολὺς
2680 1115 2748 1189 ἦν
2801 1119 3144 1189 Ἀνδρόνικος
3198 1118 3452 1189 βασιλεὺς

1862 1207 2207 1260 ἐπισπεύδων
2232 1210 2330 1279 τὴν
2358 1210 2458 1277 τῆς
2508 1211 2715 1272 πόλεως
2745 1210 3104 1274 ἐξανάστασιν
3134 1227 3144 1236 ·
3178 1210 3448 1280 εἱμαρμέ-

1862 1320 1985 1364 νους
2013 1304 2106 1354 καὶ
2147 1302 2254 1369 γὰρ
2280 1304 2506 1373 χρόνους
2548 1304 2716 1356 ἐδίδου
2749 1304 2826 1371 τῷ
2853 1305 3217 1372 ἀναστήσοντι
3249 1306 3276 1356 ό
3308 1320 3453 1372 χρη-

1865 1395 2022 1464 σμός.
2063 1394 2172 1447 Καὶ
2194 1397 2574 1464 ἀνῳκοδόμουν
2613 1394 2782 1464 μηδὲν
2843 1395 3148 1463 μέλλοντες.
3185 1397 3363 1462 Χλεύη
3403 1395 3453 1448 δ’

1862 1486 1949 1556 ἄρ’
1976 1481 2115 1556 ἦσαν
2151 1485 2245 1536 καὶ
2290 1485 2499 1554 ὄνειρος
2541 1486 2607 1537 τὰ
2659 1487 3013 1556 γραφόμενα·
3068 1487 3296 1556 εἵμαρτο
3342 1486 3454 1556 γὰρ

1862 1576 2157 1631 κάντεῦθεν
2185 1577 2280 1629 καὶ
2312 1576 2644 1646 μυριοστύας
2659 1579 2785 1640 ὅλας
2802 1577 3018 1630 ὀλέσθαι
3047 1578 3154 1630 τῶν
3177 1579 3300 1630 ἐκεῖ
3319 1596 3452 1632 κατ-

1865 1671 2223 1740 οικησάντων,
2272 1671 2347 1732 ὼς
2380 1673 2406 1723 ὁ
2447 1671 2602 1737 λόγος
2638 1672 2738 1741 ἤδη
2770 1671 3025 1739 δηλώσει.
3075 1671 3162 1733 Ὠς
3194 1670 3304 1740 γὰρ
3338 1673 3457 1724 ἀνίε-

1869 1779 2066 1815 σταντο
2100 1763 2198 1832 μὲν
2235 1763 2303 1814 τὰ
2340 1763 2494 1832 τείχη
2549 1765 2641 1815 καὶ
2700 1764 2855 1824 πόλις
2913 1763 3022 1815 τῶν
3063 1768 3339 1832 μεγίστων
3394 1766 3458 1817 τὸ

1867 1851 2108 1918 ἐρείπιον
2139 1846 2204 1922 ἧν
2237 1853 2386 1920 παρὰ
2419 1850 2628 1922 γαληνὰ
2670 1853 2862 1921 ῥέοντα
2895 1854 3228 1923 Μαίανδρον,
3259 1856 3366 1906 ἔδει
3401 1857 3458 1908 δέ

1869 1943 1963 1993 καὶ
2022 1943 2146 2003 τοὺς
2187 1945 2616 2012 κατοικήσοντας
2678 1944 3020 2013 πανταχόθεν
3079 1945 3454 2014 συλλέγεσθαι,

1870 2033 1943 2094 ὡς
1973 2034 2038 2086 ἂν
2067 2032 2140 2103 μὴ
2166 2034 2324 2102 μόνον
2350 2036 2613 2105 τείχεσιν,
2641 2035 2775 2088 ἀλλὰ
2798 2039 2891 2090 καὶ
2927 2038 3188 2106 ἀνδράσιν
3217 2040 3273 2090 ἐν
3302 2056 3460 2109 περι-

1871 2125 2064 2195 φανέσι
2099 2129 2208 2179 τῶι
2256 2127 2463 2180 πόλεων
2511 2129 2820 2200 ἀριθμῴτο,
2848 2130 2924 2193 ὡς
2971 2133 3108 2202 ὑπὲρ
3163 2134 3461 2203 τριάκοντα

1875 2217 1974 2287 μὲν
2029 2224 2123 2270 καὶ⁸
2178 2218 2236 2282 ἓξ
2284 2220 2529 2289 χιλιάδας
2559 2223 2649 2274 τὸν
2677 2224 2785 2274 τῶν
2832 2225 3070 2277 ἐποίκων
3106 2226 3460 2294 ἀριθμεῖσθαι

1871 2310 2021 2377 λαὸν,
2058 2314 2269 2382 μεγάλα
2299 2314 2342 2366 δ’
2371 2315 2618 2379 ἐλπίζειν
2643 2319 2786 2387 σφᾶς
2820 2321 3047 2390 σχήσειν
3088 2320 3165 2389 τῷ
3199 2319 3459 2390 οἰκισμῷ.

1875 2497 2005 2551 lium
2067 2513 2405 2569 eversarum,
2453 2517 2574 2570 quae
2629 2507 2914 2560 commode
2965 2507 3017 2559 in
3081 2506 3462 2563 Andronicum

1875 2596 2071 2652 cadere
2103 2599 2436 2664 viderentur,
2481 2611 2539 2654 ut
2573 2617 2681 2656 non
2731 2612 3016 2673 putaretur
3067 2605 3294 2660 dubiqu
3332 2607 3463 2672 quin

1878 2689 1994 2744 haec
2027 2690 2141 2760 ipsa
2179 2706 2300 2760 quae
2335 2701 2464 2747 tunc
2497 2693 2828 2760 gerebantur
2860 2710 3019 2750 verus
3045 2705 3274 2751 eventus
3301 2697 3466 2752 ῖειὶυε

1877 2793 2062 2836 essent
2107 2781 2372 2846 vaticinii,
2409 2783 2654 2854 adeoque
2689 2786 2782 2854 qui
2815 2785 3004 2839 aderat
3047 2787 3298 2858 princeps
3321 2827 3337 2854 ,
3373 2789 3465 2841 ille

1877 2874 2037 2944 plane
2079 2873 2198 2943 ipse
2237 2875 2382 2930 foret
2411 2877 2571 2946 cujus
2609 2876 2774 2948 470
2829 2878 3150 2934 melioribus
3199 2881 3464 2951 auspiciis

1880 2969 2248 3038 reponendatn
2283 2967 2732 3024 inllorentiorem
2785 2988 2948 3041 quam
3007 2990 3249 3042 unquam
3301 2989 3461 3030 antca

183 3085 260 3129 ret
291 3087 425 3127 cum
477 3070 650 3140 cepiis
693 3079 916 3139 quanta:
955 3081 1051 3138 per
1088 3065 1419 3125 Orientales.
1449 3061 1616 3134 469
1647 3078 1775 3132 pro-
1803 3083 1846 3142 ρ
1879 3060 2157 3116 fortunam
2187 3063 2516 3132 prophetica:
2550 3064 2668 3119 ista:
2701 3065 2891 3119 litterze
2930 3065 3299 3136 spondebant.
3322 3067 3464 3126 Hinc

185 3167 398 3222 vincias
426 3173 606 3218 erant.
644 3161 692 3217 Is
741 3162 908 3231 igitur
952 3175 1019 3215 eo
1053 3173 1178 3214 cum
1211 3159 1458 3228 Augusta
1492 3157 1776 3226 profectus

187 3256 372 3324 lapsas
396 3253 474 3308 ibi
501 3268 589 3308 res
610 3251 920 3314 constituit,
955 3251 1159 3305 habens
1183 3248 1329 3304 circa
1357 3264 1416 3304 se
1441 3263 1566 3303 cum
1589 3248 1778 3302 multis

184 3352 305 3406 aliis
367 3363 658 3420 procerum
715 3360 974 3418 magnum
1037 3346 1401 3402 domesticum
1455 3342 1776 3397 Miclraelem

186 3439 612 3495 Tarcbaniotam
640 3480 656 3504 ,
687 3454 852 3509 quem
884 3438 941 3493 in
978 3435 1341 3507 Palaeologam
1381 3435 1776 3503 transcriptum

186 3545 405 3602 gentem
435 3549 467 3587 a
496 3543 671 3587 matre
707 3531 1138 3588 deuominabant
1165 3538 1220 3585 et
1257 3530 1314 3584 in
1366 3526 1778 3599 protovestiarii

186 3625 510 3695 dignitatem
542 3633 729 3693 postea
761 3634 1086 3678 erexerunt.
1118 3621 1323 3676 Aderat
1370 3634 1630 3688 praeterea
1675 3636 1776 3674 cu-

187 3727 296 3774 stos
327 3716 517 3787 magni
554 3715 721 3783 sigilli
752 3713 1069 3784 Nostongus
1095 3754 1111 3778 ,
1141 3723 1196 3767 et
1241 3728 1367 3769 cum
1402 3713 1540 3782 ipsis
1581 3728 1777 3782 quam-

187 3809 413 3880 plurimi
440 3809 578 3864 aulae
609 3808 929 3863 ministeriis
956 3805 1258 3877 fungentes.
1282 3806 1453 3862 Porro
1482 3806 1780 3874 imperator

187 3901 538 3956 Andronicus
591 3900 847 3970 regiones
891 3900 958 3954 ad
992 3899 1324 3953 Maeandrum
1371 3898 1610 3952 lustrans
1645 3896 1780 3950 vidit

187 3994 469 4048 civitatem
499 3992 629 4046 olim
660 3991 975 4055 maximam,
1013 3999 1142 4044 tunc
1175 4005 1419 4044 eversam
1462 3988 1692 4052 Tralles,
1721 3996 1776 4042 et

190 4088 290 4141 loci
315 4085 732 4155 opportunitate
755 4093 1020 4154 grataque
1050 4082 1368 4138 ammnitnte
1402 4094 1596 4151 captus
1623 4081 1776 4150 cogi-

190 4181 458 4235 tationem
501 4177 745 4246 suscepit
777 4176 901 4246 ejus
932 4174 1304 4230 restauranda:
1336 4173 1772 4244 frequentandi»

188 4290 295 4343 que
325 4270 658 4326 reducendis
685 4267 1022 4339 postliminio
1049 4265 1141 4336 qui
1163 4265 1389 4336 reperiri
1422 4265 1628 4332 uspiam
1654 4279 1776 4332 pns-

189 4373 308 4418 sent
340 4362 549 4417 dudum
575 4359 954 4416 exterminatis
985 4359 1147 4428 huius
1176 4358 1412 4422 civibus,
1444 4369 1499 4411 et
1528 4356 1652 4410 aliis
1680 4373 1776 4408 uu-

1881 3158 2091 3216 scilicet
2127 3159 2407 3214 animatus
2433 3159 2781 3216 Andronicus
2811 3161 3016 3216 multus
3047 3170 3166 3215 erat
3207 3163 3260 3216 in
3301 3179 3464 3233 opere

1882 3250 2146 3320 urgendo,
2194 3251 2409 3306 illectus
2457 3253 2694 3306 maxime
2738 3268 2834 3323 spe
2876 3253 3186 3323 longissimi
3233 3254 3358 3311 vita:
3399 3271 3465 3312 ac

1881 3342 2032 3410 regni
2069 3343 2252 3411 spatii,
2301 3343 2446 3412 quod
2495 3342 2758 3397 Trallium
2802 3344 3157 3400 instauratori
3209 3356 3331 3416 post
3368 3363 3466 3403 eas
3499 3367 3524 3380 ν

1881 3436 2166 3489 restitutas
2199 3435 2464 3490 divinitus
2507 3437 2578 3490 ibi
2611 3437 2854 3506 promitti
2888 3437 3194 3492 videbatur.
3235 3438 3470 3495 Summa

1879 3545 2010 3598 ergo
2034 3529 2390 3584 l'estinatioue
2416 3542 2728 3585 accuratum
2755 3548 2892 3600 opus
2913 3543 3018 3600 est,
3045 3545 3098 3588 et
3127 3544 3292 3590 tanta:
3314 3537 3473 3590 urbis-

1879 3621 2167 3676 ardilieatio
2197 3622 2350 3676 brevi
2381 3623 2640 3692 perfecta.
2676 3627 2744 3679 At
2776 3625 3072 3680 ludibrium
3107 3637 3160 3681 et
3189 3630 3473 3682 somnium

1878 3728 1943 3767 ea
1967 3711 2068 3767 fuit
2091 3713 2374 3781 inscriptio
2399 3731 2411 3765 :
2432 3713 2485 3767 id
2518 3717 2664 3768 enim
2697 3731 2821 3770 vere
2848 3715 3069 3769 demum
3096 3717 3149 3770 iu
3177 3716 3304 3772 fatis
3322 3732 3471 3783 erat,

1879 3817 2036 3875 prout
2098 3815 2290 3860 eventa
2347 3807 2838 3873 demonstrarunt,
2904 3809 3076 3862 multa
3141 3813 3470 3864 mortalium.

1882 3898 2069 3962 millia,
2096 3897 2190 3967 qui
2242 3912 2435 3953 recens
2476 3898 2643 3953 istlric
2689 3900 2968 3955 domicilia
3019 3901 3284 3966 lixissent,
3324 3904 3469 3957 male

1879 3992 2139 4060 peritura,
2171 3999 2331 4059 prout
2353 3991 2648 4060 contigisse
2677 4007 2800 4045 mox
2842 3993 3184 4046 docebimus.
3221 3991 3291 4047 Ut
3316 3993 3472 4047 cuius

1879 4095 2060 4139 erecta
2111 4101 2206 4154 per
2236 4085 2526 4140 circuitum
2567 4085 2765 4140 mantia
2815 4085 3056 4151 fuerunt,
3101 4102 3132 4141 e
3173 4087 3469 4157 parietinis

1878 4177 2119 4232 rediviva
2153 4178 2282 4232 urbs
2317 4179 2528 4232 exstitit
2557 4178 2816 4242 maxima,
2858 4179 2986 4247 ripae
3019 4179 3284 4234 insistens
3320 4195 3455 4249 prae-

1877 4268 2182 4324 terlluentis
2199 4271 2405 4339 placide
2423 4270 2703 4324 Maeandri.
2736 4270 2866 4325 Eam
2887 4287 3049 4341 porro
3079 4287 3143 4326 ue
3169 4272 3465 4328 structuris

1878 4367 2170 4433 censpicira
2207 4364 2339 4419 solis
2369 4363 2421 4417 iu
2457 4363 2762 4418 claritatem
2807 4380 2949 4420 novo
2979 4366 3253 4420 conditori
3299 4366 3469 4421 desti-

193 4457 490 4524 decunque
541 4452 608 4508 ad
660 4453 870 4521 justum
924 4450 1077 4505 urbis
1127 4464 1336 4518 magnae
1392 4449 1772 4518 complendum
1809 4455 1851 4510 D
1884 4468 2062 4510 natam
2087 4473 2194 4511 non
2220 4456 2606 4523 eﬂloresceret,
2645 4456 2983 4528 frequentari
3009 4459 3267 4512 nimirum
3294 4475 3463 4527 opor-

192 4564 484 4604 numerum
532 4544 817 4601 addendis.
870 4542 1119 4598 Decrevit
1162 4553 1343 4596 autem
1386 4541 1467 4596 sic
1513 4543 1778 4595 restitutae

189 4639 402 4694 civitati
435 4653 632 4692 nomen
665 4652 692 4689 a
730 4651 791 4690 se
836 4651 1036 4690 novum
1068 4635 1257 4689 indere
1287 4673 1302 4697 ,
1333 4646 1392 4687 ut
1424 4649 1530 4686 nou
1564 4631 1778 4688 Tralles

189 4733 477 4798 deinceps,
537 4729 630 4783 sed
661 4726 1122 4796 Andronicopolis
1181 4735 1278 4779 aut
1331 4724 1778 4795 Palmulogopolis

191 4833 506 4879 vocaretur.
557 4819 751 4874 Studio
787 4804 952 4891 igitbr
979 4834 1143 4894 quam
1180 4817 1421 4872 maximo
1454 4817 1507 4877 in
1539 4815 1592 4869 id
1621 4816 1779 4870 incu-

191 4919 332 4982 buit,
369 4917 662 4987 prmpOsito
710 4915 802 4971 isti
845 4913 996 4984 operi
1038 4927 1238 4984 magno
1285 4913 1588 4970 domestico
1616 4955 1628 4979 ,
1683 4914 1777 4983 qui

191 5013 427 5082 impigre
474 5010 734 5065 labricam
776 5008 1011 5063 adorans
1059 5007 1240 5061 moliri
1289 5017 1428 5062 tecta
1477 5023 1542 5062 ac
1590 5022 1779 5061 muros

190 5103 381 5173 coepit.
413 5100 778 5156 Commodum
807 5105 1015 5162 autem,
1061 5099 1204 5151 tnole
1245 5098 1356 5166 jaut
1407 5097 1620 5152 aediﬁcii
1657 5113 1778 5152 cre-

191 5193 758 5261 scente,alacritatem
784 5191 1114 5262 perducendi
1135 5191 1201 5245 ad
1231 5191 1592 5260 colopbonem
1614 5190 1780 5261 empti

193 5289 394 5344 miram
439 5286 624 5357 injecit
654 5287 791 5342 forte
821 5285 1106 5339 inventum
1156 5284 1298 5338 inter
1335 5286 1534 5340 rudera
1584 5300 1780 5340 oracu-

191 5381 335 5444 lum,
368 5379 700 5447 insculptum
729 5376 1016 5438 marmori,
1045 5374 1244 5430 litteris
1269 5376 1472 5444 quibus
1504 5375 1780 5444 signiﬁca-

194 5474 364 5528 batur
391 5473 720 5526 cxstiturum
777 5463 1071 5539 quemdam
1136 5468 1231 5538 qui
1284 5468 1471 5522 urbem
1505 5484 1624 5522 eum
1656 5482 1784 5538 pro-

196 5578 429 5622 stratam
469 5568 662 5620 iterum
693 5565 961 5618 attollcret
987 5572 1033 5616 et
1060 5561 1114 5615 in
1145 5561 1600 5631 melioremquam
1632 5562 1784 5630 prius

197 5663 432 5717 iur-turne
474 5676 536 5714 ac
579 5657 855 5713 felicitatis
891 5666 1099 5712 statum
1148 5657 1436 5710 excitaret.
1482 5656 1550 5712 lis
1599 5669 1780 5712 autem

200 5755 373 5824 signis
415 5753 844 5808 adumbrabatur
885 5749 991 5805 istc
1023 5765 1195 5806 novus
1233 5749 1577 5805 instaurator
1623 5749 1783 5804 Tral-

1889 4547 1990 4601 tuit
2029 4551 2342 4603 convocatis
2375 4564 2573 4618 magno
2604 4564 2837 4604 numero
2879 4549 3110 4604 colonis.
3156 4548 3384 4604 Summo
3411 4550 3465 4605 id

1882 4643 2064 4698 studio
2100 4653 2378 4707 curatum,
2415 4659 2481 4698 eo
2521 4659 2784 4699 successu
2819 4653 2879 4700 ut
2909 4644 3062 4700 brevi
3097 4659 3288 4700 recens
3318 4644 3469 4699 indu-

1881 4749 2094 4790 cturum
2127 4739 2256 4792 illuc
2283 4737 2485 4792 civium
2509 4753 2602 4792 sex
2625 4745 2680 4792 et
2707 4737 2932 4810 triginta
2961 4737 3202 4793 millibus
3227 4739 3465 4807 capitum

1885 4833 2172 4884 multitudo
2230 4842 2567 4885 censeretur.
2617 4827 2682 4883 lli
2733 4847 2925 4887 oumes
2976 4831 3200 4900 optimis
3255 4833 3466 4885 alacres

1881 4927 2103 4990 spebus,
2137 4923 2339 4992 quippe
2379 4922 2644 4992 auspiciis
2673 4922 3015 4978 faustissima
3042 4923 3463 4989 spondentibus,

1883 5027 2039 5066 nume
2065 5013 2422 5069 habitationis
2448 5013 2691 5068 cncaania
2718 5013 3086 5078 celebrabant,
3110 5012 3284 5082 ignari
3311 5028 3370 5066 se
3408 5025 3467 5066 re

1883 5108 2127 5161 maxime
2154 5107 2462 5162 necessaria
2499 5121 2712 5161 carere.
2739 5105 2856 5161 Non
2886 5106 3032 5161 enim
3068 5106 3337 5161 cisternas
3377 5121 3467 5177 pa-

1885 5204 2155 5263 raverant,
2208 5207 2300 5251 aut
2348 5213 2510 5251 manu
2561 5197 2756 5251 cﬂossa
2798 5197 3118 5266 circumque
3158 5205 3370 5252 structo
3410 5207 3466 5253 et

1884 5287 2057 5343 solide
2096 5287 2322 5345 inducto
2357 5289 2586 5343 tectorio
2631 5289 2836 5342 unmita
2871 5290 3263 5358 conceptacula
3294 5305 3466 5359 aqua-

1885 5397 2006 5435 rum
2043 5382 2126 5436 vel
2155 5380 2601 5450 excipieridarum
2634 5398 2664 5436 e
2695 5381 2856 5444 coelo,
2889 5397 3015 5434 cum
3045 5381 3274 5450 plueret,
3310 5383 3394 5437 vel
3431 5396 3464 5437 ο

1885 5473 2050 5527 ﬂuvio
2079 5475 2592 5541 comportaudarum
2623 5472 2676 5526 in
2712 5488 2844 5527 usus
2871 5473 3205 5528 domesticos
3241 5487 3294 5528 et
3323 5483 3464 5528 tem-

1885 5583 2080 5638 porum
2113 5581 2385 5621 annonam
2415 5567 2729 5622 dubiorum.
2764 5565 2938 5636 Hujus
2977 5567 3050 5619 rei
3079 5571 3467 5635 praevertenda:

1886 5673 2052 5714 causa
2081 5666 2222 5719 cra‘t,
2253 5657 2297 5711 si
2331 5657 2720 5724 advertissent,
2756 5660 3092 5724 necessaria,
3129 5667 3323 5712 natura
3357 5657 3466 5714 soli

1887 5750 2033 5803 illius
2063 5763 2325 5803 venarum
2359 5763 2552 5816 expers
2579 5751 2771 5806 subtus
2800 5752 3074 5808 manantis
3099 5767 3270 5822 aquae,
3304 5751 3376 5805 ita
3405 5758 3466 5807 υι

3343 258 3451 324 93)
3529 313 3540 318 -
