3964 6542
514 285 636 351 931-

1717 280 2043 345 GEOIlGIl
2085 280 2569 344 ΡΑΟΙΙΥΜΕΠᾹΞ

3653 286 3746 347 932

515 401 776 471 Ἥγνόουν
809 397 891 472 [Ρ.
925 396 1055 470 5‘22]
1076 397 1132 452 δὲ
1185 396 1302 470 ἄρα·
1324 396 1400 470 μὴ
1432 394 1647 469 ἔχοντες
1683 396 1747 450 τδ
1779 396 2082 464 ἀναγκαιόο
2117 404 2158 458 Α
2188 397 2506 466 λειπούσης.
2557 397 2684 460 τοὺς
2717 396 2817 466 μὲν
2851 396 3101 467 καρποὺς
3132 395 3433 466 τρέφεσθαι
3485 396 3750 464 ξυμϐαίνοι

458 498 461 499 ⁷
503 509 688 547 τατον.
723 489 1007 562 Οὖτε“γὰρ
1052 489 1261 543 ὑδάτων
1313 485 1458 560 εἶχον
1517 487 1807 560 ὑποδοχὰς,
1841 489 1915 552 ὡς
1947 489 2088 543 κατᾶ

506 584 696 655 καιρδν
727 582 1108 656 ὑδρευσόμενοι
1168 580 1631 652 καταφερομένων
1691 580 1941 652 ὄμϐρων,
1974 581 2087 635 εἴτε

508 676 603 731 καὶ
625 675 720 729 τοῦ
765 673 1014 743 ποταμοῦ
1063 673 1452 743 ἅνιμωμένου⁹
1485 676 1546 726 τό
1578 689 1637 725 τε
1677 672 2091 745 κατορύξαντας

506 767 687 838 εὑρεῖν
719 765 862 838 ὕδωρ
904 766 1169 833 ὑπόγαιον
1220 765 1331 817 τῶν
1369 765 1647 819 ἀδυνάτων
1696 765 1970 833 ἐφαίνετο.
1999 763 2096 818 Δῖ-

504 876 618 912 τιον
642 858 687 912 δ’
716 854 868 929 οῐμαι
896 859 956 911 τὸ
990 861 1064 929 μὴ
1095 858 1356 927 στεγανὸν
1384 857 1479 910 τοῦ
1515 857 1697 911 πεδίου
1728 857 1817 909 διὰ
1847 858 1945 927 τὴν
1978 874 2094 925 γει-

506 947 767 1002 τονοῦσαν
799 949 1001 1019 ἰκμάδα
1045 948 1139 1001 τοῦ
1173 948 1441 1017 ποταμοῦ,
1474 948 1541 1019 ἣν
1576 949 1697 1001 οῖαν
1728 964 1787 1000 τε
1822 949 1898 1018 μὴ
1928 948 2095 1002 οὖσαν

508 1042 768 1107 ἐμμένειν
801 1043 828 1094 ὁ
857 1040 1218 1112 προσϐάλλων
1268 1041 1418 1111 ἣλιος
1451 1039 1653 1109 θερμὸς
1693 1040 1769 1092 ὢν
1795 1040 2096 1108 ἀνιμᾶςθαι

509 1131 745 1200 πεφύκοι
780 1132 916 1203 πρὸς
961 1132 1021 1185 τὸ
1047 1132 1377 1197 ἐπιπολάζον
1394 1135 1816 1203 ἀνασυραμένη)
1841 1131 1944 1201 τῆς
1971 1133 2097 1205 γῆς’

455 1204 476 1274 l
509 1226 605 1277 καὶ
634 1224 693 1277 τδ
721 1225 893 1292 ξηρὰν
930 1225 1030 1295 ἤδη
1062 1224 1317 1290 καθάπαξ
1346 1225 1595 1293 γίνεσθαι
1630 1226 1706 1294 τῷ
1744 1224 1954 1293 συχνῶς
1984 1225 2100 1277 ἀνι-

514 1318 719 1389 μᾶσθαι
753 1318 830 1389 τῷ
864 1319 1000 1389 ἡλίῳ
1029 1320 1127 1387 τὴν
1173 1320 1379 1388 ίκμάδα
1427 1318 1514 1371 διὰ
1563 1317 1623 1371 τὸ
1670 1319 1767 1388 τῆς
1799 1319 2099 1387 ὑγρότητος

510 1410 733 1461 ἔκλυτον
757 1411 855 1479 τῆς
878 1410 1079 1478 συχνῆς
1107 1409 1169 1462 ὲκ
1200 1410 1293 1461 τοῦ
1326 1408 1578 1479 ποταμοῦ
1607 1408 1700 1462 καὶ
1736 1407 1893 1470 αὖθις
1931 1408 2009 1470 εἰς
2031 1410 2100 1461 τὰ

511 1502 644 1555 κενὰ
674 1501 1026 1571 προσρύσεως
1056 1505 1130 1572 μὴ
1154 1501 1353 1574 ἐώσης,
1384 1501 1507 1555 τὸδ’
1531 1505 1609 1565 εἰς
1642 1501 1805 1571 βάθος
1834 1500 2100 1573 προσϐαί-

472 1656 473 1659 η
513 1611 628 1648 νειν
654 1595 751 1657 τὰς
790 1594 1036 1659 λιϐάδας,
1079 1599 1155 1657 ὡς
1187 1596 1281 1647 καὶ
1312 1597 1393 1659 εἰς
1437 1594 1710 1666 διώρυχας
1749 1595 1998 1656 εὐπετεῖς
2025 1588 2103 1645 εἷ-

510 1705 603 1740 ναι
637 1689 731 1740 καὶ
765 1686 1000 1753 ἀνοίξεις
1034 1689 1314 1758 φρεάτων,
1360 1687 1815 1769 τοῦέιπιπολαίου
1872 1690 1970 1759 τῆς
1996 1688 2101 1757 γῆς

2191 493 2249 554 ὲς
2280 489 2363 544 ὅτι
2395 489 2651 559 μάλιστα,
2686 489 3015 560 ὑφίστασθαι
3047 489 3094 542 δ’
3113 488 3259 560 ὕδωρ
3282 490 3360 551 εἰς
3390 488 3551 559 βάθος
3577 489 3652 559 μὴ
3666 505 3755 542 πε-

2194 582 2447 652 φυκέναι.
2509 581 2683 635 Τοῦτο
2743 582 2816 636 τὰ
2867 582 3098 637 πλεῖστα
3156 584 3284 646 τοὺς
3340 583 3758 651 κατοικήσαντας

2195 674 2430 742 ἔσφηλε.
2460 674 2611 736 Τέως
2631 674 2741 744 γὰρ
2761 674 2856 728 τοῦ
2885 675 3133 745 ποταμοῦ
3156 676 3403 739 πίνοντες
3440 676 3534 728 καὶ
3554 676 3615 727 τὸ
3641 676 3757 743 μέλ-

2194 768 2287 821 λον
2318 768 2395 838 μὴ
2427 769 2805 840 προορώμενοι
2834 769 3210 839 ἀφροντίστως
3234 764 3399 838 εἶχον.
3431 766 3688 835 Ἦτνόουν
3708 766 3760 819 δι

2196 863 2305 933 ἄρα
2324 861 2406 913 ὅτι
2437 860 2767 932 Προμηθεὺς
2803 861 2983 931 πολλῷ
3011 863 3263 932 κρεῖττον
3285 858 3658 930 Ἐπιμηθέως,
3679 859 3763 911 καὶ

2197 955 2257 1007 τὸ
2293 953 2418 1009 κατ’
2462 955 2711 1024 ἀνάγκην
2765 953 3065 1025 ξυμϐαῖνον
3109 954 3335 1025 διωρίαν
3364 952 3469 1006 οὐκ
3500 951 3613 1023 ἔχει
3649 950 3762 1023 βου-

2200 1064 2322 1119 λης.

2201 1208 2307 1263 κα’.
2333 1208 2527 1275 Ὅπως
2572 1209 2632 1261 αι
2675 1208 2958 1288 Τράλλεές
3000 1206 3466 1288 ργᾳκτισθεῖσαι
3508 1205 3632 1262 ὑπὸ
3665 1203 3769 1259 τῶν

2718 1278 2968 1348 Περσῶν
2988 1278 3287 1334 ἑάλωσαν.

2276 1416 2340 1489 [Ρ
2367 1413 2494 1489 525]
2525 1416 2681 1469 Οὕτω
2719 1414 2906 1469 τοίνυν
2955 1414 3162 1486 ἔχουσι,
3206 1415 3305 1468 καὶ
3342 1412 3490 1467 οὕτω
3518 1415 3770 1484 χρησταῖς

2204 1504 2638 1575 ἀπῃωρημένοις
2675 1505 2797 1568 ταῖς
2838 1504 3054 1558 ἐλπίσιν
3096 1504 3172 1568 ὡς
3209 1503 3458 1567 πολίταις
3502 1502 3771 1574 διαφερόκκ

2203 1614 2314 1661 τως
2337 1596 2431 1649 τοῦ
2466 1596 2733 1667 βασιλέως
2758 1596 3059 1664 διάξουσιν,
3089 1596 3380 1667 ἐφίσταται
3404 1596 3558 1666 σφίσι
3584 1595 3773 1666 πλῆθος

2211 1688 2472 1758 Περσῶνσ
2504 1689 2642 1759 πρὸς
2672 1688 2783 1759 γὰρ
2812 1689 2874 1742 τὸ
2901 1688 3260 1761 ἐλπιζόμενον
3279 1690 3675 1760 ἀντιπράττειν
3696 1690 3774 1742 καὶ

513 1780 835 1845 κωλύοντος,
870 1780 1046 1845 οἶμαι,
1080 1783 1197 1852 ἅμα
1228 1772 1530 1850 δεχομένου
1582 1782 1681 1852 τὴν
1710 1782 2104 1852 ἐπεισρέουπαν
2137 1778 2181 1835 Β
2209 1780 2351 1851 ὑπὲρ
2373 1780 2484 1835 τῶν
2514 1780 2717 1835 λοιπῶν
2739 1781 3050 1853 ἵστασθαιή
3081 1782 3287 1853 σπουδὴ
3322 1782 3436 1836 τῶν
3457 1779 3773 1853 ἀνθιπαμέο

511 1875 692 1928 νοτίδα
732 1876 826 1929 καὶ
872 1876 969 1947 ἂμ*
1011 1875 1357 1945 ἑξεμοῦντος.
1410 1876 1627 1945 ιΙέφυκε
1668 1878 1778 1946 γὰρ
1831 1874 1925 1928 καὶ
1956 1874 2101 1944 ὕδωρ

513 1969 609 2020 καὶ
640 1967 858 2037 πνεῦμα
889 1971 957 2041 τῇ
989 1969 1133 2040 ἀρχῇ
1190 1968 1569 2036 συγκινεῖσθαι
1625 1968 1686 2020 τὸ
1716 1970 1824 2021 πᾶν
1878 1967 2100 2037 ἑφεξῆς,

513 2062 591 2129 ὡς
616 2066 722 2135 ὅπη
751 2061 883 2117 ποτὲ
914 2065 1014 2137 ῥυῇ
1043 2079 1096 2115 τι
1117 2061 1327 2115 τούτων
1370 2062 1536 2117 λαϐὸν
1564 2060 1764 2134 ἀρχὴν,
1795 2062 1975 2114 ἐκεῖσε
2008 2062 2104 2113 καὶ

514 2158 576 2211 τὸ
601 2156 787 2210 λοιπὸν
817 2155 877 2222 ἐξ
899 2156 1146 2226 ἀνάγκης
1170 2154 1410 2224 συνεχῶς
1436 2154 1725 2225 φέρεσθαι.
1753 2154 1890 2224 [lap‘
1919 2155 1986 2225 ἦν
2016 2154 2104 2206 al-

514 2252 641 2304 τίαν
665 2250 760 2303 καὶ
776 2248 855 2320 τῷ
881 2247 1127 2318 συνεχῶς
1159 2247 1257 2317 μὲν
1274 2248 1334 2301 τὸ
1349 2246 1410 2300 δν
1422 2245 1843 2317 ἀπογίγνεσθαι,
1865 2244 2106 2316 συνεχῶς

517 2343 574 2395 δὲ
609 2344 706 2395 καὶ
729 2341 790 2394 τὸ
840 2342 916 2413 μὴ
940 2339 1000 2394 δν
1023 2340 1442 2412 προσγίνεσθαι,
1476 2341 1576 2410 τῆς
1625 2338 1852 2411 ίκμὰδος
1884 2338 1959 2410 μὴ
1981 2340 2106 2391 ἐπι-ο

518 2529 717 2592 putens
752 2518 1031 2574 Trallibus
1076 2520 1199 2574 viva
1237 2517 1575 2589 scaturigine
1629 2516 1889 2589 perennis
1933 2532 2000 2571 ex
2036 2515 2107 2572 iis

520 2626 663 2672 esset
691 2617 857 2671 rebus
889 2629 1011 2684 qua:
1057 2613 1269 2683 sperari
1302 2628 1409 2668 non
1445 2619 1689 2684 possent,
1731 2626 1978 2682 quasque
2012 2610 2107 2681 qui

520 2718 818 2761 conaretur
838 2718 1056 2770 cpt-ram
1080 2703 1351 2773 perderet.
1374 2702 1576 2767 Causa,
1594 2701 1811 2774 opinor,
1838 2710 1922 2757 est
1947 2702 2108 2772 paulo

520 2798 853 2869 profundius
901 2794 1238 2850 subsidentis
1283 2794 1386 2849 δοιί
1432 2794 1661 2850 aridieas
1696 2808 1968 2858 exsucca,
2008 2808 2109 2848 nec

520 2907 619 2963 par
669 2890 917 2946 soliditas
970 2888 1172 2957 liquori
1225 2887 1557 2943 continendo
1610 2902 1722 2958 prae
1769 2887 2110 2942 solubilitate

522 2984 756 3040 cineres:
788 2980 977 3044 simi'i,
1016 2996 1139 3035 eum
1193 2988 1375 3034 tamen
1421 2979 1768 3049 superﬁciem
1817 2994 2011 3036 versus
2039 2981 2106 3033 ad

524 3075 764 3145 aliquam
808 3072 1153 3127 altitudinem
1186 3073 1388 3127 exudet
1415 3072 1619 3142 passim
1658 3073 1857 3127 humus
1881 3073 2107 3127 madore

522 3168 724 3222 lutoso.
765 3165 822 3219 ld
859 3164 1033 3218 oritur
1071 3180 1134 3218 ex
1179 3180 1346 3235 prope
1382 3166 1691 3235 stagnantis
1726 3166 1960 3220 hutnore
2002 3166 2108 3220 llu-

524 3258 691 3313 minis
718 3298 732 3323 ,
769 3272 928 3327 quem
972 3256 1055 3310 vis
1084 3255 1245 3327 471
1281 3256 1415 3311 solis
1443 3256 1517 3310 ibi
1558 3257 1834 3326 potentior
1880 3256 2117 3312 sustinet

523 3350 640 3435 iugi
663 3358 919 3414 attracto,
946 3362 1046 3402 nec
1070 3347 1285 3402 sublabi
1306 3347 1457 3411 sinit,
1483 3357 1786 3404 extenuans
1806 3350 1860 3404 in
1885 3363 2117 3419 vapores

527 3455 687 3500 terra:
717 3456 956 3512 superne
991 3456 1131 3495 rara:
1173 3441 1461 3496 meabilem
1498 3441 1771 3497 levitatem
1809 3444 2119 3500 imbuentes

528 3535 769 3606 indeque
808 3551 1029 3589 sursum
1063 3536 1407 3600 exhalantes,
1452 3535 1535 3590 sic
1587 3536 1641 3589 in
1691 3536 1775 3592 his
1828 3539 2116 3607 absumpta

532 3630 859 3685 humiditate
894 3628 1231 3683 telasuﬂ'usi
1261 3628 1461 3693 laticis,
1508 3640 1561 3682 ut
1603 3644 1671 3683 ne
1702 3631 1851 3683 stilla
1891 3629 2116 3698 quidem

528 3720 925 3801 reconditiores
942 3719 1134 3774 influat
1157 3720 1367 3775 telluris
1390 3720 1581 3775 intime
1599 3721 1922 3789 squalleutis
1939 3723 2117 3783 sinus,

530 3825 727 3869 natura
753 3813 1022 3884 siquidem
1052 3816 1166 3868 haec
1186 3814 1434 3884 qumdam
1459 3823 1515 3868 et
1537 3814 1778 3869 conditio
1807 3815 2118 3869 communis

529 3923 685 3977 aquae
716 3919 767 3962 et
807 3922 957 3961 aura:
986 3917 1089 3973 est,
1124 3919 1181 3962 ut
1218 3907 1273 3961 in
1304 3908 1570 3978 principia
1602 3906 1966 3962 refundantur
1994 3922 2114 3972 sua,

531 4001 835 4068 eodemque
878 4001 1226 4053 resoIVantur
1273 3998 1594 4053 desinentes
1640 3999 1784 4053 unde
1826 4006 2120 4052 nascentes

532 4095 804 4164 prodiere,
838 4088 1075 4148 decursu
1111 4092 1312 4147 nativis
1347 4109 1522 4162 usque
1552 4091 1845 4146 eﬂluxibus
1878 4107 2117 4147 consen-

534 4195 724 4253 taueo,
759 4201 862 4240 nec
911 4185 1260 4247 exorbitante
1287 4185 1401 4239 fere
1435 4200 1463 4238 a
1503 4185 1679 4239 limite
1701 4200 1865 4255 quem
1893 4184 2120 4254 originis

535 4277 771 4347 impetus
803 4278 1058 4348 signavit.
1100 4278 1212 4331 Nec
1252 4278 1473 4332 aliunde
1506 4279 1858 4348 repetendam
1892 4291 2116 4331 causam

435 4359 438 4363 ’
534 4369 784 4424 duxerim
814 4370 1100 4424 celebrata:
1140 4370 1423 4425 felicitatis
1453 4370 1555 4424 soli
1600 4369 1903 4423 'l‘ralleusis
1940 4368 1996 4423 in
2034 4368 2117 4440 εἰς

2209 1890 2317 1927 νων
2369 1873 2552 1943 ἕρπει.
2611 1874 2723 1927 Καὶ
2777 1875 3063 1939 Σάλπακις
3102 1876 3221 1945 μὲν,
3262 1877 3323 1931 δν
3361 1875 3433 1931 ἂν
3484 1877 3517 1948 ἡ
3562 1875 3775 1929 ἐκείνων

2211 1966 2438 2035 γλῶσσα
2470 1967 2719 2037 ἀνδρεῖον
2753 1966 2919 2033 εἴποι,
2954 1968 3273 2039 Μανταχίας
3311 1967 3574 2039 τοῦνομα,
3612 1964 3776 2035 πολλῷ

2159 2071 2169 2082 '
2206 2077 2320 2113 τινι
2373 2061 2623 2129 γαυριῶν
2652 2061 2729 2131 τῷ
2771 2061 2969 2131 πλήθει
3014 2064 3081 2134 τῇ
3130 2063 3285 2117 πόλει
3316 2061 3655 2133 προσϐάλλει
3695 2060 3776 2115 καὶ

2208 2150 2604 2220 περικάθηται,
2641 2151 2670 2204 ὁ
2703 2151 2760 2203 δὲ
2794 2151 3102 2221 στρατηγὸς
3128 2151 3159 2205 δ
3192 2152 3365 2222 μέγας
3399 2151 3776 2224 χαρτουὶάριος

2207 2239 2545 2312 Διϐαδάριος
2570 2242 2631 2295 ὲν
2661 2241 3001 2313 ἀμηχανίαις
3048 2244 3335 2316 παντοίαις
3364 2239 3455 2316 ἦν,
3487 2247 3538 2298 oi
3566 2245 3617 2296 δ’
3645 2244 3775 2307 ne;

2207 2334 2509 2405 ὲλίμωττον
2533 2335 2628 2389 καὶ
2680 2334 2846 2389 πλέον
2897 2313 3463 2409 προσεταλαῧηὶιρουν
3495 2340 3561 2409 τῇ
3607 2336 3775 2407 λειψυ-

2208 2512 2341 2568 ﬂuxi
2381 2513 2621 2583 pulveris
2671 2511 2900 2568 fundum
2949 2528 3158 2584 negans
3223 2530 3483 2585 capacem
3532 2514 3773 2571 latieite-

2208 2607 2412 2671 nendo,
2446 2607 2553 2662 nisi
2586 2615 2641 2662 et
2673 2607 3051 2677 pavimentum
3097 2609 3482 2664 substerneres
3525 2617 3581 2664 et
3626 2609 3773 2663 latera

2208 2698 2721 2756 circuinasditlcares
2762 2715 2927 2770 opere
2983 2700 3159 2755 solido
3233 2701 3675 2771 perduceresque
3721 2700 3774 2754 ad

2209 2809 2512 2858 summum,
2544 2794 2693 2849 unde
2731 2809 2895 2849 manu
2934 2794 3230 2864 repositam
3267 2795 3352 2850 vel
3381 2795 3772 2865 cmloillapsatn

2209 2887 2406 2942 deinde
2449 2902 2650 2958 aquam
2691 2888 2761 2943 ad
2801 2904 2962 2944 usum
3011 2904 3314 2957 promeres.
3345 2889 3401 2944 Id
3454 2898 3568 2945 tum
3613 2889 3777 2945 facere

2210 2980 2340 3035 novi
2379 2982 2691 3039 Trallenses
2722 2983 3101 3054 neglexerunt,
3137 2984 3291 3057 gravi
3319 2993 3374 3039 et
3397 2984 3637 3055 graviter
3663 2983 3778 3054 ipsis

2212 3070 2414 3128 luendo
2453 3074 2801 3145 posmodum
2854 3089 3067 3132 errore.
3127 3076 3187 3130 In
3245 3091 3491 3146 praesens
3542 3076 3776 3131 videlicet

2219 3167 2437 3222 abunde
2480 3168 2619 3238 ipsis
2653 3168 2721 3224 ad
2760 3178 2949 3238 potum
2993 3169 3321 3240 suppetebat
3356 3173 3503 3225 latex
3538 3169 3780 3241 limpidus

2217 3271 2282 3312 ex
2310 3273 2471 3313 amne
2493 3258 2820 3329 proﬂuente,
2848 3275 2957 3329 quo
2980 3275 3039 3316 se
3063 3259 3422 3316 interclusum
3447 3260 3517 3315 iri
3545 3258 3598 3314 vi
3615 3258 3778 3315 hostili

2220 3350 2363 3405 haud
2399 3361 2511 3406 tum
2541 3367 2676 3407 sane
2699 3353 3081 3423 providebant,
3112 3352 3362 3410 infelices
3379 3353 3478 3423 qui
3501 3353 3777 3416 nescirent,

2220 3455 2428 3513 quanto
2489 3443 2851 3501 Prometheus
2917 3448 3302 3525 praestantior
3332 3447 3408 3505 sit
3458 3445 3778 3518 Epimetbeo,

2220 3552 2449 3605 quanto,
2504 3537 2773 3608 inquam,
2834 3538 3001 3611 472
3065 3539 3344 3596 salubrius
3400 3547 3780 3611 praevertentur

2219 3628 2587 3699 impendentia
2621 3631 2761 3685 mala
2793 3633 3008 3703 sagacis
3032 3633 3399 3704 praecautione
3419 3631 3778 3702 providentiae,

2219 3738 2385 3793 quam
2427 3723 2504 3778 nil
2564 3724 2871 3794 profuturis
2911 3726 2977 3780 ad
3017 3735 3325 3782 extremum
3365 3726 3618 3781 lamentis
3657 3741 3780 3782 sem

2218 3816 2557 3886 paenitentia:
2587 3817 2941 3888 deplorentur
2974 3835 2988 3872 :
3032 3833 3222 3874 verum
3251 3820 3399 3890 quod
3425 3818 3576 3875 fatali
3602 3832 3781 3873 neces-

2220 3906 2383 3962 sitate
2412 3908 2643 3979 ingruit,
2661 3920 2759 3964 nec
2784 3909 2959 3965 averti
2983 3925 3084 3965 nec
3109 3908 3317 3964 ditterri
3345 3910 3577 3966 consilio
3600 3916 3781 3981 potest.

2290 4039 2381 4094 21.
2429 4040 2495 4094 Ut
2531 4039 2741 4097 Tralles
2770 4052 3086 4100 restaurata:
3117 4063 3148 4099 a
3184 4043 3367 4102 Persis
3401 4055 3570 4115 capta:
3600 4045 3716 4099 sint.

2290 4174 2457 4231 Novis
2490 4176 2635 4231 enim
2679 4176 3058 4236 Trallensibus
3090 4181 3146 4236 in
3194 4181 3288 4238 illa
3330 4181 3568 4238 felicium
3607 4182 3778 4252 auspi-

2219 4266 2429 4323 ciorum
2462 4269 2830 4338 gratulatione
2859 4272 3056 4326 smcula
3090 4273 3198 4328 sibi
3217 4289 3383 4330 aurea
3405 4275 3780 4346 spondentibus

2223 4363 2372 4436 (nam
2415 4364 2549 4433 quid
2581 4380 2687 4418 non
2724 4381 2820 4435 spe
2857 4378 3253 4436 praesumerent
3275 4368 3529 4427 Junioris
3550 4370 3775 4441 Augusti,

536 4461 768 4531 gnendis
829 4462 1281 4533 inaturandisque
1348 4478 1513 4519 omne
1581 4478 1754 4532 genus
1822 4460 2117 4516 fructibus.
2152 4469 2195 4523 ι)
2225 4457 2471 4527 longum,
2512 4464 2571 4511 ut
2608 4464 2728 4511 erat
2776 4458 3108 4525 verisimile,
3155 4475 3219 4516 ac
3256 4461 3463 4518 ﬂorens
3510 4463 3774 4534 imperium

537 4559 745 4612 Prassto
801 4556 1061 4611 nimirum
1120 4568 1204 4613 est
1250 4558 1537 4612 abundans
1593 4556 1660 4610 iis
1719 4555 1928 4611 alendis
1985 4555 2119 4610 uber

538 4648 813 4721 quoddam
842 4647 943 4702 soli
975 4648 1221 4719 contigui
1254 4649 1539 4720 stirpibus,
1574 4648 1951 4718 superliciario
1980 4664 2117 4701 exu-

537 4744 721 4798 dantis
760 4758 944 4807 succo,
981 4758 1079 4797 nec
1119 4742 1418 4812 quidquam
1460 4741 1757 4796 derivantis
1789 4756 1904 4796 sure
1950 4744 2120 4811 cepite

538 4834 593 4888 in
638 4834 987 4889 demissiores
1032 4844 1211 4903 partes
1242 4834 1493 4888 ariditate
1543 4842 1848 4888 maceratas
1888 4833 2118 4899 intima,

538 4928 631 4982 sed
676 4928 894 4981 vitalem
927 4927 1079 4981 illum
1122 4936 1295 4981 totum
1327 4924 1675 4981 'elfuudentis
1728 4927 2013 4982 humorem
2064 4928 2119 4982 in

538 5020 923 5091 pinguedinem
981 5034 1271 5090 pomorum
1338 5028 1392 5074 et
1462 5020 1753 5075 baccarum
1824 5021 2120 5077 mitissima

538 5114 708 5167 saliva
744 5112 1064 5168 celebriuin.
1101 5112 1230 5166 Inde
1257 5113 1341 5179 (ut
1386 5109 1449 5164 ad
1484 5125 1595 5163 rem
1627 5126 1713 5165 me
1749 5113 2008 5182 referam)
2038 5113 2122 5166 in-

539 5201 746 5268 telliges
778 5199 1128 5254 excavaturis
1160 5199 1321 5253 isthic
1353 5206 1549 5267 puteos
1586 5198 1697 5252 duo
1725 5199 1958 5255 invicem
1986 5215 2122 5256 con-

537 5296 704 5352 traria
739 5294 1040 5349 obstitisse.
1086 5292 1247 5348 Prius
1287 5303 1406 5346 erat
1444 5292 1708 5362 paludosa
1737 5296 1998 5351 mollities
2039 5294 2121 5349 vi-

537 5387 676 5442 cina
706 5386 1013 5456 superticiei
1047 5394 1227 5451 terrae,
1261 5385 1313 5438 in
1349 5399 1511 5453 grave
1545 5382 1866 5440 fodientium
1893 5387 2123 5455 impedi-

538 5485 782 5532 mentum
844 5476 1190 5541 redundans;
1245 5490 1409 5545 quam
1461 5474 1510 5529 si
1559 5476 1685 5544 quis
1747 5475 2119 5533 diﬂicultatem

539 5569 809 5640 patienter
831 5570 1101 5639 egerendo
1127 5570 1369 5621 vinceret
1393 5569 1531 5632 luto,
1554 5571 1875 5635 occurrebat
1890 5570 2119 5623 alterum

539 5658 1015 5729 impedimentum,
1059 5659 1160 5714 snli
1192 5658 1555 5729 depressioris
1597 5663 1829 5729 strigosa
1873 5662 2118 5728 siccitas,

542 5761 741 5814 prceter
787 5753 931 5809 sitim
970 5752 1177 5807 arentis
1216 5750 1385 5822 gleba:
1422 5751 1585 5807 etiam
1637 5753 1708 5808 ob
1748 5751 2118 5810 friabititatem

2221 4546 2548 4613 inchoantis,
2583 4548 2888 4618 peculiares
2917 4550 3146 4607 clientes
3176 4566 3240 4606 ac
3261 4552 3433 4618 cives,
3461 4555 3587 4609 inde
3614 4551 3777 4624 preci-

2221 4656 2330 4711 pno
2368 4656 2586 4711 semper
2626 4642 2769 4711 apud
2804 4657 2929 4696 eum
2970 4642 3026 4696 in
3054 4644 3175 4699 loco
3217 4647 3408 4716 gratize
3443 4647 3664 4713 laturi?)
3692 4661 3776 4701 su-

2222 4733 2475 4806 pervenit
2508 4749 2638 4789 ecce
2668 4734 3143 4805 iuopinatissimus
3171 4737 3452 4793 exercitus
3478 4736 3773 4798 Persarum,

2223 4845 2362 4901 quos
2405 4831 2896 4885 eamdem-videlicet
2944 4832 3011 4885 ad
3061 4832 3388 4887 obstandum
3423 4833 3599 4887 initiis
3638 4829 3775 4902 hujus

2224 4925 2459 4980 coloniae
2498 4924 2859 4995 impellebant
2892 4939 3094 4990 causae,
3146 4941 3269 4993 quae
3314 4927 3679 4982 Andronicum
3719 4920 3773 4978 sd

2223 5014 2562 5071 condendam
2610 5031 2731 5070 eam
2768 5024 3052 5070 moverant
3087 5032 3104 5071 :
3137 5027 3198 5072 ut
3243 5017 3389 5073 enim
3448 5019 3539 5074 hic
3590 5019 3771 5073 frenum

2223 5107 2460 5162 licentiae
2508 5106 2786 5177 praedandi
2830 5122 2899 5163 ac
2943 5108 3353 5178 receptaculum
3409 5110 3684 5180 copiarum
3728 5106 3771 5160 in

2222 5201 2405 5257 clades
2445 5199 2689 5255 Persidis
2736 5200 3144 5255 imminentium
3195 5202 3560 5257 constitutum
3612 5202 3664 5257 in
3687 5202 3772 5256 ista

2220 5294 2423 5349 vicinia
2471 5295 2749 5359 voluerat,
2804 5294 2879 5350 ita
2920 5295 3002 5349 illi
3043 5310 3106 5350 ea
3144 5296 3259 5365 ipsa
3308 5305 3615 5352 metuentes
3649 5290 3773 5349 omni

2223 5397 2438 5439 mature
2471 5383 2901 5439 incumbendum
2934 5397 3149 5441 conatu-
3184 5388 3485 5441 censebant
3526 5387 3593 5442 ad
3634 5398 3776 5441 excu-

2224 5482 2471 5538 tiendum
2505 5484 2607 5539 hoc
2634 5484 2824 5555 jngum
2856 5485 3005 5540 velut
3034 5487 3356 5556 impositum
3390 5485 3706 5548 cervicibus,
3736 5485 3777 5530 cl

2224 5584 2428 5629 certam
2460 5577 2763 5646 perniciem
2798 5592 2825 5631 a
2856 5593 2958 5632 suo
2988 5578 3163 5632 limite
3209 5577 3612 5631 removendam.
3658 5574 3774 5638 Ergo

2225 5665 2563 5722 Mantaehias
2596 5670 2817 5739 qui-lam
2850 5680 3215 5739 cognomento
3243 5667 3513 5738 Salpacis,
3540 5681 3655 5737 qua
3690 5676 3774 5716 to!

2224 5757 2407 5828 lingua
2442 5758 2659 5815 Persica
2695 5761 2886 5815 fortem
2916 5770 3092 5829 sonat,
3124 5762 3432 5819 innumeris
3459 5776 3592 5827 quas
3616 5760 3774 5815 ducta
