3964 6550
188 447 296 511 937

1150 442 1247 502 DE
1286 437 1678 502 MICHAELE
1721 436 2184 498 PALXEOLOGO
2224 439 2372 501 LIB.
2408 438 2504 500 VI.

3339 446 3445 509 938

188 561 315 629 γίας
346 556 661 626 φυλάττειν.
692 556 758 621 ἃς
787 554 923 627 πρὸς
956 555 1046 608 τὸν
1072 554 1311 625 γεραρὸν
1346 555 1554 607 ἐκεῖνον
1589 551 1763 621 ἄνδρα
1794 557 1835 610 Α
1868 551 2093 622 Μεγάλη
2127 551 2393 623 ἐκκλησία
2442 555 2500 607 ὲν
2542 553 2746 625 τιμίοις
2772 555 2866 609 καὶ
2889 550 3002 627 εἶχε
3026 557 3444 630 χαρτοφύλακα,

186 658 281 709 τὸν
316 656 491 725 μέγαν
523 654 812 724 οἰκονόμον
849 651 912 724 [Ρ
971 649 1099 723 526]
1140 651 1238 721 τῆς
1295 648 1620 719 Ἐκκλησίας
1671 646 1764 701 τὸν

185 746 462 818 Ξιφιλῖνον
511 746 685 800 ἐποίει
731 744 1028 816 Θεόδωρον,
1077 742 1155 805 ὡς
1192 742 1254 796 ού
1288 741 1514 814 γράφοι,
1543 739 1619 804 ὡς
1664 739 1765 793 οὐκ

185 841 433 894 ἀντείποι
490 839 623 904 περὶ
669 836 955 907 δογμάτων
986 836 1091 890 κᾶν
1143 835 1171 888 ὅ
1207 852 1259 888 τι
1311 835 1520 903 λέγοιεν
1573 831 1761 887 ἄλλοι·

184 933 300 987 ἀλλ’
326 932 602 1003 ὁσημέραι
631 930 925 1001 δεχόμενον
960 929 1030 983 τὰ
1054 928 1161 982 τῶν
1188 926 1386 991 ἄλλων,
1415 926 1464 979 οἳ
1493 924 1557 995 δὴ
1588 922 1683 977 καὶ
1700 923 1765 987 ἐς

186 1025 327 1093 μέγα
359 1022 598 1095 ηὔξανον
644 1022 744 1091 τὴν
776 1019 1131 1090 παραϐασίαν
1180 1018 1239 1084 ἐξ
1277 1011 1355 1071 ὧν
1391 1016 1499 1072 ἀπὸ
1527 1015 1764 1087 Γραφῶν

181 1116 450 1170 δεικνύειν
476 1115 648 1187 ῷοντο
677 1108 757 1177 οἷς
789 1113 925 1185 πρὸς
958 1112 1086 1176 τοὺς
1138 1111 1375 1175 Ἰταλοὺς
1413 1111 1761 1181 είρὴνευσαν,

180 1211 277 1262 καὶ
314 1208 397 1279 τῷ
435 1209 578 1262 κατὰ
625 1208 772 1278 σφᾶς
813 1207 1051 1275 ἀσφαλεῖ
1094 1206 1193 1277 τὴν
1226 1205 1337 1257 τῶν
1374 1203 1551 1257 ἄλλων
1591 1203 1763 1274 ὀργὴν

178 1302 453 1367 ἐξέκαιον,
499 1301 546 1353 εί
600 1298 870 1359 τοιούτοις
927 1297 1315 1368 συνισχημένοι
1357 1297 1471 1359 τοῖς
1504 1296 1763 1367 χαλεποῖς

177 1395 459 1463 ἀγνοοῦσι.
483 1395 582 1447 Διά
614 1392 790 1447 ταῦτα
823 1394 1075 1463 παρῆγον
1106 1394 1360 1445 κάκεῖνον
1385 1391 1639 1461 γράφειν,
1667 1389 1764 1442 καὶ

178 1490 285 1540 ἀπὸ
322 1487 560 1559 Γραφῶν
610 1487 868 1554 συνιστᾷν
918 1487 1181 1549 ὡσαύτως
1213 1489 1289 1549 ὡς
1344 1485 1444 1545 οὐκ
1496 1482 1763 1552 ἔσφαλται

179 1579 367 1649 σφίσιν
400 1582 494 1635 ἐπὶ
524 1581 786 1634 τοσοῦτον
824 1580 926 1651 τὴν
953 1578 1063 1632 τῶν
1103 1576 1442 1649 Ἐκκλησιῶν
1475 1594 1763 1648 καταπρα-

176 1676 436 1744 ξαμένοις
471 1676 720 1746 εἰρήνην,
756 1674 891 1727 ἀλλὰ
920 1675 1013 1727 καὶ
1045 1673 1214 1745 χωρὶς
1241 1671 1337 1726 τοῦ
1362 1673 1447 1735 είς
1481 1672 1762 1742 συμφέρον

176 1768 475 1837 προὸἧναι,
507 1768 679 1837 αὐτὴν
711 1767 835 1820 καθ’
861 1766 1032 1838 αὐτὴν
1062 1765 1320 1836 ἀσφαλῶς
1353 1764 1498 1836 ἔχειν
1529 1764 1760 1826 ἐκείνοις

1868 640 2096 713 ὕστερον
2147 643 2204 696 δὲ
2264 645 2293 715 η
2352 645 2715 715 μεγαλόπολις
2750 649 3118 722 Θεσσαλονίκη
3182 654 3448 724 ἀρχιερέα

1865 734 2230 808 ἑπλούτησεν,
2289 741 2349 793 ὲν
2394 738 2539 804 ὅλοις
2585 740 2747 796 πέντε
2800 740 2983 811 λόγοις
3015 744 3084 798 τὰ
3124 746 3232 800 τῶν
3281 748 3447 801 θείων

1866 829 2103 900 Γραφῶν
2131 816 2273 903 ὑπὲρ
2311 833 2411 903 τῆς
2450 834 2673 906 εἰρήνης
2705 834 2813 888 τῶν
2862 835 3202 910 Ἐκκλησιῶν
3233 840 3448 894 ἀνελίτ-

1864 940 2053 979 τουσα.
2108 927 2219 978 Καὶ
2270 924 2499 989 ταύταις
2542 927 2706 980 οἱονεὶ
2762 926 3034 998 θεμελίοις
3096 933 3446 1003 χρησάμενος

1868 1019 2080 1088 συνείρε
2108 1018 2174 1071 τὰ
2223 1018 2480 1084 πλεῖστα,
2522 1020 2663 1074 κατά
2691 1022 2895 1076 σκοπὸν
2937 1024 3037 1094 μὲν
3070 1026 3178 1077 τῶν
3212 1027 3446 1091 ἑκείνιις

1864 1111 2275 1183 γεγραμμένων
2304 1113 2524 1184 βάλλειν
2560 1115 2784 1180 ἐθέλων,
2818 1117 2968 1187 ὅμως
2995 1116 3054 1170 δὲ
3097 1119 3192 1172 καὶ
3235 1121 3446 1191 λίχναις

1864 1204 1980 1266 ταῖς
2019 1207 2260 1275 γραφαῖς
2293 1207 2481 1277 όρμῶν
2533 1208 2970 1280 ἐπιμελέστερον
3018 1211 3319 1282 ἀνηρεύνα,
3351 1213 3447 1266 καὶ

1864 1295 2022 1349 πάντ’
2049 1296 2196 1350 ἴθυνε
2224 1298 2370 1369 πρὸς
2397 1300 2490 1352 τὸν
2523 1300 2740 1370 πρῶτον
2768 1304 2974 1356 σκοπὸν
2996 1302 3226 1368 ἐκεῖνον,
3260 1304 3335 1369 ὡς
3358 1307 3447 1358 ἐπ’

1862 1387 2101 1457 ἀσφαλεῖ
2130 1390 2655 1461 πεπραγμάτευται.
2681 1393 2832 1465 Πλὴν
2854 1396 2956 1449 οὐκ
2982 1397 3067 1449 ἐπ’
3093 1397 3299 1467 ὀλίγοις
3323 1399 3446 1454 ἵστα

1863 1482 1979 1545 τοῖς
2011 1481 2292 1554 ἀριδήλοις
2341 1483 2471 1547 τοὺς
2519 1483 2734 1555 λόγους,
2774 1486 2914 1541 ἀλλὰ
2956 1488 3048 1542 καὶ
3094 1489 3189 1543 ἐπὶ
3222 1493 3335 1555 τοῖς
3369 1496 3446 1562 μὴ

1863 1574 2202 1645 ἁρμόττουσι
2228 1573 2631 1647 λιχνευόμενος,
2662 1573 2746 1642 οἷς
2778 1579 2876 1633 καὶ
2910 1580 3193 1651 ἀντιλογία
3222 1584 3446 1652 εὖ>.ογος

1863 1668 2095 1740 ἐφῆπτο,
2127 1668 2328 1722 ταυτόν
2364 1669 2413 1723 τ’
2441 1669 2651 1742 ἔπασχε
2674 1675 2787 1737 τοῖς
2816 1673 3148 1744 κακοσίτοις,
3174 1677 3224 1731 οἳ
3255 1682 3449 1750 χρησί-

1868 1778 1977 1833 μην
2001 1761 2213 1835 τροφὴν
2231 1764 2327 1817 καὶ
2345 1764 2422 1835 τῷ
2447 1767 2919 1839 στομάχῳιρᾳδίαν
2948 1774 3248 1842 κατασχεῖν
3273 1789 3449 1844 προσ-

172 1858 443 1928 πράξασι,
478 1858 963 1930 συγκροτουμένην
992 1859 1086 1910 καὶ
1123 1858 1232 1912 ἀπὸ
1256 1856 1493 1929 Γραφῶν
1513 1857 1756 1910 ἄλλοθεν.
1793 1901 1839 1958 Β
1864 1857 2181 1926 φερόμενοι,
2218 1855 2447 1927 ὕστερον
2487 1860 2583 1912 καὶ
2635 1863 2747 1925 τοῖς
2789 1862 2865 1935 μὴ
2910 1864 3215 1937 χρησίμοις
3248 1867 3448 1940 ἐπιχή-

174 1953 375 2005 [lintei
424 1951 557 2021 γοῦν
608 1952 689 2015 είς
736 1953 923 2022 χεῖρας
973 1950 1168 2021 ἐκείνῳ
1213 1949 1283 2002 τὰ
1335 1948 1415 2020 τῷ
1458 1947 1756 2018 σοφωτάτῳ
1793 1947 1836 1958 ”
1864 1965 2078 2012 ναντες,
2108 1948 2384 2020 ὲξέμεσαν
2413 1950 2614 2023 σύναμ’
2646 1954 2877 2017 ἐκείνοις
2906 1956 3001 2008 καὶ
3030 1957 3129 2029 τὴν
3163 1958 3447 2014 συνοίσου-

171 2046 460 2117 Βλεμμίδῃ
492 2045 774 2115 γραφέντα
810 2044 949 2117 πρός
977 2060 1038 2096 τε
1069 2044 1161 2097 τὸν
1194 2042 1420 2110 βασιλέα
1452 2042 1753 2118 Θεόδωρον,

169 2139 349 2209 ἀρχὴν
398 2138 591 2207 ἔχοντα
619 2136 702 2204 τὸ,
739 2153 758 2187 ι
814 2135 873 2189 '0
904 2135 1083 2206 ζητῶν
1116 2138 1175 2188 ὲν
1200 2134 1261 2189 οὐ
1293 2132 1470 2205 καιρῷ
1499 2134 1592 2187 καὶ
1619 2133 1758 2200 λαμ-

171 2230 356 2285 δάνων
388 2230 445 2283 ὲν
482 2228 682 2300 καιρῷ,
717 2246 736 2280 ι
772 2226 868 2281 καὶ
906 2229 972 2280 τὸ.
1000 2226 1134 2298 πρὸς
1163 2225 1253 2280 τὸν
1281 2226 1617 2294 Βουλγαρίας
1656 2225 1757 2278 ἰἀ-

168 2323 382 2386 κωὸον,
412 2322 495 2387 τὸ,
531 2339 551 2373 ι
592 2322 750 2375 Ἐστι
788 2338 877 2390 μοι
901 2320 1072 2383 πάθος
1104 2321 1241 2391 ὅπερ
1272 2319 1585 2389 ἐξαγγελῶν
1620 2317 1756 2388 πρὸς

166 2416 449 2486 ἁκέστορα
475 2413 584 2487 γὰρ
613 2414 759 2484 ἱερὸν
792 2432 811 2465 ι
846 2413 1134 2484 προοίμιον
1156 2412 1414 2482 φέροντα.
1458 2409 1755 2480 Ἑμπίπτει

168 2507 263 2564 καὶ
296 2508 483 2580 βίϐλος
514 2508 650 2580 ἄλλη
684 2506 779 2562 τοῦ
834 2506 1159 2579 Μαρωνείας
1193 2506 1435 2574 Νικήτα,
1481 2505 1541 2560 δν
1571 2506 1604 2575 ἡ
1656 2506 1754 2576 μὲν
1796 2564 1805 2571 ,

168 2687 274 2741 tuit
306 2685 453 2740 intra
487 2685 622 2742 lines
668 2696 956 2756 pactorum
983 2685 1187 2757 quibus
1223 2685 1367 2741 ultro
1402 2700 1461 2740 se
1500 2683 1752 2740 obstrin-

165 2789 327 2837 xerat
380 2783 501 2837 viro
547 2782 623 2836 illi
667 2783 952 2853 praestanti
991 2796 1192 2853 magno
1228 2793 1525 2836 (economo
1566 2779 1753 2834 Eccle-

165 2877 268 2932 sia:
320 2875 618 2933 Theodoro
661 2876 970 2947 Xiphilino,
1026 2876 1293 2949 pollicens
1348 2890 1409 2932 se
1442 2891 1550 2931 non
1608 2874 1752 2929 scri-

166 2976 403 3039 pturum
488 2978 586 3023 aut
670 2967 1147 3024 contradicturum
1224 2968 1374 3022 circa
1453 2965 1750 3036 dogmata,

164 3061 441 3134 quidquid
479 3062 572 3117 alii
621 3062 894 3117 dicerent.
931 3060 1069 3115 Cum
1100 3059 1246 3113 enim
1307 3058 1556 3127 quotidie
1601 3057 1750 3112 acci-

164 3168 331 3228 peret
364 3172 507 3212 nova
545 3155 959 3212 adversantium
993 3154 1221 3224 scripta,
1243 3152 1446 3221 quibus
1473 3151 1754 3208 invidiose

1866 2057 1984 2096 σαν.
2024 2042 2089 2095 Τί
2111 2042 2172 2096 τὸ
2212 2043 2500 2112 ἑντεῦθενς
2548 2046 2713 2118 Μὰχη
2742 2065 2826 2112 τις
2858 2049 2946 2102 ἐπ’
2973 2049 3034 2103 οὔ
3081 2044 3317 2125 καιρίοις
3348 2054 3445 2107 καὶ

1865 2131 2177 2201 φιλονεικία
2211 2136 2552 2225 συνίσταται.
2595 2139 2669 2192 Τὸ
2691 2138 2747 2192 δὲ
2780 2141 2881 2210 τῆς
2932 2142 3113 2213 μάχης
3144 2144 3445 2213 κεφάλαιον

1861 2227 1944 2280 ὅτι
1985 2228 2263 2282 κινοῦνται
2282 2228 2547 2300 δόγματα.
2580 2232 2799 2300 Μέλεοι,
2825 2230 2947 2287 εἶτα
2973 2235 3103 2307 ὑμῖν
3134 2238 3235 2306 μὲν
3258 2239 3445 2307 ἐφεῖτο

1864 2321 1921 2381 ὲς
1940 2319 2024 2373 ὅτι
2051 2320 2329 2392 χρήσασθε
2346 2322 2602 2392 δόγμασι,
2630 2326 2725 2379 καὶ
2751 2327 2929 2380 είσιτά
2952 2329 3010 2391 ἐς
3030 2326 3179 2382 οἶκον
3208 2331 3443 2402 Κυρίου,

1864 2414 2066 2467 ταυτὸν
2092 2415 2139 2468 δ’
2168 2416 2348 2469 εἰπεῖν
2397 2417 2491 2471 καὶ
2538 2417 2848 2489 δογμάτων,
2893 2420 2998 2475 κᾶν
3031 2424 3059 2476 ὅ
3108 2440 3161 2476 τι
3191 2424 3403 2493 λέγοιτε
3425 2441 3444 2458 ο

1863 2505 2045 2571 ἄλλοις
2077 2506 2121 2563 δ’
2156 2509 2257 2562 οὐκ
2282 2504 2352 2581 ἦν
2389 2510 2704 2582 μεμνῆσθαι
2742 2512 3031 2583 δογμάτων
3061 2516 3443 2590 ἀπολογουμέ-

1862 2688 1965 2743 viri
2024 2687 2314 2759 scriptum,
2368 2690 2528 2761 cujus
2582 2692 2812 2749 esthoc
2849 2694 3137 2752 exordium
3187 2712 3205 2754 ι
3250 2715 3271 2751 ι
3335 2698 3448 2755 La-

1865 2781 2000 2836 boro
2060 2781 2252 2837 morbo
2281 2797 2441 2853 quem
2497 2786 2740 2855 aperiam
2793 2800 2811 2841 :
2878 2802 3003 2843 cum
3064 2804 3225 2846 sacro
3294 2794 3443 2847 enim

1863 2873 2076 2929 medico
2139 2889 2323 2930 sermo
2380 2876 2516 2931 mihi
2569 2886 2674 2935 est.
2709 2896 2729 2931 ι
2772 2877 3048 2936 Praeterea
3104 2896 3243 2954 opus
3295 2885 3443 2941 aliud

1864 2966 2203 3023 Maronensis
2256 2966 2462 3023 Nicetes
2522 2969 2627 3024 viri
2682 2971 3033 3041 venerabilis,
3078 2975 3173 3045 qui
3224 2990 3290 3031 ex
3319 2992 3443 3033 ma-

1862 3074 1980 3132 gnae
2033 3058 2278 3116 ecclesia:
2344 3058 2768 3133 chartophylace
2844 3079 3055 3136 magna:
3146 3064 3444 3124 Thessalo-

1862 3152 2105 3209 nicensis
2180 3152 2438 3209 Ecclesia:
2531 3154 2983 3228 archiepiscopus
3062 3158 3273 3224 fuerat,
3332 3179 3444 3231 quo

163 3251 581 3322 exaggerabant
610 3249 816 3305 crimen
838 3247 1208 3301 admissorum
1236 3245 2029 3332 incommuuionemcopere
2118 3244 2274 3302 libris
2338 3246 2582 3318 quinque
2667 3246 3088 3319 explicabuntur
3140 3265 3171 3307 e
3240 3251 3443 3311 divinis

162 3343 526 3408 Latinorum,
552 3342 701 3412 quod
729 3340 865 3397 nihil
900 3341 1085 3395 minus
1119 3354 1284 3410 quam
1319 3338 1587 3393 nefariam
1618 3353 1751 3409 apo-

163 3439 405 3493 stasiam
462 3450 585 3491 esse
646 3434 1083 3499 contendebant,
1122 3432 1177 3487 id
1233 3432 1626 3488 demonstrare
1691 3447 1752 3487 se

162 3538 437 3601 putantes
502 3526 683 3583 certis
744 3540 867 3597 quae
955 3524 1270 3595 atlegabant
1333 3524 1750 3595 Scripturarum

165 3622 536 3689 testimoniis,
600 3621 1082 3692 adjuugebantque
1140 3619 1292 3688 ipsos
1344 3616 1480 3674 falsa
1535 3617 1640 3674 ista
1701 3626 1755 3671 et

168 3732 444 3788 perversa
476 3717 796 3782 securitate,
822 3729 930 3785 qua
966 3712 1136 3782 impio
1168 3712 1315 3766 iacto
1345 3710 1495 3766 velut
1529 3718 1683 3765 recto
1701 3717 1757 3763 et

165 3809 441 3867 laudabili
475 3825 571 3880 per
607 3823 853 3865 errorem
890 3806 1098 3862 delusa:
1142 3804 1502 3861 conscientiae
1532 3805 1755 3875 acquie-

160 3905 431 3971 scebant,
475 3904 783 3959 accendere
844 3904 896 3957 in
927 3918 988 3959 se
1038 3903 1153 3957 iras
1216 3901 1451 3970 odiaque
1514 3898 1748 3953 aliorum

159 4011 403 4068 prop'er
435 3998 743 4053 caecitatem
770 3996 964 4059 animi,
992 4009 1102 4065 qua
1138 4009 1246 4048 nou
1277 3991 1520 4062 cognitis
1552 3990 1754 4061 quibus

159 4089 425 4161 impliciti
476 4088 751 4144 haererent
804 4087 967 4144 malis
1004 4089 1060 4142 in
1112 4086 1179 4141 iis
1222 4086 1327 4142 sibi
1353 4086 1754 4157 placerent,—

160 4198 296 4238 cum
356 4180 545 4253 hujus,
609 4182 858 4252 inquam,
918 4182 1207 4238 sententiae
1268 4179 1484 4234 libellos
1532 4176 1755 4247 prodire

158 4277 473 4349 spargique
498 4275 554 4329 iu
585 4275 784 4345 vulgus
809 4274 1079 4345 plurimos
1117 4280 1393 4335 cerneret,
1434 4279 1753 4341 pertractus

162 4371 395 4424 tandem
449 4370 516 4423 ad
574 4369 930 4425 scribendum
978 4376 1086 4434 est,
1154 4374 1455 4436 contraque
1523 4361 1755 4417 demou-

162 4459 469 4515 strandum
513 4459 851 4517 testimoniis
884 4459 1094 4530 pariter
1141 4458 1477 4526 scriptorum
1511 4456 1751 4509 authen-

166 4551 442 4615 ticorum,
479 4552 615 4606 nihil
644 4568 672 4605 a
711 4567 770 4606 se
803 4558 900 4605 aut
935 4566 962 4602 a
992 4565 1124 4605 suas
1161 4560 1347 4620 partes
1383 4548 1751 4618 sequentibus

164 4653 423 4700 erratum
480 4646 535 4701 in
572 4646 834 4701 omnibus
864 4659 987 4715 qua:
1046 4618 1319 4699 hactenus
1365 4643 1609 4711 egissent
1651 4654 1751 4711 pro
1784 4618 1828 4673 θ

166 4752 309 4807 pace
338 4739 692 4794 concilianda
760 4737 1161 4801 Ecclesiarum,
1212 4736 1309 4791 sed
1368 4735 1452 4791 vel
1508 4735 1556 4791 si
1591 4735 1740 4790 nulla

162 4830 317 4885 ratio
355 4831 656 4888 haberetur
689 4832 990 4887 utilitatum
1029 4828 1330 4901 ingentium
1370 4844 1493 4899 quae
1542 4844 1609 4885 ex
1644 4829 1749 4886 hac

161 4920 629 4980 reconciliatione
658 4925 713 4980 in
745 4921 1139 4994 rempublicam
1194 4936 1509 4977 universam
1548 4922 1751 4976 redun-
1808 4986 1815 4993 ,

160 5017 399 5077 darent,
446 5013 620 5081 ipsam
660 5027 753 5083 per
783 5030 845 5071 se
885 5014 1244 5070 cencordiam
1296 5012 1750 5069 honestissimam

162 5111 350 5164 fuisse
392 5114 769 5174 remotamque
808 5107 877 5163 ab
918 5108 1069 5163 omni
1114 5105 1368 5179 periculo
1396 5106 1756 5163 conscientia:

164 5200 483 5262 Ia-dendae.
572 5197 776 5270 quippe
829 5199 989 5268 cujus
1069 5201 1302 5270 aequitas
1377 5209 1431 5256 et
1488 5202 1755 5257 sanctitas

162 5290 611 5347 auctoritatibus
688 5300 935 5346 veterum
1003 5288 1231 5347 Patrum
1290 5291 1755 5363 gravissimisque

161 5385 338 5459 477
379 5384 563 5441 omnis
608 5384 828 5455 generis
864 5400 1038 5441 sacra:
1071 5386 1422 5457 antiquitatis
1471 5384 1755 5456 suffragiis

161 5482 393 5552 egregie
421 5477 814 5533 commendata
848 5478 1205 5549 probaretur.
1243 5478 1542 5534 Prociucto
1566 5488 1750 5534 autem
1790 5492 1801 5502 '

160 5572 357 5627 Vecco
387 5570 458 5625 ad
485 5570 588 5625 hoc
622 5570 975 5625 tractandum
1015 5580 1403 5640 argumentum
1437 5571 1755 5626 inciderunt

166 5664 322 5719 forte
350 5666 405 5717 in
450 5678 650 5719 manus
683 5679 805 5734 quae
840 5664 1294 5734 sapientissimus
1322 5664 1655 5720 Blemmidas
1686 5666 1752 5719 ad

167 5758 564 5825 imperatorem
619 5755 968 5812 Theodorum
1041 5758 1343 5827 scripserat
1386 5759 1487 5811 hoc
1541 5758 1749 5813 initio:

173 5866 195 5900 ι
229 5848 332 5915 Qui
367 5847 563 5919 quaerit
594 5863 704 5901 non
756 5850 809 5901 iu
871 5858 1120 5916 tempore
1156 5856 1205 5900 et
1251 5845 1450 5915 accipit
1511 5847 1565 5899 in
1613 5855 1754 5900 tem-

168 5958 359 6014 pore;
409 5961 428 5995 ›
469 5955 525 5998 et
571 5942 718 5995 aliud
754 5941 819 5995 ad
868 5939 1133 5995 Jacobum
1176 5938 1444 6010 Bulgaria:
1502 5941 1751 6011 ejusdem

496 6035 768 6099 Ρλτιιοιη
814 6038 925 6097 Gn.
965 6037 1055 6096 CX
1073 6036 1193 6097 Llll

1864 3336 2169 3407 Scripturis
2201 3351 2323 3408 quae
2356 3338 2423 3393 ad
2456 3352 2646 3408 pacem
2701 3339 3068 3396 ecclesiarum
3102 3346 3445 3401 constituen-

1861 3429 1987 3485 dam
2018 3430 2379 3500 pertinerent.
2412 3428 2540 3486 Haec
2576 3430 2748 3501 igitur
2778 3432 2992 3490 Veccus
3028 3444 3290 3492 accurate
3332 3438 3441 3495 sibi

1860 3526 2003 3581 lecta
2026 3523 2356 3594 scriptionis
2395 3539 2564 3594 quam
2632 3523 3011 3583 meditabatur
3039 3531 3211 3600 quasi
3240 3530 3445 3585 funda-

1860 3624 2046 3670 menta
2088 3613 2282 3669 habuit
2312 3628 2329 3679 ;
2362 3615 2570 3685 quibus
2598 3614 2823 3673 aliunde
2871 3617 3141 3691 colligens
3201 3625 3444 3677 astruxit

1860 3707 2122 3777 plurima,
2185 3719 2287 3778 pro
2341 3720 2513 3776 scopo
2582 3707 2804 3763 intuens
2863 3708 3001 3764 illud
3058 3711 3237 3782 ipsum
3291 3717 3441 3784 quod

1859 3800 2095 3854 istorum
2128 3798 2663 3854 commentariorum
2692 3810 2951 3857 auctores
2981 3803 3088 3859 sibi
3128 3820 3442 3875 proposue-

1863 3900 2009 3948 rant.
2048 3891 2408 3947 Contendens
2455 3901 2640 3947 autem
2701 3894 2769 3950 ad
2821 3894 2989 3952 istum
3048 3897 3211 3954 linem
3238 3900 3442 3971 cupido

1858 3984 2097 4057 quodam
2133 3985 2337 4055 impetu
2396 3984 2702 4052 scribendi,
2768 3986 3008 4059 indeque
3050 4001 3441 4061 perscrutatus

1859 4078 2079 4151 singula
2133 4078 2478 4148 diligentius,
2557 4088 2760 4133 cuncta
2809 4079 3014 4135 direxit
3069 4082 3137 4137 ad
3197 4085 3437 4155 primum

1858 4172 2010 4229 illum
2043 4186 2271 4243 scopum
2334 4170 2758 4227 demonstrandi
2802 4181 2950 4228 recte
3020 4188 3086 4230 ac
3151 4192 3346 4232 secure
3382 4181 3436 4232 iu

1858 4267 1962 4322 hac
2012 4264 2327 4321 concordiae
2386 4266 2723 4320 tractatione
2755 4272 2878 4320 acta
2928 4280 3052 4322 esse
3094 4270 3305 4323 omnia.
3332 4254 3445 4325 Vel

1859 4373 1984 4413 rum
2014 4366 2179 4429 capto
2225 4356 2397 4413 semel
2454 4357 2665 4427 impetu
2700 4356 2981 4415 scribendi
3010 4374 3119 4414 non
3159 4359 3213 4415 in
3244 4362 3439 4432 paucis

1860 4453 1972 4510 illis
2041 4438 2292 4508 constitit
2347 4466 2470 4522 qua:
2498 4450 2956 4506 demonstrantur
3019 4453 3350 4511 evidenter:
3382 4467 3439 4511 at

1859 4547 2156 4619 prolapsus
2203 4545 2467 4602 aviditate
2505 4545 2746 4617 quadam
2779 4547 2885 4601 alia
2918 4545 3005 4604 his
3036 4549 3271 4604 attexuit
3322 4565 3434 4605 non

1861 4640 2273 4705 convenientia,
2310 4638 2630 4710 quibusque
2672 4654 2783 4693 non
2818 4638 2939 4695 sine
2969 4640 3187 4697 ratione
3218 4652 3441 4698 contra-

1860 4736 2071 4792 dictum
2126 4744 2231 4800 est,
2265 4733 2442 4789 simile
2486 4733 2618 4803 quid
2673 4747 2868 4803 passus
2894 4730 2961 4788 iis
3010 4733 3102 4803 qui
3138 4735 3319 4800 crudi,
3385 4746 3440 4791 et

1858 4828 2149 4887 stomacho
2176 4828 2415 4891 inlirmo.
2449 4827 2541 4881 ubi
2565 4826 2752 4882 cibum
2785 4827 2975 4883 utilem
3006 4836 3061 4883 et
3094 4828 3277 4886 facilis
3308 4846 3442 4887 con-

1859 4920 2133 4978 coctionis
2158 4927 2544 4990 perceperunt,
2576 4918 2684 4972 alia
2712 4933 2881 4988 super
2917 4918 3175 4989 ingerunt
3202 4936 3311 4975 non
3346 4938 3436 4977 sa-

1860 5015 2063 5079 lubria,
2098 5011 2239 5085 gula:
2290 5010 2557 5066 inhiantis
2587 5010 2851 5066 aviditate
2900 5012 3086 5077 tracti,
3122 5012 3268 5070 unde
3298 5029 3439 5071 con-
3529 5039 3537 5047 -

1863 5115 2040 5163 tracta
2072 5118 2276 5159 nausea
2338 5102 2715 5174 profuturum,
2751 5103 2799 5158 si
2832 5104 3013 5159 solum
3076 5105 3296 5171 fuisset,
3329 5108 3435 5161 ali-

1861 5207 2133 5262 mentum,
2169 5212 2281 5251 una
2323 5211 2449 5251 cum
2504 5194 2671 5250 noxio
2724 5197 2928 5265 pariter
2953 5207 3237 5253 evomunt.
3292 5186 3436 5265 Quid

1863 5304 2047 5350 autem
2102 5291 2272 5365 478
2317 5289 2446 5345 inde
2505 5296 2860 5343 consecutum
2927 5289 3074 5345 est?
3124 5291 3435 5346 Coullatum

1862 5401 2060 5457 nempe
2122 5392 2403 5439 certamen
2471 5381 2918 5450 intempestivum
2971 5383 3439 5453 commissumque

1855 5478 2124 5551 jurgium,
2159 5476 2363 5531 acriter
2404 5472 2842 5543 repugnantibus
2899 5470 3079 5527 Vecco
3132 5474 3387 5544 plurimis
3420 5490 3436 5538 ;

1859 5584 2095 5643 quorum
2126 5569 2181 5623 in
2219 5569 2400 5638 ipsum
2435 5566 2788 5635 querelarum
2823 5565 2926 5620 hoc
2942 5575 3107 5634 caput
3140 5575 3265 5621 erat
3286 5570 3434 5636 quod

1859 5681 1954 5737 per
2007 5678 2126 5717 eum
2186 5668 2540 5713 moverentur
2588 5656 2865 5726 dogmata,
2933 5658 3079 5726 quod
3136 5665 3260 5716 tam
3316 5661 3437 5730 ipse

1860 5773 2024 5830 quam
2061 5756 2111 5811 ei
2141 5754 2482 5808 adhaerentes
2516 5753 2663 5806 rixas
2713 5749 2907 5805 inanes
2936 5760 3206 5807 sererent.
3253 5752 3436 5810 Adde-

1860 5852 1993 5907 bant
2030 5870 2042 5905 :
2084 5868 2101 5901 ι
2140 5846 2333 5900 Liceat
2375 5858 2509 5899 sane
2556 5843 2816 5914 priVatim
2878 5846 3012 5901 istas
3050 5844 3195 5901 inter
3228 5862 3326 5901 vos
3366 5846 3433 5901 de

1861 5947 2117 6018 dogmate
2179 5940 2388 6013 agitare
2431 5940 2864 6004 controversias,
2928 5938 3023 5994 sed
3051 5938 3318 5996 abstinete
3363 5940 3431 5994 ab

2998 6034 3073 6096 30
