3964 6536
507 432 632 495 933

1735 425 1990 486 GEORG
2004 424 2059 483 ll
2104 418 2585 481 PACllYMERrE
2674 476 2689 487 ,

3676 404 3781 467 940

515 561 626 605 νοις
659 544 788 610 περὶ
818 540 1127 611 δογμάτων,
1159 538 1261 593 κᾶν
1296 540 1610 610 μεμνῶνται
1635 537 2095 604 ἀναγκαζόμενοι,
2130 537 2175 592 Α
2201 532 2392 585 δεινόν.
2456 522 2645 593 Δίδοὺς
2712 527 2760 584 δ’
2816 527 2931 582 αίὶν
2992 522 3396 595 ὑπεκκαύματα
3451 523 3633 593 μάχης
3683 523 3787 577 οὐκ

515 633 758 686 ἀδικοῖεν
785 634 890 699 άν;
939 631 1080 700 Ἐγὼ
1116 631 1216 700 μὲν
1260 631 1360 685 οὐκ
1393 628 1569 699 οἶμαι.
1610 626 1758 698 Πλὴν
1800 628 1963 698 μέχρι
2002 626 2095 679 καὶ

515 725 697 778 αὐτῶν
738 722 1035 793 βασιλικῶν
1080 723 1261 776 ἀκοῶν
1306 740 1453 787 τινες
1481 722 1682 793 ἀνῆγον
1712 721 1773 775 τὸ
1820 720 2094 789 ἔγκλημα,

515 817 614 869 καί
644 817 696 884 γ’
732 815 1041 886 εἰρηνεύειν
1074 813 1139 887 [Ρ
1170 814 1296 888 ὖΞἹ]
1334 814 1714 886 ὑπισχνοῦντο,
1746 814 1794 866 εί
1839 812 2097 881 βασιλεὺς

518 909 701 979 ῥητῶς
737 909 1075 978 προστάσσοι
1104 911 1178 978 μὴ
1210 908 1392 962 λαλεῖν
1419 925 1539 962 τινα
1565 908 1833 976 δόγματα,
1874 906 1978 959 κᾶν
2009 898 2099 959 οἶα

516 1002 614 1056 καὶ
653 1002 801 1066 ὅπως
836 1000 1008 1069 λέγοι.
1048 999 1111 1056 Ὀ
1147 1001 1334 1071 μέντοι
1382 1018 1445 1069 γε
1492 1000 1746 1070 βασιλεὺς
1785 997 1954 1051 θέλων
1999 997 2100 1067 μὲν

520 1094 618 1147 καὶ
655 1093 755 1163 τὴν
790 1096 1015 1165 εἰρήνην
1064 1094 1314 1157 ἐκείνων,
1350 1091 1719 1163 δυσχεραίνων
1765 1090 1822 1144 δὲ
1856 1090 1952 1143 καὶ
1998 1089 2100 1157 τὴν

516 1189 759 1257 αἴτησιν,
796 1186 1073 1241 ἐκτίθεται
1116 1188 1368 1257 δόγματα
1402 1186 1721 1258 γράμμασι,
1759 1182 1973 1263 δοκοῦν⁷
2001 1182 2105 1251 μὲν

520 1278 764 1346 ἀσφαλὲς
799 1279 984 1347 σφίσιν
1016 1279 1102 1348 ἐφ’
1134 1275 1288 1351 ᾧπερ
1337 1280 1572 1346 ζητοῖεν,
1604 1277 1780 1341 ἄλλως
1810 1277 1854 1330 δ’
1881 1277 2102 1347 ἔλεγχον

520 1371 942 1441 προϊσχόμενον.
980 1372 1114 1425 Θεοῦ
1149 1373 1281 1443 γὰρ,
1316 1372 1495 1440 ἔλεγε,
1532 1371 1934 1443 μνημονευτέον
1968 1372 2103 1439 μᾶλ-

520 1461 672 1531 λον-ἧ
728 1462 1153 1519 ἀναπνευστέον.
1206 1463 1395 1532 Δόγμα
1448 1462 1560 1533 ἄρα
1617 1461 1807 1533 μνήμη
1839 1460 1999 1515 Θεοῦ.
2031 1460 2105 1513 Τὸ

520 1558 710 1628 μέντοι
745 1575 810 1627 γε
843 1559 952 1612 τῶν
982 1558 1219 1630 ι’ραφῶν
1245 1558 1638 1630 παρεκκλίνειν
1663 1556 1935 1612 κωλυτέον
1962 1552 2105 1611 εἶναι

520 1650 779 1718 καθάπαξ
822 1651 1214 1724 προσέτασσεν.
1266 1653 1339 1704 Οὐ
1370 1652 1478 1722 μὴν
1515 1650 1573 1705 δέ
1603 1652 1701 1704 καὶ
1730 1651 1913 1716 αίτίας
1942 1652 1971 1704 ὁ
1994 1667 2102 1704 πα-

519 1746 797 1817 τριαρχῶν
822 1744 1141 1807 άπολέλυτσ,
1167 1745 1400 1814 πρᾶγμα
1432 1745 1739 1817 αιρῤωθὶν
1765 1744 1867 1816 ἤδη
1892 1746 2106 1814 χρόνοις

521 1837 799 1902 πλείστοις
834 1837 1165 1905 ἐξαπιναίως
1208 1837 1504 1908 μαλάττειν
1544 1836 1769 1901 ἐθέλων,
1803 1836 2103 1890 καὶταῦτα

520 1928 816 2000 τιμωρίαις
847 1932 1133 2000 μεγίσταις
1166 1929 1259 1984 τοῦ
1286 1927 1551 2000 βασιλέως
1580 1929 1705 1992 τοὺς
1736 1929 2103 1984 άποστατοῦν-

521 2038 623 2085 τας
655 2022 994 2086 εὐθύνοντος.
1028 2023 1251 2093 Σῶςιςρον
1305 2021 1398 2076 οὖν
1453 2018 1541 2093 ἦν.
1574 2023 1624 2076 εί
1671 2022 1841 2091 σιγῶν
1878 2022 2105 2076 διετέλει

522 2114 616 2167 καὶ
642 2113 742 2184 τὴν
770 2116 1107 2186 κατηγορίαν
1133 2112 1347 2184 διέφερε
1378 2112 1569 2209 πράως
1586 2128 1603 2144 θ
1634 2106 1797 2182 ἦττον
1821 2112 1929 2183 γὰρ
1948 2107 2019 2183 ἦν
2048 2111 2107 2166 τὸ

518 2293 611 2348 liis
636 2292 782 2350 rixis
813 2290 1233 2349 introducendis
1270 2290 1575 2373 indomum
1607 2290 1849 2355 Domini,
1883 2309 1904 2344 ι
1942 2290 2105 2361 quasi

524 2384 774 2439 dicerent
805 2403 819 2439 :
854 2382 1111 2440 «Sentire
1134 2398 1231 2439 vos
1252 2393 1306 2438 et
1325 2383 1476 2453 loqui
1505 2383 1763 2453 privatim
1790 2384 1856 2439 de
1881 2384 2111 2454 dogma-

529 2475 679 2533 tibus
712 2485 771 2529 ιιι
792 2475 986 2537 vultis,
1006 2473 1172 2530 fuerit
1195 2474 1500 2529 tolerabile.
1528 2472 1665 2529 Illud
1692 2474 2055 2543 deprecamur
2090 2488 2105 2526 :

528 2573 832 2633 temperate
873 2563 942 2618 ab
1000 2562 1089 2618 liis
1140 2561 1643 2643 disceptationibus
1703 2563 1995 2631 vulgandis
2047 2570 2106 2620 et

530 2653 801 2725 turbanda
834 2655 1193 2727 simplicitate
1230 2655 1388 2715 rudis
1418 2656 1609 2727 populi
1648 2656 1787 2712 bona
1831 2658 1937 2719 [ide
1984 2664 2109 2712 tra-

524 2749 658 2807 ditis
700 2748 1132 2820 acquiescantis.
1177 2767 1196 2802 ι
1238 2747 1331 2805 Ha:
1372 2750 1671 2807 multorum
1699 2764 1865 2807 voces
1895 2750 2110 2820 {audie-

526 2843 729 2896 bantur
766 2841 1063 2901 occasione
1091 2840 1427 2911 scriptorum
1479 2840 1667 2909 Vecci,
1698 2842 1753 2897 in
1821 2842 2028 2912 quibus
2051 2849 2107 2897 et

529 2930 667 2989 illud
716 2931 940 3001 quidam
987 2932 1485 3003 reprehendebant,
1530 2934 1679 3003 quod
1728 2933 1781 2987 in
1817 2933 1886 2990 iis
1920 2933 2106 3003 iniqua

527 3025 846 3080 conditione
894 3034 1175 3080 certamen
1218 3039 1345 3080 cum
1395 3006 2102 3097 adversariisrapesseret,

527 3115 846 3185 disceptans
885 3115 1004 3187 ipse
1054 3117 1122 3171 de
1175 3114 1455 3188 dogmate,
1506 3133 1619 3185 qua
1661 3118 1730 3174 de
1780 3132 1841 3173 re
1896 3118 2109 3172 sciebat

2203 622 2470 692 ἀσφαλέσι
2500 625 2738 690 πάμπαν
2784 619 3116 688 ἀντιλογίαις
3147 618 3377 681 ἐκείνοις
3413 618 3514 687 μὲν
3554 616 3788 687 παρεῖχε

2200 716 2392 780 λαϐάς,
2445 715 2626 783 ἐαυτῷ
2668 714 2726 768 δὲ
2770 716 3013 777 καὶτοῖς
3067 711 3384 767 κοινωνοῦσι
3415 709 3516 780 τὴν
3562 708 3789 771 ἐσαῦθις

2202 806 2409 878 βλάϐην
2439 806 2744 878 προὺξίνει.
2793 806 2928 859 Τότε
2974 805 3033 860 δὲ
3079 804 3179 874 τὴν
3230 802 3432 872 Ἰωσὴφ
3478 803 3790 872 πυθόμενος

2201 898 2411 969 ἄφιξιν,
2443 898 2525 951 ἔτι
2554 897 2609 951 δὲ
2638 898 2734 951 καὶ
2764 897 2863 967 τὴν
2887 895 2982 951 τοῦ
3024 898 3249 966 Ἐφέσου
3273 895 3352 965 τῷ
3381 895 3591 967 βασιλεί
3621 910 3793 966 προσ-

2202 991 2387 1061 εδρίαν
2428 993 2485 1046 ἐν
2513 990 2577 1045 οὐ
2615 989 2807 1054 καλαῖς
2845 991 3104 1058 ὑποψίαις
3146 987 3494 1056 ποιούμενος,
3522 985 3789 1041 ἐπιστέλο

2202 1085 2285 1138 λαι
2319 1084 2398 1156 τῷ
2460 1086 2709 1154 Ἑφέσου.
2747 1085 3064 1155 προστιθεὶς
3108 1082 3171 1136 τὸ
3229 1084 3337 1137 πᾶν
3376 1080 3455 1151 τῷ
3509 1081 3793 1151 ίερωτὰτῳ

2205 1178 2350 1231 κατά
2385 1178 2650 1242 θωπείαν,
2689 1176 2771 1247 τῷ
2810 1178 3046 1248 γράφειν
3099 1175 3527 1247 πανιερὼτατον.
3566 1176 3793 1230 Βασιλεί

2204 1273 2558 1342 ἐντυγχάνειν
2594 1271 2769 1342 ἠξίου,
2801 1273 2901 1341 τὴν
2945 1272 3023 1332 είς
3069 1271 3277 1324 ἐκεῖνον
3304 1269 3400 1322 τοῦ
3442 1268 3790 1338 πατριάρχου

2206 1364 2390 1435 ἄφιξιν
2411 1365 2655 1434 εὐμενῶς
2677 1364 3018 1427 κατανεύειν,
3039 1363 3087 1417 εί
3108 1362 3166 1417 δὲ
3196 1362 3290 1417 καὶ
3312 1360 3491 1433 ῥητῶς
3516 1361 3796 1430 προστάσ-

2207 1474 2314 1522 σοι,
2350 1459 2485 1528 πρὸς
2511 1458 2672 1515 τοῦτο
2714 1457 2960 1511 εἴσεσθαι
2999 1456 3160 1528 χάριν
3186 1457 3246 1511 οὐ
3281 1454 3507 1526 μετρίαν
3537 1454 3618 1524 τῷ
3658 1470 3794 1506 συν·

2206 1548 2524 1618 εργήσαντι.
2574 1548 2813 1612 Ἐκεῖνος
2865 1548 2964 1617 μὲν
3019 1543 3113 1602 οὖν
3174 1545 3242 1601 τά
3297 1543 3390 1599 τοῦ
3443 1542 3791 1614 πατριάρχου

2206 1642 2500 1712 δεξάμενος
2533 1642 2861 1712 γράμματα,
2916 1642 3083 1696 θέλων
3119 1638 3512 1710 ὑποκρίνεσθαι
3552 1637 3647 1691 τὸν
3697 1654 3793 1705 φι-

2208 1731 2405 1786 λοῦντα
2423 1728 2511 1800 (ἦν
2536 1733 2643 1802 γάρ
2667 1734 2719 1787 ot
2753 1734 2848 1789 καὶ
2884 1733 2967 1788 ἔτι
3008 1733 3115 1789 τῶν
3142 1732 3307 1803 χθιζά
3329 1729 3660 1802 κινηθέντων
3683 1728 3793 1800 χά·

2212 1841 2296 1895 ριν
2338 1827 2870 1897 παρασπαίρσυσαή
2920 1823 3234 1897 ἀπέχθεια),
3286 1822 3498 1894 βασιλεῖ
3541 1837 3793 1892 προσαγ-

2210 1917 2389 1987 γέλλει
2424 1919 2517 1972 καί
2551 1920 2601 1971 nl
2637 1917 2789 1975 ἀνύει
2833 1919 2934 1989 τὴν
2970 1920 3108 1990 πρὶς
3137 1920 3342 1972 ἐκεῖνον
3375 1916 3584 1989 ἄφιξιν.
3616 1916 3702 1980 Τά
3738 1914 3794 1966 δέ

2206 2009 2307 2080 τῆς
2332 2011 2633 2081 ἀπεχθείας
2663 2013 2812 2066 αἴτια
2842 2012 3161 2083 (ἀναγκαῖον
3184 2012 3291 2082 γὰρ
3317 2010 3410 2063 καὶ
3434 2009 3560 2080 περὶ
3584 2007 3792 2060 τούτων

2206 2102 2404 2171 εἰπεῖν)
2428 2096 2571 2173 ἦσαν
2609 2102 2710 2174 μέν
2738 2119 2864 2157 τινα
2892 2102 2987 2158 καὶ
3019 2101 3175 2171 ἄλλα,
3212 2096 3287 2159 ὧν
3317 2102 3378 2155 οὺ
3411 2100 3579 2165 πολὺς
3605 2100 3697 2169 λόγ
3709 2117 3790 2164 ος,

2207 2277 2432 2351 quidem
2462 2280 2690 2336 omnino
2749 2280 3065 2352 prohibere.
3104 2278 3222 2353 Sic.
3248 2278 3364 2336 ille.
3394 2277 3509 2335 Nec
3538 2292 3639 2351 per
3680 2277 3788 2332 hoc

2210 2382 2390 2443 tamen
2428 2372 2588 2444 plane
2617 2374 2782 2444 culpa
2807 2374 3129 2431 solvebatur
3159 2374 3503 2446 patriarcha.
3544 2372 3644 2443 qui
3668 2387 3786 2426 rem

2209 2467 2522 2523 induratam
2558 2468 2863 2524 inveterata
2890 2470 3249 2540 possessione
3281 2467 3588 2539 longissimi
3642 2474 3783 2521 tern-

2208 2560 2362 2629 poris
2383 2569 2607 2630 repente
2648 2561 2861 2615 mollire
2887 2561 3281 2633 aggrederetur
3313 2578 3330 2627 ;
3367 2559 3780 2631 aggravabant-

2209 2666 2318 2722 que
2347 2651 2608 2708 invidiam
2638 2668 2812 2722 pretia:
2848 2666 3067 2711 atroces
3119 2655 3190 2711 ab
3235 2654 3569 2723 imperatore
3621 2667 3784 2722 repu-

2207 2744 2507 2813 gnantibus
2542 2743 2782 2802 inﬂictae.
2814 2744 3130 2817 Sapientius
3165 2745 3332 2816 igitur
3356 2744 3606 2803 facturus
3635 2752 3780 2807 erat,

2207 2837 2253 2893 si
2286 2845 2491 2894 taceret
2518 2842 2882 2907 accusarique
2934 2854 3058 2897 sese
3086 2840 3367 2896 moderate
3395 2854 3462 2895 ac
3503 2848 3784 2896 mansuete

2208 2930 2510 2986 sustineret
2544 2949 2557 2985 :
2594 2932 2778 2988 minus
2809 2933 2956 2987 enim
3018 2933 3071 2987 id
3104 2933 3309 2989 malum
3348 2939 3491 3001 erat,
3528 2930 3683 2987 Nunc
3715 2931 3781 2986 ad

2208 3039 2401 3081 omnes
2461 3025 2937 3082 contradictiones
2989 3026 3381 3092 exardescens,
3421 3035 3478 3082 et
3542 3023 3825 3103 fornqu

2207 3129 2426 3185 semper
2471 3131 2609 3170 nova
2650 3116 2903 3187 ﬂagranti
2942 3116 3062 3187 plus
3096 3118 3230 3173 satis
3272 3131 3369 3187 per
3393 3131 3453 3171 se
3492 3116 3629 3172 rixa:
3663 3117 3785 3171 sub-

528 3208 650 3269 nliis
680 3207 963 3271 silentium
1016 3207 1308 3263 indictum.
1342 3206 1399 3261 ln
1434 3224 1544 3279 quo
1609 3210 1655 3265 si
1684 3223 1782 3265 eos
1828 3209 2109 3289 lacessere
2136 3238 2182 3302 ε
2208 3204 2434 3275 jiciens,
2490 3207 2878 3263 contentiones
2935 3207 3194 3263 accendit
3253 3207 3307 3262 in
3339 3206 3548 3277 aliquid
3587 3205 3691 3276 ipsi
3719 3202 3784 3259 ad

528 3310 799 3370 pergeret,
840 3300 963 3354 etii
996 3315 1096 3371 pro
1139 3301 1459 3363 necessaria
1518 3300 1965 3371 propugnatione
2018 3316 2107 3356 re-

527 3404 704 3463 cepta:
743 3392 1012 3449 doetrina:
1047 3384 1387 3449 mentionem
1415 3393 1471 3451 in
1497 3378 1889 3464 respondendo
1922 3393 2109 3451 facere

527 3495 854 3557 cogerentur
936 3487 1281 3556 dogmntum,
1356 3502 1426 3542 an
1493 3497 1691 3543 contra
1758 3487 2106 3547 interdictum

524 3586 754 3648 agerent
787 3588 840 3634 et
872 3578 996 3648 jure
1050 3581 1455 3637 mulcmrentur
1481 3574 1781 3651 i’equidem
1814 3582 1959 3637 baud
1984 3597 2111 3639 cre-

530 3672 786 3727 diderim.
828 3672 971 3732 illud
1008 3673 1152 3738 scio,
1183 3674 1422 3742 perlatas
1450 3688 1623 3745 usque
1654 3675 1724 3731 ad
1754 3690 1924 3731 aures
1954 3674 2109 3745 prin-

522 3763 671 3834 cipis
701 3765 1087 3823 accusationes
1131 3781 1200 3821 eo
1227 3768 1452 3825 nomine
1482 3767 1755 3825 adversus
1793 3768 2034 3828 Veceum
2078 3784 2109 3824 a

538 3856 855 3922 nonnullis,
904 3858 1294 3929 pollicentibus
1351 3862 1712 3932 acquieturos
1764 3877 1886 3919 sese
1944 3878 2113 3933 porro

525 3945 639 4014 jam
697 3951 919 4004 statutis
973 3958 1028 4005 et
1090 3950 1145 4004 in
1201 3966 1334 4023 pace
1387 3953 1680 4041 tranquille
1733 3955 2110 4058 perstituios,

533 4039 694 4092 modo
741 4039 946 4095 diserte
994 4052 1205 4097 vetaret
1251 4044 1556 4114 imperator
1608 4039 1677 4099 ne
1711 4039 2009 4117 quisquan‘t
2052 4048 2107 4102 in

532 4131 600 4187 iis
628 4148 750 4202 quae
773 4133 1039 4203 deinceps
1059 4135 1362 4192 ederentur
1395 4137 1624 4208 scriptis
1678 4137 1880 4209 dogma
1925 4138 2109 4209 ipsum

531 4222 854 4295 attingeret,
888 4238 1078 4293 pacein
1121 4225 1265 4280 tueri
1303 4240 1370 4280 ac
1426 4236 1577 4281 recte
1612 4225 1877 4297 justeque
1909 4225 2109 4282 initam

530 4318 960 4390 quibuscunque
1002 4317 1123 4372 aliis
1202 4318 1366 4375 vellet
1424 4334 1490 4376 ac
1533 4328 1721 4391 posset
1768 4323 2113 4392 argumentis

2211 3305 2515 3353 extremum
2549 3294 2924 3369 perniciosum
2948 3307 3245 3371 erupturas
3276 3318 3291 3355 :
3333 3315 3445 3355 non
3479 3298 3627 3359 enim
3672 3305 3783 3351 tam

2212 3393 2374 3445 caute
2426 3388 2601 3443 multa
2626 3389 2916 3460 disputare
2965 3398 3202 3459 poterat,
3241 3389 3374 3461 quin
3414 3388 3572 3444 daret
3624 3403 3783 3443 ansas

2213 3479 2571 3553 adversariis,
2603 3496 2741 3552 quas
2768 3481 2848 3536 illi
2894 3483 3229 3553 quandoque
3281 3481 3623 3553 arripientes
3680 3477 3782 3551 ipsi

2212 3580 2268 3629 et
2297 3572 2419 3643 ejus
2463 3574 2800 3645 sequacibus
2839 3575 2986 3632 baud
3046 3576 3184 3633 levia
3214 3575 3415 3632 deinde
3478 3576 3781 3631 intulerunt

2214 3663 2441 3739 damna.
2485 3665 2640 3725 Tunc
2699 3683 2868 3738 porro
2906 3669 3096 3726 audito
3119 3668 3346 3740 .loseplti
3387 3669 3456 3725 ad
3488 3670 3780 3741 imperato-

2216 3774 2331 3813 rem
2357 3774 2611 3824 accessu,
2672 3770 2789 3817 tum
2845 3771 3114 3831 praeterea
3166 3762 3388 3835 cognito
3452 3761 3779 3835 Ephesinuin

2212 3864 2339 3905 cum
2393 3851 2587 3908 eodem
2648 3852 2979 3924 imperatore
3048 3856 3275 3912 assidue
3318 3858 3549 3922 versari,
3606 3856 3779 3925 suspi-

2214 3945 2428 4002 cionem
2457 3946 2744 4020 ingressus
2776 3962 2882 4003 non
2912 3948 3155 4016 inanem,
3191 3950 3353 4006 facile
3382 3949 3501 4005 ﬁeri
3536 3964 3690 4020 posse
3720 3960 3778 4003 ut

2214 4040 2273 4097 bi
2323 4040 2608 4111 quidpiam
2638 4037 2935 4099 adversum
2964 4058 3023 4098 se
3054 4053 3365 4103 moverent.
3392 4043 3516 4115 ejus
3557 4043 3779 4116 periculi

2215 4134 2578 4204 praevertendi
2618 4133 2761 4191 hanc
2784 4136 3059 4193 rationem
3091 4137 3236 4193 iniit.
3273 4138 3482 4194 Scribit
3508 4138 3574 4194 ad
3603 4137 3776 4209 Ephe-

2215 4229 2439 4298 sinum‘;
2471 4242 2708 4298 eumque
2731 4237 2790 4282 ut
2827 4228 2946 4299 ipsa
2968 4227 3336 4302 inscriptione
3370 4231 3776 4291 demereretur,
3810 4238 3817 4247 '

2219 4333 2331 4374 non
2362 4318 2689 4389 simpliciter
2742 4317 3035 4391 ἱερώτατον
3060 4322 3500 4385 sanctissimum,
3530 4324 3620 4395 qui
3647 4321 3773 4377 solet

435 5164 456 5181 α
533 5150 702 5203 etiam
736 5164 796 5203 se
826 5148 1253 5205 commendabat
1316 5162 1518 5202 arcana
1556 5147 1823 5223 submista
1857 5152 2115 5223 suggillet-

532 4410 835 4467 defendere
866 4418 1189 4467 coutentus.
1244 4409 1341 4467 llis
1392 4412 1599 4469 auditis
1654 4413 1978 4483 imperator,
2018 4415 2117 4485 qui
2218 4411 2418 4466 titulus
2468 4410 2741 4482 episcopis
2806 4412 2996 4480 tribui,
3047 4412 3145 4468 sed
3189 4418 3601 4486 πανιερώτατον
3630 4414 3776 4483 plane

530 4513 587 4561 ct
619 4504 758 4560 istos
793 4519 854 4560 se
916 4490 1433 4576 quomodocunque'
1476 4494 1769 4563 continere
1818 4507 1875 4563 in
1905 4523 2008 4563 usu
2059 4515 2119 4563 et
2218 4503 2632 4567 sanctissimum
2683 4504 2739 4560 in
2765 4504 2949 4562 fronte
3007 4506 3319 4563 litterarum
3380 4518 3681 4579 nuncupat.
3722 4502 3772 4556 In

534 4595 788 4666 amplexu
843 4597 996 4667 pacis
1055 4611 1390 4668 magnopere
1455 4605 1698 4668 aptaret,
1765 4614 1867 4654 nec
1928 4607 2113 4661 tamen
2146 4592 2338 4666 nipsa
2382 4593 2583 4650 deinde
2623 4594 2860 4667 epistola
2903 4597 3068 4653 etiam
3112 4609 3279 4668 atque
3325 4598 3495 4654 etiam
3547 4605 3662 4654 orat
3710 4607 3774 4648 ne

528 4687 799 4759 probaret
821 4688 967 4758 quod
988 4689 1267 4757 petebant,
1304 4690 1576 4761 ingratam
1603 4689 1924 4763 petitionem
1948 4692 2115 4747 elusit
2218 4696 2479 4758 gravetur
2505 4688 2800 4767 impetrare
2835 4689 2941 4746 sibi
2973 4688 3040 4744 ab
3061 4689 3309 4765 Augusto
3342 4690 3653 4747 facultatem
3669 4687 3772 4756 ejus

533 4778 804 4852 vulgando
865 4780 1125 4853 ambiguo
1194 4783 1420 4847 edicto,
1474 4796 1585 4853 quo
1650 4796 1777 4837 cum
1839 4782 2120 4840 videretur
2217 4780 2627 4846 conveniendi,
2690 4783 3078 4838 cumulaturus
3135 4783 3493 4847 beneﬁcium,
3548 4783 3594 4839 si
3635 4782 3770 4832 daret

532 4888 765 4931 securos
796 4888 895 4930 eos
923 4886 1195 4945 quantum
1247 4890 1388 4943 opus
1427 4882 1548 4928 erat
1600 4873 1829 4931 reddere
1862 4890 2031 4947 super
2050 4893 2117 4933 eo
2218 4886 2441 4941 operam
2483 4879 2544 4926 ut
2582 4872 2652 4929 ad
2692 4873 2797 4931 boc
2854 4876 3003 4952 ultro
3033 4875 3102 4930 ab
3131 4876 3254 4945 ipso
3289 4876 3538 4947 principe
3593 4869 3768 4926 invita-

493 4962 680 5037 'quod
744 4974 1172 5037 proposuerant,
1206 4967 1401 5021 callide
1437 4982 1496 5023 se
1534 4976 1717 5022 tamen
1771 4969 2123 5029 subducebat
2219 4974 2393 5021 retur.
2426 4963 2589 5023 Certe
2652 4976 2839 5036 ageret
2901 4967 3199 5025 eﬂicaciter
3253 4977 3308 5022 ut
3367 4979 3429 5020 se
3499 4963 3567 5023 ad
3611 4964 3767 5034 ipsum

535 5057 754 5113 intidite
806 5058 1160 5128 querelisque
1212 5058 1392 5128 partis
1473 5058 1812 5125 contrariae;
1868 5060 2000 5133 quin
2065 5061 2122 5117 ei
2221 5057 2495 5125 proﬁcisci
2553 5058 2746 5114 saltem
2810 5060 3028 5129 placide
3067 5065 3362 5115 annucret.
3442 5054 3675 5129 Ingentis
3719 5068 3771 5108 se

2219 5153 2409 5229 gratiae
2438 5152 2494 5217 in
2539 5166 2704 5219 omne
2737 5146 2952 5223 tempus
2979 5152 3029 5208 ei
3077 5151 3382 5207 debitorem
3435 5150 3573 5217 fore,
3608 5150 3651 5205 si
3684 5149 3772 5202 hoc

537 5242 689 5294 tione
752 5240 952 5295 horum
1012 5241 1263 5312 ipsorum
1327 5254 1469 5310 quos
1521 5240 1747 5310 placare
1795 5251 1927 5297 tunc
1978 5245 2115 5299 velle
2221 5244 2330 5303 sibi
2365 5252 2548 5319 votum
2570 5261 2645 5319 px
2681 5238 2971 5321 sententia
3008 5244 3289 5315 conﬁciat,
3351 5241 3450 5311 llis
3487 5242 3770 5317 Epltesinus

534 5333 850 5386 videbatur.
907 5330 1032 5389 llaec
1061 5331 1209 5387 enim
1268 5343 1385 5386 erat
1425 5332 1595 5388 edicti
1650 5334 1927 5387 sententia
1967 5350 1983 5390 :
2022 5333 2117 5391 Dei
2216 5336 2422 5393 litteris
2449 5337 2688 5408 acceptis
2735 5338 2989 5411 gnaviter
3041 5334 3451 5407 persistendum
3513 5335 3693 5409 statuit
3718 5331 3770 5384 in

539 5425 731 5497 utique
764 5425 1095 5479 mentionem
1127 5425 1244 5493 pari
1297 5439 1422 5479 cum
1464 5426 1827 5495 respiratione
1860 5426 2121 5496 frequeu-
2227 5428 2587 5487 simulatione
2615 5428 2898 5484 amicitiae.
2930 5427 3045 5483 Etsi
3065 5441 3195 5498 ergo
3229 5425 3603 5492 ntultum,nec
3640 5436 3773 5494 pror-

538 5521 614 5574 tia
641 5520 828 5573 iterari
877 5516 971 5581 jus
996 5516 1191 5587 fasque
1222 5532 1365 5573 csse.
1400 5517 1606 5583 Quare
1633 5518 1928 5589 dogmatis,
1970 5522 2116 5593 quod
2223 5537 2318 5585 sus
2357 5522 2718 5577 familiaribus
2749 5519 3076 5585 obscurum,
3109 5520 3162 5574 in
3187 5518 3310 5593 ejus
3376 5518 3595 5587 penitus
3612 5514 3771 5570 animo

540 5612 637 5667 Dei
662 5612 925 5666 memoria
943 5612 1349 5675 contineretur,
1370 5610 1776 5680 professionem
1801 5612 1937 5671 adeo
1959 5630 2118 5677 nona
2224 5607 2491 5684 ﬂagrabat
2519 5631 2734 5669 arcana:
2768 5615 2826 5668 in
2865 5610 3099 5668 Veccum
3157 5611 3479 5667 oﬂ‘ensionis
3512 5610 3579 5664 ob
3619 5614 3770 5675 nuper

541 5717 601 5758 sc
636 5701 805 5775 5.79
835 5704 1026 5767 vetari,
1057 5711 1114 5756 ttt
1150 5704 1291 5756 ultro
1321 5705 1484 5756 etiam
1519 5703 2024 5764 commendaretur.
2051 5710 2118 5762 At
2224 5720 2400 5779 gesta,
2463 5710 2853 5778 imperatorem
2901 5718 3084 5761 tamen
3137 5706 3295 5771 adiit,
3327 5715 3383 5761 et
3414 5705 3651 5774 exposito
3681 5714 3765 5768 νει·

542 5807 850 5863 pcrvertere
881 5794 1203 5865 Scripturas
1239 5803 1334 5847 aut
1368 5794 1651 5850 declinare
1687 5812 1715 5848 a
1755 5812 1885 5851 vero
1920 5812 2113 5854 eorum
2224 5799 2480 5855 triarcltae
2511 5796 2811 5862 desiderio,
2848 5808 2906 5851 ut
2942 5796 2990 5849 ei
3020 5792 3167 5865 quod
3197 5793 3458 5864 cupiebat
3484 5789 3765 5858 indulgent

541 5901 706 5941 sensu
764 5885 1010 5955 permitti
1040 5886 1189 5941 nulla
1219 5887 1435 5940 ratione
1460 5902 1646 5955 posse.
1715 5884 1903 5958 Itaque
1966 5906 2026 5947 se
2061 5891 2114 5947 id
2224 5894 2515 5965 persuasit.
2548 5891 2868 5947 Aversionis
2901 5904 3067 5962 porro
3088 5888 3351 5958 Epltesini
3384 5903 3413 5942 ει
3437 5885 3596 5961 480
3618 5882 3764 5938 Yecw
