3964 6530
182 421 303 483 941

1093 432 1189 490 DE
1225 433 1615 494 MlCIlAELE
1660 435 2121 498 PALIEOLOGO
2160 443 2304 507 LIB.
2346 450 2441 511 VI.

3346 464 3450 526 942

166 533 236 581 τὸ
276 535 339 588 δὲ
370 534 643 605 χείριστον
674 539 753 591 ὅτι
802 540 851 592 οἱ
908 540 1036 610 περὶ
1065 544 1153 595 τὸν
1196 545 1419 615 Ἐφέσου
1452 549 1545 600 καὶ
1586 547 1771 601 πολλοί
1801 556 1843 610 Α
1873 550 1916 602 δ’
1944 551 2043 605 οὐκ
2094 551 2162 626 ἦν
2209 558 2435 628 ἀρεστὸν
2484 560 2644 627 οὕτω,
2680 564 2794 619 ἀλλ’
2849 568 2898 622 εἰ
2952 570 3028 640 μὴ
3084 573 3318 630 δεικνύοι
3354 580 3451 630 καὶ

169 641 339 687 τινες
366 626 479 678 τῶν
505 629 828 699 ἀρχιερέων,
864 634 1034 687 πολλὰ
1063 635 1326 701 παθόντες
1353 640 1489 708 πρὸς
1508 638 1568 691 τὸ
1597 656 1767 694 κατα-

167 714 448 781 δέξασθαι
498 721 600 789 τὴν
631 722 873 791 εἰρήνην,
911 724 1055 779 οὕτω
1100 726 1254 796 μόλις
1284 729 1763 799 καθυπεκλίθησαν

167 808 279 859 καὶ
314 810 390 878 τῷ
414 809 592 863 δοκεῖν
620 814 925 883 είρήνευον,
959 816 1352 885 θεραπεύοντες
1385 818 1482 888 τὴν
1515 822 1764 893 συνείδη-

169 913 270 950 σιν
309 900 408 953 οὐκ
435 903 547 955 ἀπὸ
576 905 800 973 γραφῶν
846 905 1045 975 μᾶλλον
1077 909 1156 977 (οὐ
1205 909 1312 979 γὰρ
1354 906 1421 981 ἦν
1469 912 1532 965 ἐκ
1560 912 1762 966 τούτων

165 992 425 1064 καιρὸς),
458 994 574 1046 ἀλλ’
601 997 664 1048 ἐκ
691 996 785 1049 τοῦ
823 997 990 1053 πολλὰ
1016 1000 1241 1054 τοιαῦτα
1272 1002 1530 1066 πολλάκις
1554 1005 1762 1058 οἰκονο-

167 1084 427 1154 μηθῆναι
455 1088 520 1157 τῇ
560 1088 855 1160 Ἐκκλησία
889 1091 1049 1162 χάριν
1080 1093 1340 1163 μειζόνων
1371 1096 1573 1163 καλῶν,
1604 1097 1751 1151 ἀντιο

164 1179 459 1243 πατικῶς
492 1181 635 1234 εἴποι
680 1183 746 1235 ἄν
772 1200 860 1246 τις
907 1185 1017 1238 τῶν
1072 1188 1496 1258 ῥητορευόντων,
1533 1191 1659 1244 ὅταν
1704 1207 1757 1245 τι

156 1268 284 1320 τῶν
320 1271 385 1322 οὐ
415 1271 593 1324 καλῶν
631 1273 851 1340 γίνηται
883 1277 977 1328 καὶ
1011 1276 1079 1329 δι’
1108 1278 1270 1331 αὑτοῦ
1305 1279 1397 1333 τοῦ
1430 1282 1756 1351 πεπραγμέ-

157 1377 263 1412 νου
311 1363 500 1430 μεῖζον
529 1364 815 1439 ἀπαντήσῃ
855 1368 1035 1422 καλόν.
1084 1368 1241 1423 Οὕτω
1268 1371 1374 1441 γὰρ
1420 1374 1513 1426 καὶ
1546 1374 1757 1427 Παῦλον

155 1451 523 1522 ξυρήσασθαι
554 1458 649 1509 καὶ
682 1458 943 1526 ἁγνεῦσαι
975 1462 1071 1514 καὶ
1104 1467 1422 1533 περιτεμεῖν
1454 1467 1715 1534 Τιμόθεον
1737 1482 1752 1499 ο

154 1541 319 1595 οὕτω
344 1544 441 1596 τὸν
466 1546 843 1615 Μοψουεστίας
895 1552 970 1621 μὴ
1018 1554 1429 1627 ὲκκηρυχθῆναι
1472 1559 1620 1629 παρὰ
1652 1559 1751 1630 τῆς

152 1634 365 1704 τρίτης
398 1637 616 1691 συνόδου
654 1641 957 1712 Θεόδωρον·
988 1642 1133 1697 οὕτω
1162 1647 1269 1716 πρὸ
1304 1647 1492 1701 τούτου
1529 1649 1620 1703 τὸν
1658 1652 1755 1722 μέ-

152 1741 271 1790 γαν
324 1727 606 1783 Βασίλειον
641 1729 704 1803 [Ρ
731 1734 860 1806 528]
912 1736 981 1789 τὰ
1035 1736 1128 1790 τοῦ
1180 1738 1480 1804 Οὐάλεντος
1507 1742 1654 1813 δῶρα
1681 1747 1748 1817 τῇ

149 1817 439 1889 ἐκκλησίᾳ
497 1824 883 1894 προσαγόμενοι
948 1827 1226 1899 δέχεσθαι*
1249 1829 1410 1899 ξοῦτω
1438 1833 1505 1885 τὰ
1536 1836 1630 1887 καὶ
1659 1836 1748 1898 τὰ,

1878 643 2211 711 σφάλλοντας
2240 652 2365 713 τοὺς
2406 655 2706 725 προτέρους
2751 659 2913 730 δῆθεν
2946 664 3009 717 ὲκ
3049 665 3158 719 τῶν
3192 670 3451 738 γραφῶν,

1872 733 1921 786 οἳ
1952 735 2016 804 δὴ
2043 740 2135 790 καὶ
2162 740 2260 809 τὴν
2291 743 2430 813 πρὸς
2455 745 2700 811 ἐκείνους
2723 751 2947 823 εἰρήνην
2976 756 3034 808 οὗ
3069 733 3447 829 κατεδέχοντο,

1871 826 1991 880 οὐδὲ
2021 828 2212 897 βιωτὸν
2232 827 2345 903 εἶχε
2373 836 2464 888 τὸν
2488 836 2621 905 βίον.
2651 840 2815 897 Ὅθεν
2834 848 2928 900 καὶ
2957 852 3157 920 συχνὰς
3191 826 3448 917 συνόδους

1872 917 2123 985 καθίστα,
2150 924 2243 977 καὶ
2270 928 2661 995 προσεκαλεῖτο
2686 934 2912 999 πολλοὺς
2942 917 3165 994 καί-τῶν
3190 944 3316 1011 ἔξω,
3350 950 3448 1002 καὶ

1871 1007 2087 1078 βίϐλους
2128 1013 2448 1082 ἀνείλιττεν,
2489 1022 2586 1073 καὶ
2633 1023 2798 1085 ἄλλας
2843 1027 3111 1093 ἐξετίθετο
3156 1007 3440 1106 πλείστας,

1868 1100 2151 1169 δεικνύων,
2182 1106 2257 1170 ὡς
2284 1105 2421 1180 εἶχε,
2452 1113 2550 1183 τὴν
2579 1116 2807 1189 εἰρήνην
2837 1120 2895 1174 τὸ
2920 1122 3158 1191 ἀσφαλὲς
3188 1100 3442 1200 ἔχουσαν,

1869 1196 1963 1247 καὶ
1995 1197 2063 1277 τᾲ
2100 1199 2328 1257 πλεῖστα
2351 1209 2817 1280 προσελιχνεύετο.
2844 1218 2972 1270 Δέον
3011 1220 3120 1292 γὰρ
3144 1196 3444 1295 Δαμασκη-

1865 1286 1954 1338 νόν
1997 1305 2055 1339 τε
2090 1292 2184 1343 καὶ
2200 1292 2306 1345 ’τὸν
2354 1295 2498 1351 θεῖον
2528 1300 2783 1372 Μάξιμον
2817 1306 2913 1361 καὶ
2945 1286 3040 1363 ἐπί
3088 1286 3299 1380 τούτοις
3348 1286 3445 1372 et}

1866 1376 2009 1432 θεῖον
2043 1382 2334 1452 Ταράσιον,
2385 1391 2582 1445 ταυτὸν
2628 1394 2674 1446 δ’
2706 1398 2881 1452 εἰπεῖν
2916 1403 3007 1455 καὶ
3057 1404 3156 1475 τὴν
3203 1376 3442 1480 ἑϐδόμην

1864 1469 2082 1526 σύνοδον
2112 1478 2308 1544 πᾶσαν,
2346 1479 2426 1534 ὅτι
2476 1484 2570 1536 καὶ
2602 1486 2803 1552 πάντες
2840 1490 2946 1563 ᾔτην
2995 1469 3202 1550 ἐκείνου
3249 1469 3441 1567 ὁμολο-

1863 1562 1988 1629 γίαν
2013 1566 2114 1635 τὴν
2146 1569 2283 1639 πρὸς
2314 1572 2440 1636 τοὺς
2470 1574 2824 1643 ἀνατολικοὺς
2855 1562 3197 1654 μφθεῖσαν
3230 1562 3439 1663 ὑπεσηο

1863 1653 2101 1723 μήναντο
2130 1660 2225 1711 καὶ
2250 1661 2338 1714 διὰ
2366 1664 2466 1734 τῆς
2489 1667 2670 1721 ὲκεῖσε
2691 1672 3011 1745 προσθήκης
3042 1678 3132 1731 ἐπὶ
3152 1683 3218 1751 τῇ
3252 1653 3436 1737 τοιαύ-

1858 1758 1926 1814 τῃ
1956 1745 2237 1820 ὁμολογίᾳ,
2262 1753 2326 1805 ὲκ
2354 1756 2569 1827 Πατρὸς
2593 1760 2701 1831 γὰρ
2733 1763 2821 1817 διὰ
2850 1765 2943 1819 τοῦ
2982 1768 3111 1823 Υίοῦ
3143 1745 3437 1844 ἐκπορεύε-

1860 1834 1982 1887 σθαι
2012 1836 2376 1911 διδασκόμεθα
2402 1850 2531 1917 παρ’
2554 1851 2777 1907 ἐκείνων
2806 1854 3004 1925 λέγειν,
3036 1859 3154 1914 δέον
3181 1834 3435 1920 οὖν’ταύ-

150 1910 247 1962 ἴνα
286 1914 366 1982 μὴ
414 1913 535 1967 καθ’
568 1915 797 1971 ἕκαστον
835 1919 982 1987 λέγοι
1032 1938 1136 1985 τις,
1183 1924 1599 1993 δοκιμασάντων
1641 1929 1748 1980 τῶν
1783 1928 1821 1982 Β
1852 1944 1947 1990 τας
1981 1933 2374 2005 προϊσχόμενον
2408 1941 2502 1993 καὶ
2545 1944 2708 1998 αὐτὸν
2736 1948 2860 2001 ὅσον
2908 1952 3000 2003 ἐπὶ
3032 1956 3097 2024 τῇ
3140 1957 3431 2033 προσθήκῃ

150 2002 248 2033 ἑ-οὶ
289 2004 408 2033 με...
438 2010 775 2033 _-_....1._-.._
830 2012 944 2033 _1_A
1000 2030 1105 2033 ω--
1154 2016 1178 2029 σο
1221 2015 1271 2033 n,
1383 2016 1449 2033 nn
1636 2019 1648 2033 ι
1921 2020 1931 2033 .
1975 2020 1997 2033 λ
2199 2024 2211 2033 .
2289 2026 2307 2033 ,
2475 2031 2481 2033 .
2536 2032 2542 2033 ,

149 2002 252 2054 ἐπὶ
289 2004 408 2059 τῶν
437 2010 777 2078 πραγμάτων
827 2012 947 2065 τότε
996 2015 1330 2086 πεπρᾶχθαι.
1381 2016 1537 2071 Οὕτω
1567 2019 1746 2073 τοίνυν

150 2095 254 2147 καὶ
282 2090 440 2150 οὗτοι
467 2100 566 2170 τὴν
592 2103 836 2172 ξείρήνην
865 2104 1129 2174 ἐδέχοντο,
1161 2106 1301 2161 ὥστε
1349 2110 1440 2162 καὶ
1472 2127 1745 2181 προσομο-

147 2184 342 2253 λογείν
402 2191 755 2262 ἡμαρτῆσθαι
811 2196 1013 2264 σφίσιν,
1067 2198 1133 2268 ἦν
1183 2217 1265 2263 τις
1326 2202 1555 2273 σκοποίη
1610 2204 1748 2272 πρὸς

143 2278 462 2348 τάσφαλὲς,
498 2284 592 2335 καὶ
627 2286 735 2345 τοῖς
782 2285 1183 2340 ἀποστατοῦσιν
1225 2289 1386 2353 ὁσίως
1440 2293 1742 2362 προσφέρε-

146 2368 286 2422 σθαι
324 2371 408 2435 ὡς
450 2373 931 2444 ἀπηκριϐωμένως
966 2379 1111 2448 μάλα
1162 2381 1298 2450 πρὸς
1338 2382 1395 2435 τὸ
1438 2383 1616 2455 ὀρθόν.
1653 2385 1743 2455 Τῷ

143 2624 361 2665 causas
456 2628 727 2683 exponere
807 2619 897 2674 hic
980 2621 1296 2680 distinctius
1356 2642 1532 2697 operte
1616 2647 1740 2700 pre-

142 2701 295 2753 tium
318 2701 536 2768 judico.
571 2704 741 2763 Erant
781 2710 1004 2779 quidem
1033 2721 1087 2767 et
1111 2715 1216 2770 alia
1259 2717 1533 2774 incentiva
1570 2720 1737 2789 hujus

139 2790 260 2845 odii
300 2808 419 2848 non
470 2797 657 2853 multis
696 2811 827 2856 nota
860 2817 874 2856 :
917 2813 1179 2860 caeterum
1207 2810 1441 2876 capitale
1490 2811 1544 2865 in
1579 2813 1647 2867 iis
1680 2822 1737 2868 et

141 2885 565 2945 immedicabile
605 2894 841 2950 maxime
871 2912 1042 2952 unum
1083 2900 1383 2969 eminebat,
1439 2906 1584 2974 quod
1622 2916 1733 2961 tam

138 2973 470 3045 Epliesinus
496 2983 613 3051 ipse
646 3001 808 3055 quam
857 2990 947 3043 alii
983 2990 1201 3061 plurimi
1231 2996 1383 3063 paria
1432 2973 1733 3056 sentientes

139 3070 431 3142 episcopi,
495 3078 706 3145 magnis
748 3081 928 3136 adacti
982 3085 1141 3138 malis
1196 3087 1265 3141 ad
1306 3091 1730 3160 amplexandam

138 3174 371 3227 pacem,
404 3180 465 3217 ea
503 3176 712 3223 tantum
762 3180 923 3228 tenus
957 3172 1010 3227 in
1034 3190 1156 3229 eam
1189 3190 1608 3245 consenserant,
1672 3192 1731 3238 ut

2761 3257 2811 3274 νυ
2901 3257 3069 3278 ηπ,

133 3257 402 3321 seposita
434 3262 643 3315 ratione
674 3263 947 3333 dogmatis
980 3278 1036 3321 et
1075 3270 1225 3322 nulla
1256 3275 1388 3325 rein
1412 3273 1639 3344 scriptis
1666 3289 1730 3330 ac
1760 3271 1804 3333 C
1838 3283 2054 3337 vocavit
2124 3287 2326 3341 multos
2385 3299 2739 3348 externorum
2825 3314 3069 3369 quoque,

136 3346 394 3369 -I,---.-.:_
442 3354 450 3369 ,-
498 3368 501 3369 ,
621 3364 631 3369 -
677 3366 686 3369 -
1083 3361 1094 3369 .
1187 3362 1197 3369 .
1248 3363 1297 3369 -_
1654 3368 1657 3369 ,

134 3346 397 3404 decretis
440 3354 752 3420 immutata,
786 3373 1024 3428 quorum
1082 3361 1136 3415 in
1168 3362 1396 3419 dubium
1450 3368 1730 3424 vocando-

134 3457 273 3495 rum
301 3453 399 3496 aut
422 3444 489 3498 de
517 3462 660 3501 novo
690 3450 1173 3509 discutiendorum
1204 3465 1424 3527 tempus
1451 3463 1726 3532 negabant

132 3547 294 3597 esse,
335 3538 582 3591 exterius
636 3540 907 3596 duntaxat
949 3547 1301 3602 concordiam
1344 3565 1475 3607 cum
1512 3554 1724 3613 Latinis

132 3635 419 3693 tenerent,
486 3632 640 3685 salvo
673 3649 732 3688 se
770 3635 894 3689 ﬁdei
934 3652 998 3692 ac
1041 3640 1324 3710 religionis
1377 3646 1558 3701 officio
1586 3664 1723 3703 con-

126 3720 355 3773 sentire
379 3721 426 3772 in
447 3720 497 3774 id
527 3736 688 3790 posse
716 3726 816 3778 rati
842 3731 1371 3789 accommodationis
1408 3742 1721 3795 necessaria

128 3811 491 3878 temporibus
529 3815 765 3879 ratione,
801 3817 963 3887 cujus
1034 3826 1285 3892 exempla
1340 3829 1505 3881 multa
1538 3832 1591 3883 in
1620 3835 1721 3887 Ec-

124 3904 327 3959 clesia:
390 3908 589 3963 veteris
618 3909 869 3968 historiis
903 3914 1201 3972 habebant.
1253 3920 1591 3993 Censebant,
1638 3929 1722 3982 in-

123 4012 329 4064 quam,
388 3997 470 4053 sic
513 4002 781 4056 duntaxat
820 4014 934 4059 tuta
1000 4012 1342 4066 conscientia
1395 4015 1716 4075 Latinorum

123 4091 591 4146 communionem
628 4093 870 4163 admitti,
910 4108 969 4151 ut
1003 4116 1116 4154 rem
1146 4119 1255 4157 non
1294 4121 1387 4173 per
1416 4123 1474 4162 se
1510 4111 1716 4178 proba-

127 4178 313 4233 bilem
341 4190 439 4235 aut
475 4198 880 4255 usquequaque
914 4189 980 4242 ad
1012 4192 1136 4247 lidci
1186 4197 1405 4265 regulas
1439 4210 1711 4269 exactam,

123 4288 332 4326 verum
374 4282 431 4327 ut
456 4290 576 4343 qua:
599 4278 821 4333 tolerari
859 4282 1160 4350 prudenter
1188 4298 1376 4356 posset
1436 4303 1580 4346 metu
1628 4296 1711 4349 in-

121 4365 556 4420 commodorum
597 4372 960 4439 graviorum;
1000 4378 1258 4449 quodque
1293 4397 1400 4437 non
1439 4386 1710 4454 absolute,

120 4457 221 4507 sed
262 4462 662 4527 comparative,
697 4472 757 4516 ut
784 4468 1031 4535 magistri
1098 4477 1233 4528 artis
1289 4477 1592 4535 rhetorices
1637 4483 1713 4536 lo-

120 4557 408 4615 quuntur,
446 4555 924 4611 commendaretur
954 4568 1008 4614 et
1033 4560 1233 4618 bonum
1260 4576 1568 4637 putaretur,
1599 4590 1705 4629 non

122 4650 298 4705 prout
332 4641 390 4695 in
422 4659 482 4697 se
504 4648 880 4717 spectabatur,
907 4654 1002 4708 sed
1028 4665 1300 4724 quatenus
1323 4664 1709 4723 conferebatur

120 4747 259 4784 eum
296 4736 624 4805 majoribus,
661 4757 783 4812 quae
817 4760 881 4800 ex
905 4747 1008 4804 hoc
1026 4754 1401 4810 nascebantur
1418 4758 1598 4815 bonis.
1619 4763 1710 4819 Sic

118 4840 333 4892 nempe
356 4825 579 4886 Paulum
595 4838 882 4905 caputsibi
925 4843 1229 4900 totondissc
1265 4849 1513 4920 aliosque
1546 4869 1709 4909 usur-

117 4932 293 4986 passe
332 4921 777 4988 purificationum
811 4930 1166 4993 Iudaicarum
1209 4942 1392 5009 ritus;
1433 4947 1592 5001 sicab
1612 4964 1708 5003 eo-

114 5010 252 5063 dem
300 5009 651 5070 Timotheum
668 5020 1060 5081 circumcisum
1084 5030 1197 5094 ;sic
1239 5032 1575 5092 abstinuisse
1597 5047 1706 5093 ter-

114 5097 259 5150 tiam
280 5102 554 5169 synodum
579 5108 648 5160 ab
681 5119 1217 5175 excommunicaudo
1249 5122 1539 5181 Tneodoro
1585 5132 1704 5185 Mo-

114 5193 386 5257 psuestize
410 5212 425 5261 ;
454 5197 535 5251 sic
552 5210 709 5255 antea
737 5219 991 5276 magnum
1014 5209 1275 5269 Basilium
1298 5216 1541 5278 Valentis
1560 5224 1703 5279 dona

113 5282 388 5338 Ecclesize
422 5288 568 5343 illata
605 5298 913 5365 suscepisse
946 5316 961 5365 ;
991 5302 1072 5356 sic
1102 5306 1207 5359 alia
1237 5318 1289 5363 et
1340 5311 1446 5366 alia
1501 5316 1555 5368 in
1594 5318 1703 5386 pri-

108 5377 229 5430 scis
275 5392 463 5432 rerum
491 5392 770 5451 gestarum
798 5397 1171 5453 monumentis
1202 5401 1323 5468 ejus
1349 5407 1570 5473 generis
1599 5424 1700 5463 n0-

109 5475 230 5521 tata
266 5472 602 5542 reperimus,
634 5493 700 5532 ne
722 5481 1005 5550 sigillatum
1034 5504 1431 5557 persequamur
1456 5501 1693 5569 singula.

108 5559 232 5615 Hoc
284 5564 451 5631 igitur
482 5567 537 5620 hi
568 5570 729 5624 modo
793 5589 983 5642 pacem
1018 5596 1192 5648 nuper
1246 5590 1515 5642 saucitam
1549 5593 1695 5646 acci-

108 5655 367 5723 piebant,
408 5668 465 5712 ut
504 5660 808 5718 faterentur
849 5666 903 5720 in
936 5684 1003 5721 eo
1051 5683 1389 5738 peccatuma
1428 5695 1488 5735 se
1517 5684 1689 5737 videri

107 5762 275 5815 posse
313 5750 363 5801 ei
418 5753 509 5819 qui
548 5754 615 5807 de
655 5771 709 5809 re
736 5758 850 5849 ipsa
881 5774 975 5827 per
1003 5778 1062 5814 sc
1110 5779 1382 5826 censeret.
1414 5784 1465 5825 et
1513 5775 1577 5826 de
1609 5775 1690 5827 of-

106 5843 236 5895 tirio
270 5844 577 5913 religionis,
614 5866 724 5919 quo
746 5843 1049 5919 —juliemur
1100 5860 1472 5917 alwirautium
1517 5885 1543 5919 a
1584 5871 1687 5921 tide

1850 2020 1941 2072 καὶ
1972 2020 2376 2091 θεραπεύεσθαι
2402 2031 2497 2083 καὶ
2525 2032 2869 2103 θεραπεύειν,
2905 2042 2998 2094 καὶ
3025 2020 3197 2112 μηδὲν
3220 2020 3430 2119 ἰιιαρεγΞΣ

1848 2114 2049 2180 χειρεῖν
2082 2115 2430 2187 ἐξηγήσεσιν,
2464 2125 2490 2176 ὁ
2528 2124 2585 2178 δὲ
2634 2128 2836 2193 πολλὰς
2868 2133 2974 2187 τῶν
3017 2136 3250 2208 Γραφῶν
3300 2114 3428 2196 suv-

1851 2205 2065 2274 εφόρει.
2112 2209 2223 2261 Καὶ
2260 2212 2350 2265 τὸν
2411 2215 2586 2283 μέγαν
2638 2219 2918 2276 Βασίλειον
2964 2205 3155 2297 εὑρὼν
3189 2231 3287 2301 τὴν
3332 2236 3425 2289 ἐπὶ

1844 2296 1939 2349 τοῦ
1971 2297 2194 2371 Υὶοῦζέκ
2233 2305 2313 2367 εἰς
2346 2305 2444 2375 τὴν
2472 2307 2570 2363 διὰ
2603 2312 3014 2383 μεθαρμόζοντα
3034 2296 3119 2384 δὼς
3150 2296 3426 2380 ὑπαλλατ-

1840 2388 2087 2457 τομένων
2131 2393 2241 2447 τῶν
2272 2396 2599 2465 προθέσεων.
2637 2404 2712 2468 ὠς
2746 2407 2828 2474 τὸ,
2875 2426 2895 2461 ‹
2947 2410 3301 2487 Ἑκτησάμην
3328 2419 3426 2473 ἀνα

1844 2647 2290 2701 communionem
2342 2651 2599 2719 rejieere,
2646 2670 2834 2713 severe
2876 2673 2929 2715 et
2970 2679 3083 2719 rem
3116 2666 3182 2720 ad
3233 2669 3417 2725 vivum

1840 2737 2145 2788 resecando
2214 2748 2503 2796 statueret.
2544 2743 2719 2801 Vecco
2755 2758 2939 2806 autem
3007 2755 3112 2810 ista
3160 2764 3418 2830 exceptio

1840 2838 1948 2879 non
1990 2824 2151 2896 481
2197 2831 2465 2898 ρΙςιονὺτιι,
2518 2836 2612 2889 sed
2658 2837 2767 2893 nisi
2822 2841 3226 2903 demonstraret
3259 2824 3417 2907 evin-

1838 2924 2097 2983 ceretque
2129 2934 2192 2971 ex
2224 2921 2414 2985 certis,
2442 2932 2497 2975 ut
2532 2926 2786 2993 putabat,
2824 2933 3150 3002 scriptorum
3181 2941 3416 2996 authen-

1840 3008 2072 3061 ticorum
2110 3011 2442 3067 testimoniis
2473 3030 2692 3073 errasse
2725 3022 2939 3089 priores
2971 3028 3024 3079 in
3068 3031 3414 3097 repudianda

1837 3102 2225 3157 communione
2281 3103 2631 3175 Latinorum,
2692 3112 2862 3168 vitam
2915 3117 3018 3172 sibi
3047 3122 3267 3177 vitalem
3298 3139 3411 3182 non

1841 3190 2093 3257 putabat.
2135 3190 2293 3248 Unde
2322 3205 2376 3248 et
2401 3198 2629 3255 crebras
2677 3205 2859 3274 coegit
2900 3209 3251 3278 synodos,‘et
3277 3231 3414 3271 eon-

3129 3314 3183 3359 et
3238 3306 3412 3366 libros

1835 3374 2037 3429 evolvit
2070 3386 2306 3444 veteres,
2336 3382 2621 3454 ediditque
2690 3391 2899 3449 multos
2958 3410 3157 3464 novos,
3186 3415 3407 3459 clunem

1832 3465 2066 3535 lapidem
2101 3484 2328 3528 movens
2391 3472 2459 3529 ad
2489 3482 2853 3537 astruendum
2910 3502 3074 3556 posse
3101 3506 3165 3546 ac
3204 3492 3409 3551 debere

1831 3568 2084 3621 Cunctos,
2149 3576 2275 3616 cum
2330 3567 2480 3620 omni
2525 3572 2829 3629 securitate
2859 3579 3238 3650 conscientiae,
3278 3586 3407 3643 huic
3460 3605 3482 3621 ε

1830 3650 1949 3716 paci
1999 3660 2059 3703 ut
2104 3668 2202 3721 per
2252 3672 2312 3711 se
2348 3661 2532 3726 probae
2589 3662 2863 3735 justaeque
2911 3670 3238 3742 adhaerere;
3300 3693 3405 3736 nec

1829 3744 2129 3813 quidquam
2160 3747 2216 3801 in
2256 3750 2361 3805 hoc
2410 3753 2511 3807 sibi
2557 3757 2625 3809 ad
2664 3774 2945 3815 summam
2979 3770 3398 3827 contentionem

1826 3834 2061 3890 faciebat
2093 3842 2311 3911 reliqui,
2356 3846 2543 3901 studio
2594 3849 3031 3922 intemperanter
3079 3861 3395 3933 indulgens.

1824 3926 1958 3982 Cum
1994 3933 2137 3985 enim
2186 3934 2338 3989 illum
2389 3944 2731 4008 Oportuisset
2781 3962 2847 4001 eo
2908 3966 3034 4007 esse
3072 3965 3393 4013 contentum

1824 4022 1971 4092 quod
2003 4027 2301 4084 tradiderat
2341 4030 2713 4094 Damascenus
2743 4048 2797 4093 et
2831 4041 2995 4100 divus
3028 4045 3296 4105 Maximus
3332 4068 3397 4107 ac

1823 4128 1993 4181 super
2020 4116 2119 4170 hos
2146 4119 2306 4175 divus
2329 4138 2549 4193 quoque
2597 4128 2865 4189 Tarasius
2912 4146 3029 4201 aut,
3071 4143 3216 4209 qiiod
3248 4144 3392 4201 idem

1821 4215 1902 4259 est
1944 4206 2148 4272 dicere,
2190 4215 2419 4280 septima
2472 4221 2722 4287 synodus
2756 4229 3034 4295 universa,
3090 4236 3253 4301 cujus
3290 4237 3395 4291 Pa-

1820 4304 1932 4351 tres
1957 4312 2150 4356 omnes
2199 4309 2620 4377 praerogativam
2654 4313 2905 4383 ejusdem
2961 4324 3181 4381 Tarasii
3213 4335 3390 4386 secuti

1819 4393 2155 4450 confessioni
2196 4397 2263 4454 de
2312 4400 2417 4456 hoc
2473 4407 2732 4473 articulo,
2791 4429 2916 4483 qua:
2970 4421 3039 4473 ad
3089 4419 3393 4482 Orientales

1820 4485 1987 4542 missa
2049 4488 2252 4557 fuerat,
2325 4497 2799 4571 subscripserunt,
2838 4510 3112 4578 siquidem
3177 4518 3247 4574 ab
3279 4519 3388 4585 bis,

1734 4623 1789 4684 Β
1818 4579 1947 4633 dum
1977 4584 2275 4640 occasione
2303 4589 2607 4648 additionis
2650 4597 2744 4650 tali
2803 4602 3134 4669 professioni
3168 4609 3392 4669 inserta:

1815 4670 2012 4742 dogma
2043 4676 2219 4745 ipsum
2252 4681 2556 4750 explicant.
2583 4687 2765 4745 dicere
2821 4693 3086 4751 docemur
3117 4699 3389 4771 Spiritum

1815 4776 2064 4822 sanctum
2095 4784 2159 4825 ex
2193 4773 2351 4830 Patre
2391 4792 2492 4846 per
2522 4779 2721 4835 Filium
2764 4790 3089 4857 procedere,
3141 4812 3386 4861 -cum,

1815 4857 2060 4926 inquam,
2093 4870 2429 4933 oportuisset
2485 4869 2723 4930 Veccum
2776 4895 2874 4942 eas
2928 4884 2982 4937 in
3042 4885 3146 4941 hoc
3209 4894 3389 4960 expli-

1810 4953 1989 5005 cando
2050 4960 2314 5026 mysterio
2368 4963 2721 5021 adhibentem
2782 4986 2947 5028 voces
3018 4993 3157 5045 quas
3209 4987 3384 5038 nostri

1810 5039 2000 5097 Patres
2053 5060 2416 5119 usurparunt,
2474 5056 2881 5116 additamento-
2922 5064 3252 5126 Latinorum
3313 5074 3385 5130 ad

1808 5147 1922 5199 eas,
1963 5140 2141 5206 quoad
2202 5155 2410 5213 posset,
2450 5155 2945 5221 accommodanda,
2986 5160 3108 5229 ejus
3135 5174 3189 5218 et
3220 5179 3378 5220 suam

1806 5228 1976 5296 ipsius
2013 5231 2271 5288 invidiam
2338 5254 2570 5309 purgare
2599 5254 2692 5298 aut
2740 5248 2991 5306 minuere
3034 5259 3379 5323 excusando,

1804 5331 1993 5374 eontra
2054 5324 2143 5379 ille
2173 5337 2326 5382 extra
2373 5334 2644 5389 terminos
2706 5352 2975 5410 suscepta:
3026 5350 3380 5405 tractationis

1804 5411 2239 5472 declarationum
2284 5425 2516 5491 argutiis
2567 5442 2808 5498 evagatis
2869 5436 3040 5492 multa
3097 5447 3379 5513 congessit

1801 5507 2132 5574 Scriptorum
2166 5520 2412 5566 veterum
2474 5517 2633 5585 loca;
2683 5523 2826 5577 inter
2883 5544 3003 5596 qua:
3038 5544 3164 5586 cum
3221 5550 3350 5605 repe

1801 5596 1965 5650 risset
2022 5614 2279 5670 magnum
2322 5604 2583 5661 Basiliam
2646 5613 2779 5668 illud
2810 5634 2895 5681 ex,
2943 5626 3089 5691 quod
3130 5626 3198 5681 de
3239 5627 3378 5681 ΡἿΙιο

1799 5688 2017 5755 dicutur,
2062 5694 2115 5745 in
2143 5711 2235 5760 per
2261 5711 2725 5771 commutantem,
2768 5720 3030 5781 tanquam
3069 5730 3255 5775 essent
3293 5725 3375 5777 lue

1799 5787 2213 5850 pru‘posilittltcs
2288 5791 2521 5848 invicem
2584 5802 2984 5869 mquivaleuter
3051 5814 3371 5879 mutabiles,

1800 5888 1958 5940 prout
2051 5881 2314 5947 probatur
2402 5887 2485 5941 bis
2539 5889 2839 5963 Scriptura:
2920 5906 3367 5973 auctoritatibus,
