3964 6534
542 431 650 493 Si?)

1773 413 2096 477 GEORGII
2125 411 2605 474 PACHYMERE

3691 408 3796 468 9ὶὶ

548 550 766 613 θρωπον
823 538 910 592 διὰ
970 536 1060 589 τοῦ
1116 533 1276 601 Θεοῦ,
1307 550 1324 586 t
1399 531 1700 598 τουτέστιν,
1737 533 1801 586 ὲκ
1845 531 1939 586 τοῦ
1968 527 2125 586 θεοῦ.
2155 532 2198 587 Α
2225 527 2282 581 δὲ
2307 529 2365 594 ἐξ
2396 528 2576 591 αῑτῖας
2598 526 2747 590 ὖντος
2784 524 2945 579 πάλιν
2975 523 3142 595 ἄλλην
3178 522 3441 596 διαφορὰν
3469 521 3762 592 ἐννοοῦμεν
3783 534 3796 550 ·

551 639 673 703 καὶ,
715 655 731 688 ι
776 634 1114 701 Γεννώμενον
1158 631 1222 682 ὲκ
1271 628 1548 697 γυναικὸς,
1586 646 1603 680 ι
1640 626 1883 680 τουτέστι
1911 623 1998 677 διὰ
2023 639 2122 691 γυ-

547 732 752 802 ναικὸς,
790 729 874 782 ἵνα
911 726 986 797 μὴ
1021 725 1118 796 τὴν
1147 724 1221 785 ὼς
1269 724 1356 777 διὰ
1409 721 1648 790 σωλῆνος
1683 721 1914 791 αἵρεσιν,
1961 718 2119 786 φησὶ,

548 827 888 899 παρεμφήνῃ
904 825 931 876 ό
951 822 1093 884 θεῖος
1124 819 1462 881 ’Λπόστολος,
1483 816 1655 868 ταῦτα
1683 815 1775 867 καὶ
1800 813 1869 866 τὰ
1893 810 2120 865 τοιαῦτα

545 921 818 991 ὁσημέραι
847 913 1327 985 συκοερανιζόμενος
1359 909 1529 962 πολλὰ
1559 910 1651 961 καὶ
1691 907 1790 976 τὴν
1821 905 1888 958 ἐκ
1913 907 1990 965 είς
2021 903 2118 973 τὴν

545 1016 645 1068 διὰ
676 1007 978 1082 παρεξῆγε,
1014 1004 1304 1058 κάντεῦθεν
1345 1002 1506 1073 δῆθεν
1539 1001 1636 1070 τὴν
1679 1000 1746 1051 ἐκ
1797 997 2118 1066 ἐθεράπευε.

547 1107 660 1174 Τὴν
692 1105 747 1157 δὲ
779 1103 870 1155 τοῦ
895 1099 1060 1154 ’θείου
1109 1095 1471 1166 Δαμασκηψῦ
1503 1093 1663 1163 ῥῆσιν
1696 1088 1872 1160 εὑρὼν
1909 1089 2004 1160 τὴν
2032 1088 2122 1142 διὰ

545 1197 705 1264 λόγου
737 1191 1032 1264 προϐολεὺς
1065 1183 1464 1258 ἐκφαντορικοῦ
1492 1183 1634 1236 Πνεύ
1645 1199 1807 1251 ματος
1833 1181 2122 1261 λέγουσαν,

546 1291 642 1344 καὶ
673 1288 733 1340 τὸ
769 1282 1104 1354 προϐολεὺς
1133 1283 1212 1343 εἰς
1238 1279 1298 1331 τὸ
1325 1277 1516 1342 αιτιος
1549 1273 2004 1345 μεταλαμϐάνων,
2043 1273 2126 1326 at-

547 1398 659 1436 τιον
693 1379 792 1448 μὲν
820 1377 919 1429 οὐκ
945 1374 1094 1439 ἔλεγε
1121 1371 1210 1423 τὸν
1237 1370 1367 1422 Υῖὸν
1399 1367 1736 1437 Πνεύματος,
1763 1365 1933 1417 αἴτιον
1958 1363 2013 1416 δὲ
2034 1364 2126 1416 διὰ

544 1473 640 1526 τοῦ
681 1467 812 1523 Υἱοῦ
835 1467 926 1520 τὸν
964 1463 1184 1535 Πατέρα
1208 1461 1304 1513 τοῦ
1341 1457 1656 1528 Πνεύματος
1683 1456 1970 1528 ὡμολόγει,
2003 1452 2127 1507 ἐπεὶ

547 1566 642 1618 καὶ
669 1563 762 1617 διὰ
792 1560 966 1627 Λόγου
1009 1554 1308 1625 προϐολεὺς
1337 1552 1437 1606 εῑτ’
1463 1551 1555 1606 οὖν
1584 1553 1755 1613 αῖτιος
1784 1550 2002 1617 λέγεται
2030 1546 2123 1599 τοῦ

550 1655 864 1726 Πνεύματος
896 1652 924 1703 ό
956 1649 1165 1718 Πατήρ.
1190 1644 1408 1716 Ταύτην
1435 1645 1536 1715 τὴν
1563 1646 1719 1715 ῥῆσιν
1746 1644 1890 1706 τινὲς
1919 1641 2018 1711 μὲν
2047 1639 2125 1705 ὡς

446 1761 447 1764 ‘
547 1749 702 1803 νόθον
730 1749 974 1815 γέννημα
999 1740 1093 1793 τοῦ
1120 1738 1334 1808 [ἰατρὸς
1351 1734 1715 1807 Δαμασκηνοῦ
1739 1734 1838 1787 οὐκ
1859 1733 2122 1802 ἐδέχοντο·

2226 621 2288 672 τὸ
2318 621 2416 690 μὲν
2448 619 2558 690 γὰρ
2590 618 2868 688 προσεχῶς
2895 619 2960 671 ὲκ
2993 617 3087 669 τοῦ
3122 617 3363 686 πρώτου,
3391 617 3452 669 τὸ
3484 616 3540 670 δὲ
3576 617 3664 671 διὰ
3705 615 3801 668 τοῦ

2231 712 2512 783 προσεχῶς
2563 712 2629 764 ἐκ
2672 709 2765 764 τοῦ
2806 710 3046 781 πρώτου,
3091 707 3194 779 τῆς
3223 708 3318 762 τοῦ
3355 707 3486 762 Υῖίιῦ
3527 707 3808 778 μεσιτεεας

2229 798 2328 855 καὶ
2353 803 2530 872 ἑαυτῷ
2559 802 2621 854 τὸ
2645 801 2935 872 μονογενὲς
2967 802 3341 869 φυλαττούσης
3368 801 3462 853 καὶ
3491 803 3550 854 τό
3579 800 3807 868 Πνεῦμα

2229 895 2331 964 τῆς
2379 895 2473 948 τοῦ
2532 896 2746 964 Πατρὸς
2791 895 3027 963 σχέσεως
3063 893 3137 964 μὴ
3170 894 3558 963 ἀπειργούσης.
3617 893 3808 947 Ταῦτα

2235 985 2335 1056 μὲν
2363 989 2390 1039 ό
2422 984 2844 1056 πατριαρχεύων
2878 985 3091 1054 εἰσῆγε,
3136 983 3351 1046 δεικνὺς
3394 983 3494 1053 τὴν
3527 986 3809 1052 μεσιτείαν

2232 1079 2326 1131 τοῦ
2361 1077 2490 1131 Υῖοῦ
2522 1079 2580 1143 ἐξ
2613 1077 2860 1148 ἀνάγκης
2891 1077 3220 1144 εἰσάγουσαν
3268 1074 3366 1147 τὴν
3412 1075 3531 1140 διὰ,
3586 1079 3684 1129 καὶ
3729 1076 3812 1129 διὰ

2230 1169 2434 1239 ταύτης
2458 1169 2556 1240 τὴν
2582 1171 2652 1222 ἐκ
2687 1170 2795 1223 τῶν
2836 1167 3056 1255 Ἰταλῶν
3080 1168 3440 1238 προσιέμενος
3472 1167 3545 1231 ὡς
3576 1171 3812 1222 ἀντιπα-

2237 1263 2600 1333 ραχωρουσῶν
2625 1262 2734 1316 τῶν
2763 1261 3098 1331 προθέσεων.
3125 1262 3190 1315 Ol.
3214 1261 3269 1314 δὲ
3301 1263 3431 1331 περὶ
3449 1261 3537 1314 τὸν
3581 1261 3813 1332 Ἐφέσου

2233 1358 2329 1410 καὶ
2359 1358 2448 1410 τὸν
2483 1354 2725 1426 Ἀθηνῶν
2753 1355 3016 1410 Μελέτιον
3039 1355 3134 1408 καὶ
3163 1353 3311 1408 ἄλλοι
3340 1353 3584 1408 πλεῖστοι
3612 1356 3816 1408 taxav-

2233 1445 2529 1512 daliCovt’n,
2582 1446 2828 1517 μείζονος
2882 1445 3056 1500 κακοῦ
3115 1445 3209 1498 τοῦ
3262 1447 3440 1499 δοκεῖν
3485 1448 3816 1517 παρακινεῖν

2231 1541 2483 1612 δόγματα
2513 1539 2737 1595 ἔλαττον
2769 1541 2939 1595 κακὸν
2970 1541 3030 1594 τὸ
3065 1539 3416 1612 ἡμαρτῆσθαι
3449 1541 3598 1609 σφίσι
3642 1559 3813 1612 ποιη-

2236 1635 2492 1706 σαμένοις
2519 1635 2743 1704 εἰρήνην
2780 1634 2920 1704 μετὰ
2945 1633 3289 1703 σφαλλόντων
3317 1636 3375 1688 ὲν
3405 1633 3567 1696 θείοις
3596 1633 3812 1703 δόγμα-

2235 1744 2322 1781 σιν
2364 1727 2812 1798 ἁνθαιρούμενοι.
2860 1725 3002 1780 Ἀλλ’
3047 1729 3075 1780 ό
3111 1727 3210 1798 μὶν
3253 1728 3515 1792 Μελέτιος
3560 1730 3653 1781 καὶ
3693 1727 3836 1780 λίαν.

549 1842 689 1904 τινὲς
725 1840 782 1892 δὲ
815 1839 907 1890 καὶ
951 1833 1232 1904 δεχόμενοι
1289 1829 1623 1901 μετήμεισον
1671 1827 1732 1881 τὸ
1789 1823 2128 1894 προϐολεὺς
2161 1900 2190 1904 ι
2235 1823 2692 1896 ἐπαρρησιάζετο,
2715 1819 2895 1883 καὶὼς
2915 1823 3046 1890 μιᾶς
3071 1819 3241 1874 πολλὰ
3255 1822 3310 1873 ὲν
3331 1821 3531 1889 συνόδῳ
3557 1821 3814 1892 λαλῆσαι,

550 1935 630 1994 εις
657 1900 718 1984 τὸ
755 1900 1094 1998 παροχεῦξ,
1123 1925 1218 1977 καὶ
1262 1900 1360 1994 τὴν
1403 1920 1764 1990 ὲκφαντορίαν
1812 1921 1910 1972 οὐκ
1941 1922 2019 1980 εἰς
2062 1917 2125 1988 [Ρ
2160 1900 2200 1954 Β
2228 1916 2322 1970 καὶ
2347 1915 2499 1977 τέλος
2522 1916 2613 1968 τὸν
2627 1915 2923 1986 ἐπενδύτην
2950 1913 3208 1968 κελεῦσαι
3235 1914 3312 1979 τῷ
3332 1912 3519 1984 ὀπαδῷ
3542 1914 3817 1984 ἀράμενον

550 2023 682 2095 3‘29]
717 2023 818 2094 τὴν
857 2019 1090 2088 ὓπαρξιν
1139 2015 1589 2086 ὲξελαμϐάνοντο,
1642 2012 1757 2067 ἀλλ’
1802 2014 1882 2073 εἰς
1932 2010 2030 2079 τὴν
2073 2011 2130 2073 ἐς
2225 2008 2453 2062 ἕπεσθαι
2494 2008 2569 2070 ὡς
2610 2008 2703 2061 καὶ
2729 2008 2810 2071 εἰς
2837 2006 3052 2075 ὲξορῖαν
3079 2007 3319 2076 ἕτοιμον,
3363 2005 3439 2069 ὡς
3463 2007 3605 2079 ὑπὲρ
3632 2010 3814 2063 τοιού·

551 2119 723 2173 ἀΐδιον
754 2117 1039 2186 ἐκφανσιν.
1069 2112 1268 2165 Μέντοι
1301 2126 1365 2178 γε
1409 2108 1502 2160 καὶ
1533 2105 1846 2159 σκανδάλων
1879 2103 2130 2175 μεγάλων
2227 2119 2336 2154 των
2366 2101 2792 2170 ἀγωνιζόμενος.
2823 2101 2887 2154 Oi
2917 2099 2974 2152 δὲ
3008 2099 3135 2170 περὶ
3175 2100 3268 2153 τὸν
3317 2099 3545 2168 Ἐφέσου
3583 2119 3814 2172 προνοη-

550 2208 808 2281 ὰφορμὰς
836 2207 906 2260 τὰ
932 2205 1156 2258 τοιαῦτα
1191 2201 1466 2272 παρέσχον
1498 2201 1611 2262 τοῖς
1635 2197 1881 2268 ὕστερον.
1914 2196 2129 2262 ’Ὠσπερ
2229 2193 2398 2255 τικῶς
2428 2191 2530 2263 μὲν
2553 2188 2703 2262 εἶχον
2729 2191 2817 2244 διὰ
2843 2190 3089 2260 βασιλέα,
3123 2188 3200 2260 μὴ
3226 2190 3470 2254 θέλοντες
3494 2191 3675 2244 δοκεῖν
3711 2193 3815 2245 εἱσ-

549 2305 689 2374 δῆτα
719 2301 812 2354 καὶ
845 2299 907 2352 τὸ
937 2297 1032 2350 τοῦ
1066 2294 1286 2364 Νύσσης
1319 2291 1625 2364 Γρηγορίου
1649 2289 1860 2360 Πατρὸς
1882 2287 2046 2358 ῥητὸν
2073 2284 2136 2338 τὸ
2233 2287 2391 2353 ἀγειν
2428 2285 2485 2337 ὲν
2515 2283 2822 2336 καθεστῶσι
2850 2281 3144 2334 σκάνδαλα⁶
3181 2283 3330 2352 ὅμως
3374 2282 3432 2336 δὲ
3472 2284 3566 2336 καὶ
3606 2284 3816 2354 βαρέως

519 2373 694 2452 ’κατὰ
723 2394 990 2464 διαίρεσιν
1040 2387 1414 2458 προαγόμενον
1466 2384 1562 2436 καὶ⁵
1609 2381 1754 2434 οὕτω
1791 2397 1908 2442 πως
1955 2379 2134 2447 λέγον,
2233 2376 2433 2447 ἔφερον
2507 2377 2604 2428 καὶ
2681 2373 2928 2426 ἐκποδὼν
3002 2376 3178 2428 ποιεῖν
3250 2374 3395 2428 κατὰ
3454 2375 3517 2428 τὸ
3592 2375 3816 2446 λεληθὸς

536 2493 629 2556 εὼς
653 2489 714 2544 τὸ
752 2487 851 2561 μὲν
884 2485 1055 2540 αῐτιον
1086 2479 1366 2536 πιστεύειν
1420 2480 1482 2532 τὸ
1510 2478 1566 2532 δὲ
1593 2478 1656 2531 ἐκ
1681 2475 2003 2549 τῆςαῖτῖας,
2039 2472 2135 2528 τοῦ
2233 2469 2466 2536 ἐκεῖνον,
2502 2465 2578 2530 ὡς
2613 2465 2853 2534 ἐδόκουν,
2879 2463 3186 2520 ἐϐούλοντο.

555 2729 584 2764 1
611 2708 847 2768 Possedi
883 2707 1166 2763 hominem
1208 2717 1305 2776 per
1365 2705 1532 2759 Deum
1567 2700 1612 2769 ί,
1636 2720 1656 2754 ι
1686 2699 1738 2756 id
1767 2709 1872 2768 εει,
1904 2715 1970 2754 εκ
2002 2698 2138 2763 θεον
2238 2721 2436 2772 causa,
2478 2721 2675 2762 rursus
2733 2705 2898 2762 aliam
2974 2705 3341 2763 diﬂ'erentiam
3405 2711 3813 2783 intelligimus:

563 2815 641 2872 et,
678 2821 697 2854 ι
734 2801 963 2857 Factum
994 2814 1062 2855 ex
1091 2799 1321 2854 muliere
1345 2799 1390 2862 ’,
1424 2816 1442 2848 ι
1475 2797 1578 2848 hoc
1612 2802 1695 2850 est
1719 2809 1815 2864 per
1837 2791 2145 2858 mulierem.
2241 2799 2360 2854 haec
2380 2801 2527 2856 enim
2547 2802 2813 2855 continue
2838 2816 2904 2856 ex
2925 2803 3122 2872 prima,
3149 2803 3252 2857 ista
3281 2818 3379 2872 per
3429 2807 3812 2862 mediationetn

559 2912 628 2952 ne
655 2895 822 2968 482
864 2894 1010 2948 illam
1047 2892 1298 2946 haeresim
1373 2888 1688 2944 insinuasse
1733 2883 1960 2940 divinus
2010 2881 2152 2952 Apo-
2242 2892 2367 2948 Filii
2418 2893 2512 2963 qui
2573 2894 2844 2948 continue
2892 2907 2960 2948 ex
3012 2892 3189 2963 prima
3267 2903 3372 2961 εει,
3440 2910 3548 2964 (μη
3608 2898 3812 2952 media.

561 2988 738 3047 stolas
773 2994 999 3056 putetur
1054 2998 1162 3053 qua
1213 2981 1474 3037 Christus
1527 2977 1684 3050 quasi
1740 2991 1838 3046 per
1890 2973 2140 3029 εωιειιθιι
2242 2986 2394 3042 tione
2464 2983 2640 3039 Filius
2705 2984 2850 3040 idem
2913 2993 2966 3040 et
3043 2985 3148 3041 sibi
3213 2983 3496 3058 Unigeniti
3571 2992 3814 3060 proprie-

559 3080 831 3135 I-rallsisse
854 3093 948 3148 ρον
981 3075 1255 3143 Virginem
1293 3073 1514 3144 “"8"”?
1545 3087 1560 3124 ³
1600 3073 1741 3133 hac,
1779 3068 2029 3136 inquam»
2061 3064 2141 3119 εί·
2247 3085 2418 3132 tatem
2500 3085 2683 3131 servat
2744 3085 2799 3129 et
2868 3075 3132 3144 Spiritum
3193 3091 3224 3130 a
3296 3077 3562 3134 relatione
3595 3103 3603 3110 -
3636 3079 3811 3132 Patris

561 3173 825 3240 miliaque
865 3166 1108 3236 undique
1157 3163 1448 3218 conterens
1479 3159 1728 3232 quatidie
1769 3157 2030 3229 plurima,
2081 3170 2137 3209 ea

2246 3184 2358 3223 non
2419 3176 2595 3222 arcet.
2647 3186 2667 3219 ι
2705 3167 2833 3223 Haec
2879 3169 3154 3240 allegabat
3208 3171 3568 3241 patriarcha,
3633 3181 3815 3226 osten-

561 3264 616 3318 iu
659 3277 754 3332 per
806 3260 1161 3321 itumittebat,
1220 3270 1315 3310 eas
1355 3253 1662 3323 particulas
1733 3247 2032 3305 conﬂando
2086 3247 2211 3312 inc
2244 3259 2385 3316 deus
2437 3259 2604 3332 ‘83
2656 3259 3036 3316 mediaﬁonem
3078 3260 3199 3316 Filii
3262 3264 3573 3318 necessario
3624 3263 3816 3318 in‘em

560 3354 842 3409 notionem
876 3366 1040 3404 unam
1071 3367 1087 3416 ;
1118 3351 1309 3418 sicque
1343 3345 1597 3400 videlicet
1636 3343 1887 3398 diluebat
1923 3341 2134 3396 crimen
2245 3354 2689 3423 praeposuionem
2711 3367 2827 3419 per,
2868 3359 2922 3406 et
2950 3360 3170 3421 propter
3195 3353 3357 3418 hanc,
3386 3355 3812 3423 pra-positionem

561 3443 925 3498 additamenti
980 3441 1043 3495 in
1071 3437 1393 3510 Symbolum
1455 3435 1676 3500 intrusi,
1733 3449 1844 3505 quo
1909 3441 2137 3487 sanctus

2246 3460 2330 3510 ex,
2358 3459 2526 3514 quam
2559 3444 2648 3499 bic
2669 3442 2846 3498 Latini
2877 3453 3233 3515 usurparent,
3263 3445 3659 3501 admittendam
3686 3461 3812 3501 con-

563 3537 826 3609 Spiritus,
859 3546 918 3590 ut
944 3549 1010 3590 ex
1037 3535 1220 3599 Patre,
1251 3531 1326 3586 ita
1357 3547 1423 3586 ex
1453 3529 1595 3585 Filio
1628 3527 1934 3599 procedere
1983 3525 2137 3579 affir-

2246 3535 2504 3601 tendens,
2561 3526 2822 3604 quoniam
2873 3538 3190 3605 promiscue
3236 3538 3630 3607 permutabiles
3681 3539 3816 3592 inter

565 3636 770 3684 matur.
830 3626 1105 3680 Praeterea
1157 3624 1302 3679 idem
1356 3623 1580 3678 inventa
1645 3622 1755 3676 divi
1815 3619 2139 3675 Damasceni

561 3719 840 3776 sententia
923 3731 1033 3788 qua
1099 3717 1265 3773 Pater
1338 3731 1434 3786 per
1517 3713 1756 3770 Verbum
1837 3711 2141 3784 προδολεὺς

561 3814 798 3868 emissor
854 3808 1211 3865 enuntiatorii
1263 3807 1500 3878 Spiritus
1562 3806 1788 3870 dicitur,
1840 3813 1896 3859 et
1944 3818 2140 3859 vocem

565 3904 869 3977 προϐολεὺς
924 3903 1163 3960 emissor
1213 3902 1330 3957 sive
1367 3901 1613 3972 prolalor
1675 3910 1939 3971 tanquam
1996 3899 2142 3954 idem

565 3998 977 4070 signiﬁcantem
1018 3996 1166 4067 quod
1195 3997 1385 4060 αἴτιος
1430 4010 1595 4051 causa
1655 3994 1772 4050 sive
1807 3993 2140 4065 principium

569 4107 868 4160 usurpans,
897 4091 993 4146 ubi
1031 4091 1378 4146 observasset
1414 4104 1521 4143 non
1551 4088 1734 4144 dicere
1769 4088 1992 4158 quidem
2037 4087 2142 4140 Da-

567 4202 888 4242 masceuum
941 4185 1266 4255 simpliciter
1325 4181 1526 4238 Filium
1568 4198 1693 4238 esse
1737 4197 1965 4238 causam
2026 4183 2143 4236 sive

569 4280 909 4350 principium
954 4275 1198 4347 Spiritus
1257 4275 1461 4342 sancti,
1492 4276 1652 4330 fateri
1705 4284 1890 4330 tamen
1925 4275 2142 4330 Patrem

566 4384 691 4425 esse
719 4384 946 4423 causam
980 4368 1227 4438 Spiritus
1291 4367 1470 4421 sancti
1515 4381 1612 4434 per
1641 4364 1861 4428 Filium,
1889 4364 2144 4434 quando-

568 4463 793 4532 quidem
848 4460 916 4513 ab
971 4476 1036 4514 eo
1069 4459 1234 4512 Pater
1285 4473 1384 4528 per
1414 4455 1660 4512 Verbum
1693 4455 1934 4527 Spiritus
1965 4458 2144 4512 saneti

569 4551 898 4622 προϐολεύς,
932 4552 1078 4622 quod
1134 4552 1294 4606 idem
1339 4562 1500 4605 sonat
1533 4565 1597 4604 ac
1619 4551 1811 4614 αἴτιος,
1833 4565 1957 4606 esse
1996 4550 2146 4605 alﬁr-

543 4655 773 4699 -metur.
815 4643 970 4698 Hanc
1005 4643 1340 4697 sententiam
1391 4642 1562 4711 aliqui
1618 4654 1676 4696 ut
1715 4644 2057 4697 subdititiam
2092 4653 2148 4698 et

541 4736 710 4790 I'ialso
735 4735 1060 4788 attributam
1101 4733 1257 4789 Patri
1317 4732 1666 4788 Damasceno
1699 4734 1981 4803 rejiciunt.
2015 4735 2148 4801 Qui-

553 4827 695 4881 dam
740 4835 929 4881 autem
956 4840 1076 4880 eam
1125 4824 1511 4890 admittentes,
1561 4827 1686 4881 loco
1711 4827 1967 4881 vocabuli
2009 4844 2146 4899 προ.

551 4921 762 4984 ·6ολ.εὺς
831 4921 1182 4975 substituunt
1251 4919 1307 4974 in
1375 4919 1465 4973 illa
1520 4921 1800 4990 παροχεὺς
1857 4919 2146 4990 prmbitor,

549 5025 624 5071 εει
651 5030 772 5086 qua:
805 5015 914 5069 illis
959 5014 1166 5068 mentio
1211 5011 1535 5082 adjungitur
1567 5012 1938 5083 ὲκφαντοριας
1972 5016 2149 5066 enim-

553 5109 806 5193 .tiatoria:
841 5107 1193 5178 prolationis,
1236 5122 1349 5160 non
1393 5105 1460 5160 ad
1524 5104 1758 5176 ὕπαρξιν
1815 5105 2148 5160 exstantiam

2247 3643 2371 3685 sese
2407 3629 2506 3682 has
2535 3627 2837 3698 particulas
2867 3642 2994 3683 esse
3020 3639 3330 3698 appareret.
3367 3629 3568 3686 Verum
3602 3629 3817 3700 Ephesi-

2251 3737 2356 3777 nus
2407 3736 2628 3792 unaque
2665 3721 3027 3778 Atheniensis
3073 3723 3326 3780 Meletius
3377 3733 3436 3779 et
3466 3724 3556 3778 alii
3609 3724 3814 3792 plurimi

2250 3802 2796 3880 scandalizabantur,
2833 3815 3216 3871 existimantes
3247 3831 3465 3872 movere
3492 3832 3555 3872 ac
3586 3817 3653 3873 de
3685 3833 3817 3870 novo

2250 3906 2306 3960 in
2339 3906 2794 3976 disceptationem
2824 3922 3026 3964 vocare
3072 3909 3206 3962 olim
3241 3910 3540 3964 constituta
3576 3911 3816 3978 dogmata

2251 3997 2428 4068 majus
2451 4013 2572 4054 esse
2604 4000 2805 4054 malum
2837 4014 3003 4070 quam
3035 4010 3091 4055 ut
3115 4003 3460 4057 consciscere
3487 4003 3540 4057 id
3565 4003 3663 4073 ipsi
3697 4016 3819 4071 pos-

2251 4101 2394 4154 sent,
2431 4091 2686 4160 quamvis
2720 4091 2971 4159 gravium
3023 4093 3291 4146 malorum
3325 4094 3816 4162 przevertendorum

2251 4196 2421 4238 causa
2472 4182 2846 4238 conscientias
2891 4198 3022 4239 suas
3078 4187 3597 4240 accommodassent
3640 4186 3702 4238 ad
3744 4184 3819 4237 le-

2254 4274 2374 4329 vius
2405 4274 2538 4330 illud
2573 4284 2858 4345 peccatum
2897 4275 3321 4341 admittendum,
3357 4291 3467 4345 quo
3493 4291 3553 4332 se
3587 4277 3818 4345 obligas-

2255 4378 2381 4425 sent
2408 4384 2544 4440 pace
2578 4385 2700 4426 cum
2735 4370 2848 4426 illis
2875 4369 3133 4425 iacienda
3161 4371 3255 4440 qui
3283 4372 3335 4424 in
3365 4371 3572 4427 divinis
3599 4373 3815 4440 d0gma-

2254 4463 2402 4518 tibus
2445 4471 2719 4517 errarent.
2765 4461 2845 4517 Ac
2897 4460 3147 4518 Meletius
3195 4463 3499 4532 praesertim
3538 4476 3724 4534 magna
3754 4458 3818 4512 de

2257 4555 2343 4612 his
2403 4555 2656 4610 libertate
2699 4553 3042 4620 disserebat,
3097 4555 3233 4610 adeo
3290 4563 3348 4609 ut
3393 4556 3487 4611 die
3548 4554 3806 4624 quadam,

2259 4656 2549 4718 postquam
2596 4646 2765 4702 multa
2806 4661 2972 4717 super
3005 4647 3112 4703 hoc
3159 4657 3484 4718 argumento
3521 4649 3576 4703 in
3625 4643 3816 4719 synodo

2258 4741 2650 4807 declamasset,
2686 4740 3075 4812 pedissequum
3117 4742 3351 4811 jusserit
3397 4741 3618 4796 sublato
3664 4736 3815 4808 pallio

2262 4835 2607 4904 procinctum
2655 4833 2721 4888 ad
2754 4833 2859 4888 iter
2904 4832 3010 4888 sibi
3057 4831 3255 4889 adesse
3286 4841 3547 4902 tauquam
3590 4832 3638 4884 in
3673 4827 3812 4882 exsi-

2263 4926 2396 4981 lium
2433 4927 2528 4982 tali
2558 4927 2627 4982 de
2668 4941 2834 4984 causa
2870 4941 2996 4982 mox
3028 4936 3220 4997 parato
3253 4923 3554 4996 proﬁcisci.
3588 4921 3815 4976 κεκινη-

2259 5019 2371 5072 tius
2411 5033 2471 5074 se
2520 5018 2741 5089 gerebat
2796 5018 3109 5088 Ephesinus
3169 5015 3519 5086 imperatoris
3562 5022 3811 5082 τεςιιει-ιιι.

2257 5108 2401 5179 apud
2431 5126 2596 5180 quem
2644 5125 2704 5166 se
2743 5110 3068 5181 providebat
3097 5108 3458 5175 oﬂensurum,
3489 5108 3533 5161 si
3559 5106 3820 5160 videretur

565 5202 842 5268 referunt,
873 5199 970 5255 sed
1007 5199 1075 5254 ad
1114 5200 1283 5253 ἀΐδιον
1333 5199 1600 5267 ἐκφανσιν
1647 5197 2137 5252 arternametibibi

2259 5201 2594 5258 offendicula
2647 5210 2702 5257 et
2746 5203 3031 5258 turbarum
3080 5215 3278 5256 causas
3329 5199 3396 5254 iis
3443 5197 3676 5268 obiicere
3723 5194 3820 5262 qui

572 5297 800 5349 tionem.
839 5292 1132 5348 Enimvero
1164 5292 1562 5346 scaudalorum
1601 5306 1931 5360 magnorum
1982 5305 2147 5345 occa-

570 5388 756 5441 siones
787 5383 919 5438 talia
943 5388 1312 5453 praebuerunt
1377 5383 1636 5453 posteris,
1706 5391 1763 5436 ut
1816 5380 2069 5436 videlicet
2096 5390 2152 5436 et

574 5480 677 5532 hoc
707 5475 940 5548 Nysseni
973 5474 1228 5542 Gregorii
1263 5472 1446 5528 Patris
1489 5474 1723 5538 dictum,
1756 5476 1811 5526 in
1844 5487 1954 5542 quo
2010 5471 2151 5526 divi-

573 5572 678 5626 sim
705 5571 773 5626 de
807 5568 1056 5640 personis
1097 5568 1301 5622 divinis
1328 5569 1514 5638 agitur
1559 5568 1648 5623 bis
1680 5567 1884 5622 verbis:
1923 5585 1940 5618 ι
1984 5563 2053 5620 Ut
2079 5567 2146 5620 il-

573 5665 681 5720 lant
731 5662 953 5733 quidem
999 5676 1222 5716 causam
1271 5660 1596 5726 credamus,
1666 5665 1806 5717 banc
1850 5669 2032 5716 autem
2081 5675 2150 5715 ex

645 5863 663 5895 ³
697 5861 836 5919 Gen.
875 5876 948 5928 tv,
986 5861 1039 5916 1.
1116 5861 1135 5892 ³
1165 5858 1338 5915 Galat.
1369 5850 1447 5925 IV,
1479 5858 1533 5914 4.

2262 5296 2409 5350 bona
2443 5295 2548 5350 ﬁde
2577 5294 2866 5375 conventis
2905 5293 3355 5364 acquiescebant.
3389 5289 3708 5362 Ringebatur
3731 5295 3825 5338 ta-

2265 5403 2390 5444 men
2419 5399 2472 5445 et
2498 5392 2616 5460 ipse
2647 5390 2888 5460 penitus,
2913 5389 3197 5458 a‘gerrime
3217 5402 3344 5441 cum
3369 5386 3487 5441 suis
3518 5385 3678 5439 ferens
3697 5393 3825 5449 qua

2262 5497 2292 5536 a
2317 5483 2499 5539 Vecco
2528 5483 2868 5552 agebantur;
2907 5479 3319 5551 apparebatque
3353 5494 3462 5534 non
3493 5476 3824 5532 dubitaturos

2262 5573 2416 5644 ipsos
2441 5573 2656 5639 conari,
2691 5572 2736 5628 si
2774 5580 3022 5641 possent,
3051 5568 3410 5626 clandestinis
3441 5567 3641 5624 artibus
3669 5562 3819 5618 illum

2259 5682 2292 5723 a
2324 5667 2453 5724 sede
2483 5665 2846 5738 patriarcbali
2876 5677 3158 5719 amovere.
