3964 6570
155 477 262 537 9ίῆ

1039 484 1135 543 DE
1181 485 1573 546 MICHAELE
1618 481 2082 546 FALIEOLOGO
2122 488 2265 550 LIB.
2310 488 2392 550 VI

3297 485 3409 544 9'6

157 586 267 667 κδᾏ
289 591 481 667 Ὅπως
499 596 584 660 είς
621 593 686 648 τὸ
712 595 850 667 ὄρος
871 596 974 649 τοῦ
1005 598 1177 662 ἁγίου
1228 598 1557 661 Δι’νξεντίου
1606 598 1717 652 ἀπο
1744 592 1793 650 Α
1820 597 2056 666 πρῶτον,
2094 599 2178 651 ἐπ’
2211 598 2403 667 ἐκείνῳ
2433 597 2488 650 δὲ
2516 595 2608 650 καὶ
2634 594 2722 649 τὸν
2763 593 3033 647 Ίσκάκιον
3066 591 3250 662 στερεῖ
3287 591 3404 642 τῶν

225 661 480 786 Ξέθενρὀ
528 661 920 747 πατριάρχης.
949 661 1060 720 Καί
1095 672 1229 737 περὶ
1252 667 1370 722 τῶν
1408 670 1514 724 τοῦ
1536 669 1722 735 ,βασι-

302 751 382 786 ωί·
433 753 568 786 .)ι8ι.

302 751 382 800 ως
419 751 568 789 εχει.

229 870 314 944 [Ρ.
347 871 477 944 550]
530 875 660 929 Τότε
711 878 890 932 τοίνυν
935 880 1210 954 δωδεκάτῃ
1271 877 1727 950 Ἀνθεστηριῶνος

159 967 327 1033 μηνὸς
353 966 444 1018 τὸν
488 966 761 1040 Βόσπορον
817 972 1344 1044 διαπεραιωσάμενοι
1385 973 1513 1027 εὐθὺ
1578 973 1730 1043 βασι-

156 1055 289 1120 λέως
314 1057 637 1130 ἠλαύνομεν,
673 1065 765 1116 καὶ
888 1068 982 1136 τῆς
1032 1067 1252 1136 λυχνίας
1312 1067 1445 1136 μονῇ
1504 1064 1732 1135 ξεναγο-

157 1146 340 1211 θέντες
367 1151 576 1205 ἐκείθεν
603 1155 728 1206 καθ’
768 1157 979 1224 ἡμέραν
1015 1157 1093 1228 τῷ
1151 1157 1360 1228 βασιλεῖ
1407 1157 1728 1226 συνεμίσγο-

163 1256 285 1308 μεν.
319 1243 404 1295 Τὰ
423 1243 471 1296 δ’
496 1245 688 1317 ἐκείνῳ
716 1247 836 1300 τότε
859 1249 1205 1319 πραττόμενα
1242 1249 1496 1322 δακρύοις
1533 1250 1730 1318 μᾶλλον

157 1329 190 1398 ἢ
230 1331 423 1400 μέλανι
450 1334 680 1405 γράφειν
709 1332 777 1408 ἦν
812 1336 978 1402 ἄξιον.
1019 1340 1313 1408 Λογισμοϊς
1365 1340 1474 1408 γὰρ
1523 1339 1732 1408 ἀγρίοις

156 1421 603 1495 διεκόακχευθεὶς
641 1430 668 1482 ὁ
690 1429 905 1500 κρατῶν
957 1433 1050 1484 καὶ
1085 1434 1246 1485 πᾶσιν
1287 1433 1538 1494 ὑπόπτως
1574 1432 1731 1501 ἔχων,

150 1515 252 1567 οὐκ
308 1512 430 1570 οἶδα
473 1519 595 1572 καθ’
645 1521 672 1573 ὃ
718 1538 792 1586 τι,
850 1524 986 1586 τέως
1019 1523 1072 1576 δέ
1124 1541 1187 1592 γε
1234 1525 1343 1587 τοῖς
1391 1525 1735 1595 φαινομένοις

151 1607 246 1658 καὶ
300 1606 382 1678 τῷ
439 1609 616 1662 δοκεῖν
663 1611 804 1681 ὑπὲρ
856 1613 1050 1666 ἑαυτοῦ
1108 1614 1201 1666 καὶ
1249 1614 1348 1682 τῆς
1412 1614 1575 1668 αὑτοῦ
1640 1614 1736 1683 δῆ-

147 1698 242 1751 θεν
310 1700 611 1772 θρησκείας
672 1704 867 1766 πονῶν,
933 1707 980 1759 εί
1030 1705 1326 1776 ὀρθοδοξὼν
1372 1709 1428 1768 ἐς
1493 1707 1560 1759 τὰ
1632 1708 1737 1776 μά-

152 1787 312 1841 λιστα
378 1791 446 1843 τὰ
476 1793 614 1862 πρὸς
666 1795 1024 1866 παρατροπὴν
1091 1797 1328 1859 πίστεως
1381 1795 1736 1864 διαϐάλλοιτο,

149 1881 306 1935 δεινὰ
331 1882 526 1938 ἐποίει.
565 1885 726 1938 Ὅθεν
760 1886 854 1939 καὶ
882 1887 1102 1957 πέμψας
1141 1887 1321 1955 ἐξάγει
1355 1888 1452 1957 τῆς
1493 1888 1738 1956 φυλακῆς

151 1971 282 2034 τοὺς
314 1973 561 2043 εὐγενεῖς
591 1975 790 2046 ἄνδρας
813 1978 1052 2041 ὲκείνους
1085 1972 1159 2030 ὧν
1193 1981 1286 2032 καὶ
1339 1979 1527 2049 πρώην
1577 1981 1741 2050 ἐμνή-

155 2063 394 2135 σθημεν,
423 2068 549 2130 τοὺς
581 2071 646 2123 ὲκ
684 2069 879 2122 Ῥαοὺλ
910 2071 1296 2138 αὑταδέλφους,
1348 2072 1439 2124 τὸν
1485 2072 1743 2143 Μανουήλ

151 2173 210 2208 τε
248 2159 347 2212 καὶ
368 2160 458 2212 τὸν
493 2160 779 2227 Ἰσαάκιον,
809 2164 902 2215 καὶ
925 2165 1107 2234 τρίτον
1132 2164 1221 2216 τὸν
1252 2166 1314 2216 ὲκ
1359 2165 1744 2236 Καντακουζη-

153 2251 262 2303 νῶν
339 2251 595 2322 Ἰωάννην
649 2255 697 2323 (ὁ
741 2253 848 2324 γὰρ
903 2257 1340 2326 πρωτοστρὰτιυρ
1405 2257 1741 2328 Ἀνδρόνικος

154 2345 378 2411 φθᾶσας
405 2347 462 2396 ὲν
489 2347 553 2415 τῇ
591 2347 806 2418 φυλακῇ
857 2347 1398 2418 προτετελευτήκει),’
1448 2351 1538 2401 καὶ
1601 2350 1744 2418 σφᾶς

153 2437 298 2506 πρὸς
328 2437 520 2491 ἑαυτὸν
539 2439 901 2509 κατακρίτους
927 2442 1105 2510 φέρει.
1140 2440 1244 2505 Οὓς
1273 2443 1337 2512 δὴ
1371 2443 1462 2494 καὶ
1492 2441 1578 2510 ἐφ’
1611 2443 1742 2514 ἠμέ-

156 2546 286 2597 ραις
343 2529 552 2594 ὲτάζων
599 2532 776 2600 λόγοις
823 2535 915 2586 καὶ
977 2531 1168 2604 ὕϐρεσι
1220 2535 1504 2596 πλείσταις
1561 2551 1620 2587 τε
1651 2535 1746 2588 καὶ

152 2619 389 2684 δειναῖς,
418 2620 569 2684 τέλος
586 2621 712 2674 ἐπεὶ
737 2623 837 2676 οὐκ
869 2619 937 2694 ἦν
972 2626 1113 2692 σφᾶς
1145 2624 1528 2678 ὐποκλίνεσθαι
1553 2625 1630 2695 τῷ
1652 2625 1744 2677 τοῦ

155 2711 498 2780 κρατοῦντος
554 2714 840 2786 θελήματι,
901 2715 990 2787 [Ρ.
1035 2712 1164 2788 35:1
1210 2717 1301 2772 τὸν
1353 2717 1452 2788 μὲν
1489 2717 1747 2787 Μανουὴλ

156 2894 230 2949 2-!
291 2893 363 2950 Ut
387 2897 456 2949 ad
484 2907 709 2953 montem
736 2897 923 2954 Sancti
955 2901 1211 2954 Auxentii
1233 2901 1382 2954 iverit
1405 2899 1744 2969 patriarcha;

551 2981 600 3023 et
629 2971 693 3024 de
720 2972 853 3025 actis
889 2972 1219 3037 imperatoris
1250 2973 1383 3025 illic.

232 3083 402 3137 Tunc
452 3083 620 3154 igitur
659 3085 984 3139 duodecima
1019 3083 1149 3138 Julii
1202 3085 1404 3138 mensis
1447 3084 1747 3154 Bosporum

163 3177 512 3247 transgressi
549 3177 617 3232 ad
644 3178 1028 3249 imperatorem
1069 3186 1219 3232 recta
1249 3179 1672 3243 contendimus;
1696 3188 1752 3234 et

1767 1946 1814 2006 B

1825 689 2086 758 ὀμμάτων
2118 691 2376 754 κελεύσας
2407 691 2574 760 ἄμφω
2599 690 2690 742 καὶ
2723 689 2916 758 μόνους
2948 704 2963 719 ο
3008 687 3036 738 ὁ
3091 684 3197 756 γὰρ
3259 685 3407 736 Καν-

1826 783 2155 851 τακουζηνὸς
2178 783 2528 852 ἀπαγόμενος
2579 782 2854 843 δειλιάσας
2909 779 3215 832 ὑπέκλινεν.
3289 776 3409 828 Ἐπ’

1827 873 2057 937 ἐκείνοις
2080 876 2187 945 γὰρ
2224 876 2405 944 μόνοις
2436 875 2496 928 τὸ
2539 874 2725 927 παθεῖν
2771 873 2866 926 καὶ
2918 872 2992 942 μὴ
3026 868 3115 942 ἦν,
3177 870 3269 920 καὶ
3321 867 3410 920 διὰ

1828 963 1986 1019 τοῦτο
2025 966 2216 1034 ἐκείνῳ
2255 966 2352 1033 μὲν
2384 962 2450 1038 ἦν
2509 965 2852 1019 ὑποκλιθέντι
2912 963 3201 1027 σώζεσθαι,
3239 961 3290 1012 oi
3353 959 3410 1011 δὲ

1829 1057 1929 1128 τὴν
1953 1057 2045 1109 τοῦ
2073 1057 2472 1129 διαπράξασθαι
2500 1057 2536 1111 ἃ
2566 1057 2754 1128 μηδεὶς
2804 1056 2962 1118 ἄλλος
2994 1054 3197 1124 etanta
3252 1053 3416 1116 δόξαν,

1832 1149 1975 1219 ὑπὲρ
1997 1152 2239 1219 πατρίων
2270 1151 2406 1204 ἐθῶν
2451 1152 2856 1220 ἀπηνέγκαντο,
2921 1149 3093 1202 πολλὰ
3147 1146 3414 1217 πρότερον

1833 1242 1926 1295 καὶ
1953 1242 2113 1294 αὑτὸν
2146 1243 2492 1312 πατριάρχην
2519 1244 2609 1294 ἐπὶ
2642 1243 2909 1311 βασιλέως
2947 1240 3285 1306 ὲλέγξαντες.
3339 1237 3414 1299 ὡς

1834 1333 2020 1386 ἐκεῖνα
2049 1332 2321 1385 πείθονται
2353 1333 2526 1402 τούτῳ
2558 1333 2589 1387 ἃ
2622 1334 2686 1406 δὴ
2705 1334 2785 1400 ἐφ’
2816 1333 3011 1386 ἑαυτοῦ
3045 1331 3118 1383 ὢν
3145 1329 3414 1399 ὡμολόγει

1836 1426 1929 1479 καὶ
1985 1426 2281 1495 ἐπιτιμίοις
2332 1426 2683 1496 πεδούμενος,
2747 1426 2842 1478 κα)⁹
2901 1427 2998 1495 οὐχ
3050 1426 3084 1478 ἆ
3124 1424 3258 1481 τέως
3299 1420 3420 1489 μετ’

1836 1515 2163 1586 ἀξιώματος.
2191 1520 2294 1572 Καὶ
2327 1516 2434 1571 εἶδε
2465 1519 2562 1588 μία
2583 1519 2767 1590 ἡμέρα
2799 1520 3200 1590 ἐστερημένους
3237 1514 3420 1585 ὀμμα-

1837 1626 1943 1662 των
1965 1609 2054 1673 οὒς
2085 1613 2178 1680 μία
2199 1611 2408 1682 γαστὴρ
2431 1612 2607 1673 ὥδινε,
2628 1614 2718 1666 καὶ
2739 1611 2830 1676 οὒς
2857 1614 2892 1683 ἤ
2915 1630 2973 1665 τε
3004 1613 3188 1682 σχέσις
3218 1609 3419 1675 συνῆγε

1841 1704 1931 1755 καὶ
1950 1703 2010 1754 τὸ
2048 1702 2186 1772 ὑπὲρ
2217 1704 2333 1768 ἑνὸς
2350 1704 2563 1769 παθεῖν,
2594 1709 2816 1768 τούτους
2840 1705 2935 1758 ἀπ’
2957 1704 3203 1771 ἀλλήλων
3229 1703 3420 1773 διῃρη-

1845 1793 2062 1862 μένους,
2091 1795 2165 1856 ὠς
2194 1794 2286 1848 τὸν
2327 1797 2424 1866 μὲν
2457 1796 2690 1867 ἀλλαχοῦ
2723 1815 2845 1860 που,
2877 1798 2965 1849 τὸν
2997 1796 3052 1849 δὲ
3083 1794 3338 1849 Μανουὴλ
3363 1795 3421 1845 ἐν

1841 1886 1961 1948 ταῖς
1988 1886 2125 1938 κατὰ
2160 1888 2509 1956 Σκάμανδρον
2535 1890 2842 1959 Κεγχρεαῖς
2907 1885 3264 1957 ἀπανθρώπῳ
3316 1886 3424 1939 τινὶ

1844 1980 2087 2048 φρουρίῳ
2114 1981 2636 2052 ἐγκατακλεισθῆναι
2677 1983 3102 2052 φρουρούμενον.
3129 1979 3249 2033 Ἐπ’
3277 1979 3422 2032 ἐκείρ

1842 2086 1954 2133 νοις
1990 2071 2082 2124 καὶ
2112 2071 2202 2124 τὸν
2225 2071 2318 2123 τοῦ
2371 2072 2635 2126 δεσπότου
2689 2073 2909 2142 Μιχαὴλ
2962 2073 3076 2124 υίδν
3140 2071 3430 2138 ’1ωάννην,.

1841 2162 1998 2228 ὃνὼς
2029 2165 2296 2235 ὅμηρονή
2337 2165 2520 2236 μήτηρ
2573 2166 2681 2220 τῶν
2728 2167 3012 2234 συνθηκῶν
3069 2163 3422 2231 ἀναγαγοῦσα

1842 2255 1904 2308 ὲκ
1963 2255 2168 2319 δύσεως
2228 2259 2304 2326 τῷ
2361 2258 2572 2328 βασιλεί
2628 2259 2920 2328 ἐνεχείριζε
2972 2258 3066 2312 καὶ
3103 2257 3356 2327 γαμόρδν-
3395 2257 3424 2308 ὁ

1842 2349 2060 2420 κρατῶν
2097 2349 2263 2402 ἐτίθει
2295 2350 2388 2402 τοῦ
2413 2350 2696 2419 Τορνικίου
2748 2350 3272 2419 σεϐαστοκράτορος,
3321 2351 3425 2402 xiv

1843 2441 2046 2502 ἐκεῖνος
2075 2440 2171 2510 τὴν
2232 2441 2462 2510 σύζυγον
2507 2443 2861 2514 ἀποστέργων
2905 2441 3023 2496 καθ’
3059 2443 3246 2494 ἑαυτὸν
3299 2444 3428 2510 ἐμο-

1843 2533 2020 2592 νοῦτο.
2051 2533 2269 2603 πέμψας
2297 2533 2418 2602 ἄγει
2447 2535 2668 2604 δέσμιον
2695 2537 2756 2588 ἐκ
2795 2535 3030 2599 Νικαίας
3058 2557 3070 2566 ·
3110 2538 3285 2588 ἐκεῖσε
3319 2535 3428 2606 γὰρ

1847 2627 2165 2694 στρατηγῶν
2194 2627 2475 2697 κατώρθου
2511 2607 2789 2698 τροπαίοις
2837 2629 3064 2698 Περσῶν
3113 2627 3434 2696 ἐναίγλαῖζὸι

1849 2734 2033 2787 μενος,
2069 2719 2152 2788 ἐφ’
2210 2712 2254 2788 ᾧ
2300 2721 2392 2773 καὶ
2425 2720 2659 2790 ὑποψίαν
2706 2720 2832 2776 {ove
2885 2720 3287 2791 βασιλειῶντος,
3329 2718 3431 2772 οὐκ

1851 2903 2078 2975 gloriam
2117 2903 2358 2957 tulerunt
2394 2905 2721 2959 constantia:
2749 2903 2972 2959 invictm
3009 2904 3062 2959 in
3091 2902 3308 2972 agendo
3331 2915 3427 2972 pa-

1851 2996 2148 3066 tiendoque
2184 3012 2282 3066 pro
2311 2997 2507 3066 patriis
2534 2998 2778 3053 moribus
2813 3012 2934 3064 quae
2963 3012 3124 3050 neino
3151 2996 3426 3050 aliusau.

1852 3104 1949 3143 sus
1998 3099 2146 3142 esset
2196 3087 2376 3142 facere
2424 3103 2488 3142 ac
2538 3089 2743 3142 subire.
2807 3088 2966 3143 Prius
3023 3097 3205 3143 anum:
3263 3105 3428 3156 quam

1855 3191 2287 3247 excaecarentur,
2325 3197 2458 3254 voce
2490 3182 2767 3237 liberrima
2805 3198 2991 3237 coram
3037 3183 3434 3251 ipsoimpcra-

159 3272 357 3324 obiter
407 3270 642 3340 hospitio
687 3270 897 3340 excepti
947 3270 1090 3339 apud
1126 3270 1522 3325 monasterium
1566 3269 1746 3342 Lych-
1779 3302 1826 3363 ο
1859 3283 1972 3328 tore
2031 3273 2355 3341 patriarcha:
2407 3275 2813 3342 exproltt'nl‘tlnl
2874 3272 3102 3328 credere
3155 3288 3214 3328 se
3267 3282 3322 3328 et
3367 3271 3434 3330 ad

159 3366 294 3428 nim,
352 3381 459 3436 qua
505 3365 631 3419 inde
671 3363 1027 3419 discessimus
1075 3364 1162 3418 die
1207 3363 1519 3432 imperaturi
1573 3365 1753 3418 asaiti-
1794 3386 1813 3394 ο

164 3473 318 3511 mus.
359 3457 436 3510 Eo
468 3465 711 3525 tempore
737 3472 858 3526 qua:
897 3457 964 3510 ab
1004 3445 1107 3510 illo
1140 3469 1292 3525 gesta
1325 3464 1455 3510 sunt
1496 3457 1757 3528 lacrymis

165 3551 366 3618 potius
400 3565 564 3620 quam
601 3558 912 3604 atramento
940 3549 1163 3618 dignum
1211 3558 1329 3604 erat
1365 3549 1627 3604 scribere.
1661 3549 1761 3604 Fc-

170 3643 251 3698 Iis
292 3643 444 3697 enim
492 3642 816 3710 quilmsdam
858 3643 1114 3697 sensibus
1156 3658 1251 3710 per
1291 3642 1517 3696 acerbas
1559 3643 1757 3696 inlenp

168 3735 363 3802 perics
390 3734 517 3804 aegri
550 3733 716 3787 anitni
740 3733 1114 3788 debacchatus
1138 3734 1396 3802 princeps
1426 3740 1530 3793 est,
1566 3747 1760 3786 omnes

163 3834 462 3893 suspectos
508 3825 738 3891 habens,
786 3824 976 3880 nescio
1021 3824 1380 3895 quamobrem
1408 3865 1422 3888 ,
1448 3823 1616 3896 484
1647 3824 1755 3879 nisi

162 3919 354 3988 quod,
391 3925 447 3970 ut
487 3918 784 3988 apparebat
819 3926 912 3972 aut
937 3917 1109 3972 videri
1157 3917 1395 3979 volebat,
1427 3915 1494 3970 de
1525 3932 1584 3971 se
1629 3931 1759 3969 sua-

160 4029 286 4081 que
341 4012 602 4067 videlicet
644 4013 910 4083 religione
950 4011 1220 4067 sollicilus
1271 4010 1617 4079 iniquissime
1667 4027 1751 4064 sc-

161 4120 301 4160 cum
335 4104 423 4175 agi
461 4104 820 4175 querebatur,
859 4103 950 4174 qui
984 4103 1090 4159 etsi
1127 4101 1264 4156 nihil
1307 4103 1472 4157 studii
1505 4117 1571 4158 ac
1619 4117 1756 4156 con-

164 4197 447 4252 tentionis
481 4197 758 4250 omitteret
791 4197 846 4250 in
886 4195 1180 4265 quaerenda
1217 4194 1560 4263 tenendaque
1607 4206 1758 4249 recta

163 4292 354 4346 divini
400 4291 585 4345 cultus
626 4305 690 4345 ac
742 4304 891 4344 sanae
924 4289 1189 4343 doctrinae
1222 4289 1331 4353 via,
1375 4289 1533 4343 Iidem
1572 4294 1755 4342 tamen

167 4390 497 4452 pervertere
538 4397 634 4450 per
679 4395 951 4436 summam
985 4379 1322 4435 calumniam
1377 4389 1752 4435 accusaretur.

167 4473 312 4530 lude
354 4475 542 4529 missis
584 4473 914 4528 satellitibus
961 4473 1147 4527 educit
1188 4487 1218 4526 e
1249 4471 1495 4526 custodia
1542 4471 1754 4526 nobiles

167 4567 306 4620 illos
341 4566 560 4634 patricii
593 4565 810 4636 generis
862 4564 1029 4626 viros,
1067 4577 1304 4632 quorum
1341 4579 1516 4634 nuper
1561 4565 1757 4617 memi-

1857 3374 2162 3420 cxtremum
2194 3365 2499 3419 crediturus
2524 3382 2641 3434 quae
2670 3363 2738 3418 ab
2765 3365 2885 3432 ipso
2921 3364 3268 3428 didicissent,
3306 3374 3435 3422 tunc

1850 3457 2081 3526 ‘quaudo
2121 3475 2187 3513 ex
2219 3475 2380 3513 sensu
2417 3458 2743 3527 loquebatur
2778 3458 3275 3527 proprio,.quamlo
3301 3473 3435 3526 sup-

1859 3549 2026 3618 plicia
2072 3559 2126 3604 et
2157 3548 2370 3603 vincula
2411 3566 2508 3620 pro
2541 3550 2629 3602 illa
2665 3549 2770 3602 lide
2803 3549 3112 3616 tolerabat:
3151 3550 3295 3604 nolle
3339 3565 3437 3602 au-

1861 3652 1966 3695 tem
1999 3641 2223 3696 credere
2251 3659 2372 3712 qua:
2394 3642 2504 3710 jam
2530 3643 2751 3697 doceret
2779 3653 3076 3712 corruptus
3103 3643 3433 3707 ambitione,

1861 3739 2099 3806 pretium
2152 3748 2373 3792 mutatae
2411 3739 2699 3792 sententia:
2730 3741 3166 3806 patriarcltatum
3217 3748 3433 3792 nactus.

1862 3828 1973 3883 Sub
2017 3830 2130 3885 haec
2186 3846 2290 3886 una
2335 3830 2452 3885 dies
2498 3833 2632 3885 vidit
2677 3832 2975 3886 luminibus
3019 3831 3240 3886 orbatos
3273 3830 3437 3901 485

1861 3935 1999 3988 quos
2033 3937 2178 3976 unus
2211 3931 2400 3977 venter
2431 3932 2756 3993 pepererat;
2791 3923 3128 3992 eosdemque
3156 3939 3302 3992 quos
3337 3937 3435 3976 ue-

1861 4016 2146 4068 ccssitudo
2197 4015 2582 4084 germanitatis
2623 4025 2678 4068 et
2743 4017 2982 4086 patiendi
3037 4030 3202 4068 causa
3243 4015 3440 4084 junge-

1864 4105 2018 4172 bant,
2063 4105 2221 4173 longe
2273 4105 2506 4160 invicem
2559 4107 2845 4170 abductos,
2905 4105 3154 4160 Mauuelc
3186 4105 3438 4160 videlicet

1864 4200 2107 4267 relcgato
2169 4198 2482 4254 Cenchreas
2538 4199 2603 4251 ad
2655 4197 3080 4262 Scamandrum,
3144 4197 3327 4265 ibique
3382 4199 3436 4250 in

1867 4289 1989 4342 tetri
2035 4286 2321 4357 cujusdam
2366 4296 2422 4342 et
2456 4287 2696 4341 humano
2734 4286 2985 4340 destituti
3031 4287 3176 4340 cultu
3223 4288 3436 4341 castelli

1863 4381 2172 4434 custodiam
2236 4381 2471 4444 incluso,
2525 4381 2697 4432 altero
2757 4379 2866 4432 alio
2903 4381 3120 4448 uspiam
3171 4362 3432 4432 abducto.

1862 4473 2019 4526 Aliud
2056 4483 2173 4542 post
2211 4473 2336 4537 hoc,
2366 4481 2421 4526 et
2457 4473 2637 4542 ipsum
2671 4471 2929 4525 acerbum
2968 4472 3115 4531 visu,
3150 4479 3439 4540 spectacu-

1862 4565 1975 4619 lum
1999 4565 2186 4620 datum
2222 4574 2330 4620 est.
2363 4565 2628 4621 Joannem
2664 4565 2945 4620 Michaelis
2969 4566 3211 4635 dcspota:
3243 4565 3440 4628 lilium,

164 4661 396 4721 nimus,
431 4659 632 4712 fratres
673 4657 886 4714 scilicet
922 4656 1062 4710 duos
1091 4654 1286 4711 Baulis
1325 4654 1486 4718 ﬁlios,
1521 4655 1752 4709 Manue-
1791 4649 1836 4705 Β
1865 4671 2027 4724 quem
2074 4673 2175 4712 sua
2209 4658 2486 4726 quondam
2524 4669 2697 4711 mater
2730 4657 2800 4711 ab
2847 4657 3100 4712 Occiduis
3131 4657 3444 4710 Constanti-

169 4755 289 4807 lem
321 4762 378 4805 et
403 4750 690 4814 Isaarium.
727 4749 1057 4819 tertiumque
1094 4747 1358 4803 Joannem
1389 4764 1454 4802 ex
1485 4747 1756 4803 Cantacu-

166 4859 314 4898 zeua
349 4842 558 4896 familia
605 4843 750 4914 (nam
802 4850 1169 4912 protostralor
1204 4841 1554 4895 Andronicus
1607 4841 1760 4909 prius

167 4939 228 4989 in
263 4949 495 4988 carcere
526 4933 782 5002 obierat),
809 4935 1044 5002 sistique
1087 4948 1182 4988 eos
1217 4933 1325 4987 sibi
1375 4948 1480 4986 non
1526 4941 1585 4986 ut
1612 4933 1761 5000 judi-

167 5027 399 5081 candos
429 5025 524 5080 sed
560 5034 618 5078 ut
659 5024 766 5094 jam
803 5028 1092 5079 damnatos
1118 5025 1292 5092 jubet.
1326 5025 1467 5078 Hinc
1498 5040 1622 5078 cum
1665 5041 1760 5078 eos

169 5135 280 5188 per
310 5117 433 5173 dies
468 5117 675 5186 aliquot
713 5117 899 5171 verbis
942 5117 1259 5185 asperrimis
1300 5117 1759 5186 contumeliisque

171 5209 441 5282 plurimis
495 5225 560 5264 ac
601 5209 946 5279 gravissimis
1003 5220 1271 5274 vexasset,
1335 5210 1400 5262 ad
1455 5217 1758 5263 extremum

169 5301 566 5358 inﬂexibiliter
643 5310 966 5356 recusantes
1039 5301 1423 5369 obtemperare
1493 5300 1760 5354 voluntati

175 5393 500 5467 principis,
566 5393 869 5447 ltlanueietu
939 5393 1156 5461 quidem
1229 5392 1508 5460 primum,
1565 5391 1763 5446 deinde

171 5504 321 5542 vero
367 5487 633 5541 lsaacium
680 5501 899 5554 quoque
942 5485 1120 5539 oculis
1164 5485 1367 5553 privari
1417 5482 1658 5537 mandat.
1705 5484 1761 5536 In

174 5583 340 5636 solos
388 5580 486 5632 bos
527 5579 666 5634 duos
722 5579 893 5632 atroci
945 5580 1048 5630 hac
1086 5577 1336 5631 saevitum
1387 5590 1568 5646 paena,
1625 5591 1764 5644 qun-

174 5677 341 5728 niam
389 5671 805 5726 Cantacuzenus
840 5685 1087 5724 seorsum
1132 5672 1199 5723 ab
1242 5669 1328 5724 his
1357 5677 1665 5723 conventus
1710 5677 1766 5723 ct

176 5767 358 5821 minis
410 5764 636 5818 territus
689 5778 886 5816 manus
945 5759 1133 5824 dedit,
1197 5760 1339 5814 idem
1401 5759 1547 5813 haud
1600 5759 1766 5814 dubie

175 5857 339 5925 quod
373 5856 485 5907 duo
517 5856 592 5908 illi
631 5869 917 5920 passurus,
955 5852 1058 5904 nisi
1088 5852 1320 5906 salutem
1355 5859 1408 5903 et
1455 5851 1592 5904 lucis
1633 5864 1767 5903 usu-

180 5967 308 6004 ram
356 5948 668 6004 oliedicntia
729 5947 1069 6001 redemisset.
1131 5944 1209 5999 illi
1257 5959 1388 6010 ergo
1447 5943 1608 5998 ambo
1660 5943 1767 5998 soli

1864 4749 2106 4818 nopolim
2142 4750 2384 4819 profecta
2414 4751 2667 4818 partibus
2689 4750 2937 4803 obsidem
2970 4749 3068 4804 icti.
3093 4757 3226 4804 tunc
3265 4750 3443 4804 foede-

1862 4844 1941 4898 ris
1987 4843 2307 4912 imperatori
2346 4843 2630 4897 adducens
2663 4842 2921 4908 dederat,
2945 4859 3218 4913 quemque
3250 4851 3440 4912 postea

1863 4925 1952 4979 ille
1971 4926 2212 4979 Tornicii
2243 4927 2702 4982 stsliaslocratoris
2727 4942 2988 4997 generqu
3019 4927 3243 4992 fecerat,
3263 4942 3440 4995 quau-

1865 5032 2032 5086 quam
2067 5018 2187 5086 ipse
2218 5017 2507 5088 conjugcm
2547 5028 2834 5074 aversatus
2863 5033 3108 5072 seorsum
3137 5020 3204 5072 ab
3229 5019 3318 5071 illa
3349 5034 3438 5072 res

1865 5110 1966 5164 sibi
1991 5109 2226 5163 habebat
2254 5125 2406 5171 suas.
2434 5113 2649 5164 curavit
2676 5111 2982 5178 imperator
3009 5110 3254 5163 vinctum
3282 5110 3347 5163 ad
3379 5127 3438 5162 se

1865 5202 2043 5256 Nicaea
2104 5202 2251 5255 duci.
2288 5200 2363 5254 lbi
2412 5203 2557 5255 enim
2603 5201 2692 5255 ille
2730 5202 3014 5270 cupiarum
3066 5202 3197 5266 dux,
3248 5202 3441 5258 multis

1866 5292 2069 5361 praaliis
2117 5293 2378 5347 secundis
2438 5293 2752 5361 erectisque
2817 5295 2886 5347 ob
2942 5293 3186 5347 devictos
3240 5293 3442 5347 Persas

1870 5385 2088 5452 tropaeis
2120 5384 2368 5453 plurimis
2393 5385 2501 5438 late
2541 5384 2720 5440 lactus
2758 5384 3020 5456 inclytus,
3065 5385 3443 5454 suspicionem

1868 5479 2179 5532 incurrerat
2208 5477 2423 5545 imperii
2461 5477 2722 5539 affectati,
2767 5493 2872 5531 non
2906 5477 3028 5531 aliis
3063 5477 3114 5530 id
3149 5493 3447 5546 argumecu

1871 5572 1939 5624 tis
1965 5568 2321 5624 suadentibus
2342 5584 2504 5637 quam
2538 5569 2656 5638 ejus
2686 5571 2739 5622 in
2775 5569 2917 5624 bello
2950 5568 3213 5623 felicitate
3239 5578 3293 5622 et
3325 5569 3444 5623 cla-

1871 5664 2034 5718 ritate
2062 5662 2201 5730 apud
2243 5661 2504 5731 populum
2543 5661 2836 5716 inuidiosis
2873 5661 3071 5715 eﬂ‘erre
3103 5661 3286 5732 ipsum
3330 5662 3449 5718 lau-

1870 5757 2031 5810 dibus
2061 5754 2307 5810 solitum.
2350 5753 2684 5808 incendebat
2722 5756 2880 5810 istam
2912 5755 3227 5822 imperatori
3266 5757 3451 5823 suspi-

1871 5851 2104 5910 cionem,
2125 5846 2264 5915 quod
2284 5845 2896 5905 audieratThcoiorum
2918 5848 3091 5920 Cotyn
3113 5849 3446 5904 monachum

1873 5941 2096 5996 crebros
2117 5948 2170 5994 et
2194 5941 2382 6010 longos
2407 5942 2632 5997 semotis
2661 5942 2881 5998 arbitris
2907 5941 3142 5997 interdiu
3176 5953 3226 5996 ct
3257 5941 3321 5995 dc
3348 5957 3447 5994 no-
