3964 6520
597 408 701 471 9ί7

1740 465 1747 469 .
1841 414 2164 475 GEORGII
2203 364 2691 479 PACHYMERAi

3730 428 3807 488 9H

620 527 766 598 ἄλλῳ
805 525 885 599 τῷ
932 525 1216 600 μαρτυρίῳ
1264 527 1296 598 ἢ
1347 526 1424 598 τῷ
1484 526 1781 598 κατορθοῦν
1846 527 1939 583 καὶ
1982 527 2085 580 ὑπὸ
2108 525 2199 582 τοῦ
2228 532 2276 588 Α
2307 532 2513 600 συχνῶς
2550 532 2933 603 προσεδρεύειν
2962 531 3257 603 συνήθειαν
3298 532 3483 604 ᾐτιᾶτο
3528 534 3613 589 καὶ
3649 538 3701 591 τὸ
3741 520 3808 591 ἐπὶ

596 615 730 672 λαοῦ
754 616 1094 686 δοξάζεσθαι.
1118 610 1225 672 ’Ἦν
1271 616 1328 673 δὲ
1357 617 1451 673 καὶ
1480 618 1538 672 τὸ
1564 619 1663 691 τὴν
1702 619 1935 690 ὑποψίαν
1966 619 2186 672 ἐκκαῖον

599 713 626 762 ό
654 709 828 773 Κότυς
861 710 1138 783 Θεόδωρος
1169 711 1400 781 μονσχδς
1436 711 1594 782 μόνος
1623 711 1770 782 μόνῳ
1799 710 1942 764 κατὰ
1990 709 2185 782 σχολὴν

599 801 813 873 ἡμέρας
845 801 1100 867 πολλάκις
1126 804 1223 858 καὶ
1250 803 1443 866 νυκτὸς
1480 804 1891 874 συγγινόμενος.
1927 796 2095 867 Οὗτος
2129 803 2185 856 δὲ

598 896 627 948 ὁ
659 894 836 959 Κότυς
864 889 932 968 ἦν
956 895 1015 958 ὃς
1044 894 1109 968 δὴ
1139 895 1302 950 πάλαι
1331 896 1430 966 μὲν
1450 896 1620 948 τελῶν
1647 897 1704 949 ὲν
1732 898 1844 959 τοῖς
1876 897 2183 959 κοσμικοῖς,

598 986 699 1059 τὴν
726 986 870 1042 κατὰ
901 987 1093 1041 τούτου
1124 986 1182 1041 δὲ
1215 988 1308 1040 τοῦ
1346 987 1468 1040 τότε
1527 987 1763 1058 μεγάλου
1817 986 2180 1039 κονοσταύλου

601 1082 797 1154 πεῖραν
834 1079 1168 1151 πυθόμενος,
1221 1080 1295 1144 ὡς
1334 1079 1582 1150 βασιλεὺς
1622 1077 1921 1149 ἐκτυφλοῦν
1980 1079 2185 1133 ἐκεῖνον

601 1173 874 1237 ἐϐούλετο,
906 1174 1074 1229 ἐλθὼν
1105 1171 1497 1243 προσαγγέλλει
1532 1172 1674 1227 κατὰ
1703 1171 1885 1241 φιλίαν
1933 1172 2032 1225 καὶ
2085 1170 2183 1224 σὺν

601 1265 792 1336 ἐκείνῳ
836 1265 927 1319 ἐπὶ
988 1264 1250 1337 Περσίδος
1294 1264 1599 1335 αὐτομολεῖ,
1661 1261 1751 1334 Τῷ
1792 1262 1923 1332 γοῦν
1945 1263 2183 1333 κάκείνῳ

600 1358 720 1411 τότε
753 1357 1095 1431 βασιλειῶντι
1127 1357 1370 1421 τοιαῦτα,
1403 1357 1478 1422 ὡς
1523 1354 1699 1428 οἶμαι,
1738 1357 1939 1426 λέγειν,
1997 1357 2092 1412 καὶ
2132 1358 2183 1411 oi.

602 1449 749 1519 λόγοι
814 1448 1160 1522 προῦδαινον,
1220 1450 1365 1505 τοῦτ’
1423 1446 1493 1522 ἦν
1539 1450 1599 1503 τὸ
1651 1449 1743 1503 καὶ
1778 1448 1876 1520 τὴν
1918 1449 2058 1505 κατὰ
2087 1447 2181 1502 τοῦ

617 1538 863 1593 Ἰωάννου
904 1539 1140 1611 ὑποψίαν
1181 1539 1550 1611 βεδαιοῦν,ὡς
1604 1538 1802 1603 εἰδότος
1829 1538 2038 1592 ἐκείνου
2089 1541 2183 1595 καὶ

604 1627 684 1681 ἔτι
718 1629 898 1685 πλέον,
929 1631 1157 1701 Πέμψας
1178 1630 1306 1695 γοῦν
1336 1631 1459 1702 ἄγει
1508 1631 1779 1685 κάκεῖνον.
1834 1630 1907 1683 Τὸ
1930 1628 2060 1699 γοῦν
2100 1646 2183 1683 κιο

506 1756 513 1765 .
604 1719 862 1790 νούμενον
883 1721 1173 1792 προφανῶς
1201 1722 1451 1797 ἔγκλημα
1481 1720 1546 1795 ἦν
1566 1723 1640 1789 ὼς
1660 1728 2061 1795 κακηγορήσειε
2090 1721 2183 1775 τὸν

607 1813 1135 1886 πορφυρογέννητον,
1166 1816 1260 1870 καὶ
1284 1815 1360 1881 ὡς
1391 1816 1575 1887 ἐπειδὴ
1605 1815 1858 1887 βασιλεὺς
1910 1815 2181 1887 προστάσο

2305 623 2490 693 ῥητοῖς
2520 625 2830 691 συμφωνεῖν
2849 622 2950 693 τὴν
2973 621 3072 676 τοῦ
3100 624 3363 693 σφετέρου
3420 625 3677 696 κτήματος
3705 634 3807 700 πρί-

2296 728 2380 765 σιν
2433 711 2517 782 (τὸ
2555 712 2601 766 δ’
2650 707 2721 785 ἦν
2773 713 2807 783 ἠ
2856 713 3060 785 Βρύσις
3115 712 3215 792 τῆς
3251 713 3474 784 Γραίας,
3527 715 3588 770 ὲκ
3614 718 3808 789 πατέρων

2290 803 2484 876 ἐκείνῳ
2519 804 2995 876 προσκληρωθὲν),
3032 805 3090 860 τὸ
3135 804 3191 859 δὲ
3233 809 3358 876 περὶ
3413 806 3646 877 διαδοχῆς
3692 811 3805 879 βασι-

2288 894 2440 958 λείας
2496 896 2697 950 είδέναι
2759 896 2871 950 ἴσον
2919 898 3086 951 ἐτίθει
3137 898 3229 952 καὶ
3259 897 3387 969 περὶ
3432 897 3538 951 τῶν
3568 900 3807 956 ἀντιπόδων

2288 984 2733 1058 διισχυρίζεσθαι.
2765 986 2849 1041 Τὰ
2880 986 2937 1041 δὲ
2961 985 3135 1057 λέγων
3163 986 3265 1042 οὐκ
3285 987 3517 1044 ἔπειθεν.
3584 990 3804 1045 Ἐϐούλετο
3900 986 3901 999 ¹

2287 1078 2331 1133 δ’
2361 1081 2586 1151 ὲρευνᾷν
2605 1079 2702 1134 καὶ
2734 1082 2803 1135 τὰ
2833 1080 2973 1134 κατὰ
3001 1081 3094 1133 τὸν
3120 1082 3306 1153 ἰατρὸν
3334 1080 3646 1151 Περδίκκαν,
3677 1084 3748 1152 ἐφ’
3773 1078 3803 1152 ᾧ

2284 1186 2337 1224 τι
2364 1170 2556 1242 μαθεῖν
2583 1170 2710 1242 παρ’
2736 1170 2949 1227 ἐκείνου
2978 1170 3087 1227 τῶν
3119 1171 3242 1225 καθ’
3266 1171 3501 1241 ὑποψίαν
3532 1173 3644 1227 κατ’
3673 1172 3806 1228 Ίωάν-

2286 1279 2399 1328 νου,
2431 1262 2509 1327 ὡς
2530 1263 2661 1333 παρ’
2691 1264 2896 1318 ἐκεῖνον
2921 1263 3293 1337 σχολάζοντος.
3348 1264 3441 1336 Τῷ
3470 1283 3546 1321 τοι
3583 1267 3666 1320 καὶ
3687 1268 3807 1321 αὐτὸν

2288 1342 2389 1426 μὲν
2443 1354 2711 1425 φυλακαῖς
2765 1355 2960 1421 ἐδίδου,
3021 1356 3115 1411 τὸν
3170 1357 3228 1411 δὲ
3281 1356 3463 1411 Κότυν
3506 1359 3611 1421 τοῖς
3638 1359 3808 1421 Κελτοῖς

2287 1448 2560 1519 παραδοὺς
2585 1450 2946 1519 κρεμαννύειν
2980 1450 3073 1503 καὶ¹
3120 1449 3335 1514 ἑτάζειν
3385 1449 3642 1503 ἐκέλευεν.
3690 1449 3741 1506 ⁸0
3776 1451 3806 1504 δ’

2284 1541 2385 1595 οὐκ
2434 1536 2573 1616 ἔφθη
2624 1542 2823 1607 δεθεὶς,
2878 1544 2971 1596 καὶ
3022 1540 3101 1613 τῷ
3136 1542 3287 1614 φόϐῳ
3339 1543 3806 1614 διαπεφώνηκε,κα¹ι

2287 1633 2483 1705 φόρτος
2510 1635 2743 1698 ἐλεεινὸς
2794 1636 2986 1707 ἀρθεὶς
3040 1635 3254 1690 πολλῶν
3312 1636 3612 1708 βλεπόντων
3666 1637 3721 1706 τῇ
3756 1640 3804 1706 γῇ

2286 1726 2623 1797 παρεδίδοτο.
2666 1726 2918 1797 Ἰωάννην
2943 1727 3000 1781 δὲ
3028 1727 3122 1782 καὶ
3157 1725 3329 1791 οὕτως
3377 1728 3620 1797 ἀφαιρῶν
3660 1728 3805 1799 ἠτίμου

2283 1821 2384 1893 τὴν
2408 1821 2501 1874 ἐπὶ
2533 1821 2632 1890 τῆς
2666 1819 2905 1891 κεφαλῆς
2959 1819 3280 1890 καλύπτραν
3335 1822 3646 1892 μεγιστᾶσιν
3688 1818 3808 1875 οἷσίν

607 1923 718 1957 σων
745 1905 951 1961 ἐκεῖνον
981 1907 1071 1960 ἐπὶ
1093 1907 1307 1980 Πέρσας
1347 1907 1605 1981 ὲφώρμα,
1630 1912 1658 1964 ὀ
1687 1910 1745 1964 δὲ
1792 1908 2187 1981 κατειρωνευό-
2216 1897 2260 1957 Β
2289 1912 2466 1978 ἀξίαν,
2500 1911 2627 1965 καθ’
2651 1912 2722 1983 ἢν
2750 1912 2913 1981 ἐτίμα
2941 1912 3003 1966 τὸ
3037 1912 3325 1983 πρότερον.
3387 1909 3519 1966 Εἶτα
3543 1913 3601 1967 δέ
3646 1929 3701 1981 γε
3742 1913 3807 1965 καὶ

609 2013 768 2065 μενος
790 1999 897 2052 τῶν
930 1998 1347 2071 ἐπεσταλμένων
1376 1999 1605 2068 λέξειεν,
1640 2002 1716 2067 ὡς
1772 1999 2006 2055 Ἐλθὲτω
2055 2015 2188 2070 πορ-

606 2091 1001 2165 φυρογᾶννητος
1025 2093 1352 2159 ἀποσταλεὶς
1374 2094 1457 2162 ἐφ’
1486 2086 1531 2164 ᾧ
1561 2093 1900 2165 κατορθώσει
1926 2093 1988 2147 τὸ
2021 2110 2188 2163 προσ-

604 2189 951 2259 ταττόμενον.
981 2188 1053 2243 Τὸ
1083 2187 1214 2258 γοῦν
1244 2188 1518 2263 προῦπτον
1546 2190 1691 2244 τοῦτ’
1721 2186 1810 2260 ἦν,
1844 2189 1872 2245 ὃ
1916 2189 1971 2244 δὲ
1996 2190 2189 2254 νυκτὸς

608 2278 811 2348 ἐζήτει,
849 2280 1044 2347 ἐκεῖνο,
1075 2282 1140 2352 τῇ
1176 2281 1379 2352 ὑποψίᾳ
1407 2280 1920 2354 συνταραττόμενος.
1978 2282 2190 2337 Κάπει-

607 2369 672 2439 δὴ
702 2370 801 2424 οὐκ
824 2364 892 2442 ἦν
914 2370 1239 2441 δείκνυσθαι,
1264 2375 1353 2427 τὸν
1400 2374 1596 2441 Κότυν,
1649 2376 1699 2427 εί
1748 2374 1823 2445 μὴ
1878 2373 2186 2445 ὁμολογοίη,

611 2460 699 2533 μ’.
730 2460 859 2534 552]
890 2463 1037 2518 δεινᾶ
1068 2463 1281 2534 ἠπείλει
1301 2467 1492 2533 ποιεῖν,
1524 2465 1618 2519 καὶ
1650 2467 1746 2537 τὴν
1781 2467 1978 2539 συχνὴν
1995 2484 2190 2538 προσε-

610 2553 767 2624 δρίαν
824 2556 886 2620 ἐς
947 2557 1029 2611 ὅτι
1079 2557 1337 2629 μάλιστα
1380 2560 1707 2632 ἀνακρίνων.
1750 2560 1809 2615 '0
1850 2560 1909 2616 δὲ
1956 2559 2048 2615 τοῦ
2089 2560 2191 2631 μὲν

611 2743 700 2790 ete
727 2747 854 2790 cum
881 2732 1092 2792 Joanne
1117 2735 1400 2792 sermones
1432 2736 1712 2793 habuisse.
1740 2734 1840 2792 Hic
1863 2736 2030 2809 Cotys
2062 2748 2188 2794 ante

613 2828 972 2884 monasticam
1022 2828 1444 2900 professionem,
1497 2831 1779 2886 saecularis
1824 2830 2027 2896 adhuc,
2056 2830 2185 2886 olim

612 2916 744 2973 huic
784 2918 886 2990 ipsi
913 2934 1060 2975 nunc
1099 2919 1417 2991 imperanti,
1455 2931 1584 2977 tunc
1612 2937 1812 2993 magno
1838 2922 2188 2988 conostaulo,

612 3010 904 3067 consilium
967 3013 1322 3083 imperatoris
1377 3028 1658 3069 excaecare
1712 3019 1890 3085 Ipsum
1945 3014 2190 3084 parantis

608 3102 788 3159 amice
826 3101 1185 3170 indicaverat,
1233 3114 1537 3175 auctorque
1564 3105 1745 3160 fuerat
1783 3110 1843 3160 u‘t
1886 3105 2097 3176 fugeret
2133 3105 2188 3159 in

2272 2004 2366 2075 ﬁt};
2406 2000 2890 2075 παρακοιμωμὲνῳ
2945 2000 3211 2072 βασιλικῷ
3262 2000 3593 2072 ἐγχειρίσας,
3643 2000 3807 2070 προνοίᾳ

2288 2093 2383 2148 τοῦ
2404 2092 2588 2147 λαθεῖν
2614 2094 2819 2147 ἐκεῖνον
2847 2094 3100 2164 παντοίᾳ,
3129 2094 3210 2157 είς
3254 2091 3558 2163 Δαματρύα
3613 2091 3807 2161 ἑξεληλα-

2290 2185 2425 2240 κότα
2450 2184 2749 2254 ἐκτυφλοῦν
2770 2184 3003 2250 κελεύει,
3034 2184 3203 2240 πολλὰ
3230 2186 3500 2255 πρότερον
3521 2181 3609 2237 τοῦ
3646 2183 3807 2253 Μιχαὴλ

2289 2278 2548 2332 δεσπότου
2579 2278 2672 2330 καὶ
2698 2277 3028 2346 αὐταδέλφου
3053 2276 3424 2339 λιτανεύοντος
3452 2275 3805 2345 μὲνδίσποιναν,

2288 2367 2660 2430 λιτανεύοντος
2712 2367 2769 2421 δὲ
2822 2370 3167 2439 πατριάρχας
3207 2385 3268 2421 τε
3330 2368 3430 2421 stat
3476 2361 3556 2430 οἷς
3594 2364 3807 2434 expauit»

2291 2462 2720 2532 ὲπληροφορεῖτο
2778 2462 3168 2531 πνευματικοῖς
3222 2459 3503 2532 ἀνδράσιν,
3556 2456 3633 2528 ἐφ’
3679 2450 3807 2526 ᾧτὴν

2294 2553 2486 2624 ποινὴν
2510 2553 2772 2624 ἀργῆσαι.
2802 2552 2945 2607 Ἀλλ’
2975 2551 3074 2606 οὐκ
3104 2550 3317 2606 ἔπειθον
3349 2550 3713 2613 λιτανεύοντες.
3744 2546 3806 2610 Ὦς

2297 2746 2573 2809 negotium

2293 2830 2676 2887 venditionem
2709 2830 2853 2902 agri,
2875 2832 2970 2900 qui
3010 2831 3164 2903 Cmyi
3201 2829 3532 2886 hereditate
3565 2843 3594 2885 a
3623 2828 3806 2899 parenti-

2294 2922 2398 2979 bus
2430 2922 2734 2977 obvenerat
2777 2930 2833 2978 et
2869 2923 3016 2979 Fons
3063 2922 3258 2978 vetulas
3290 2923 3607 2976 vocabatur.
3635 2919 3694 2973 De
3720 2933 3806 2972 suc-

2294 3016 2550 3073 cessione
2605 3023 2789 3071 autem
2847 3016 2902 3071 in
2968 3015 3299 3085 imperium,
3351 3009 3802 3070 asseverantissime

2294 3107 2603 3165 aﬂirmabat
2660 3107 2808 3166 haud
2858 3108 3033 3179 magis
3073 3106 3398 3164 meminisse
3466 3115 3557 3161 aut
3601 3102 3720 3159 scire
3766 3115 3805 3154 se
3900 3148 3901 3155 η

612 3191 920 3261 Persidem,
947 3209 1055 3265 quo
1082 3206 1137 3253 et
1166 3196 1341 3268 ipsum
1378 3208 1498 3253 erat
1530 3197 1844 3254 COIlrilalllS.
1888 3197 2026 3265 Quia
2061 3213 2189 3253 vero
2216 3233 2265 3299 ο
2298 3202 2596 3273 quidquam
2627 3211 2738 3256 tum
2766 3200 2850 3257 vel
2894 3194 3070 3272 prima
3110 3200 3394 3256 mentione
3441 3207 3657 3264 motuin,
3689 3208 3804 3266 quam

614 3285 723 3342 sibi
779 3295 912 3342 tunc
969 3288 1258 3357 imperium
1322 3290 1537 3360 optanti
1600 3289 1742 3345 forte
1797 3289 2191 3346 recordabatur
2224 3285 2265 3299 '
2297 3295 2367 3351 de
2398 3294 2563 3350 rebus
2593 3293 2958 3365 Antipodum.
2999 3290 3098 3349 llis
3129 3292 3434 3362 imperator
3463 3289 3601 3345 haud
3631 3300 3804 3359 persua-
3900 3338 3901 3341 η

2293 3403 2389 3446 sus
2439 3388 2727 3458 explorare
2777 3397 3041 3456 pnnterea
3096 3385 3268 3441 voluit
3320 3385 3592 3441 medicum
3636 3379 3807 3437 Perdit.
3900 3384 3901 3409 ι

613 3380 931 3454 praedictam
967 3382 1038 3437 ab
1086 3397 1174 3449 eo,
1218 3398 1321 3438 nec
1354 3382 1517 3445 falso,
1564 3392 1623 3438 nt
1664 3391 1863 3438 eventa
1913 3390 2190 3437 monstra-

617 3480 769 3537 runt,
819 3471 1139 3529 felicitatem
1192 3473 1380 3543 istam,
1424 3475 1533 3530 tale
1563 3474 1741 3546 ipsum
1774 3489 1999 3546 quoque
2036 3474 2193 3544 quiti-

618 3565 767 3634 plam
800 3571 1066 3621 tractasse
1095 3579 1217 3620 cum
1248 3564 1465 3621 Joanne
1514 3577 1567 3621 et
1606 3566 1710 3622 boc
1746 3580 2078 3622 arcanarum
2117 3566 2197 3619 in-

614 3670 702 3713 ter
751 3670 848 3717 eos
894 3670 1276 3732 argumentum
1314 3661 1490 3720 fuisse
1534 3662 1959 3719 collocutionum
2009 3662 2198 3732 opina-

619 3755 805 3809 batur.
855 3754 1001 3827 Ergo
1039 3764 1094 3811 et
1141 3756 1311 3828 Cotyn
1358 3758 1752 3829 comprehendi
1811 3757 2045 3827 sistique
2091 3755 2192 3811 sibi

617 3846 865 3903 mandat.
910 3845 970 3903 ln
1006 3846 1274 3904 Joannem
1306 3863 1474 3920 porro
1501 3849 1647 3920 quod
1683 3850 1902 3922 publice
1941 3850 2195 3921 iactaba-

618 3947 707 3994 tur
737 3939 947 3996 crimen
981 3949 1101 3995 erat
1143 3942 1284 3996 male
1326 3942 1480 3997 illum
1514 3941 1682 4016 436
1708 3944 1775 3999 de
1813 3941 2194 4016 Porphyroge-

618 4029 735 4085 nitn
760 4029 1026 4086 locutum.
1067 4028 1343 4087 Ferebant
1378 4033 1549 4098 enim,
1591 4050 1713 4089 cum
1742 4034 1812 4089 ab
1858 4034 2195 4105 imperatore

618 4121 941 4177 mandatum
995 4120 1190 4177 luisset
1239 4120 1434 4178 Joanni
1489 4124 1756 4195 perlatum
1809 4123 2012 4179 bellum
2063 4121 2199 4179 infe-

619 4213 775 4269 rendi
812 4214 1028 4276 Persis,
1071 4214 1279 4271 dixisse
1316 4217 1470 4271 illum
1514 4233 1621 4272 non
1656 4217 1777 4274 sine
1813 4217 2024 4273 ironico
2067 4232 2198 4272 acu-

618 4305 706 4363 leo
735 4325 751 4363 :
782 4323 800 4356 ι
830 4302 1026 4361 Veniat
1061 4305 1232 4376 patris
1276 4308 1444 4362 missu
1478 4306 2017 4381 Porphyrogenitus,
2070 4323 2201 4381 pro-

621 4388 786 4468 spere
824 4400 1037 4456 scilicet
1083 4413 1445 4461 exsecuturus
1476 4404 1744 4476 quidquid
1789 4405 2130 4476 injungetur.
2172 4422 2191 4456 ι

621 4493 699 4550 Ac
734 4491 804 4547 de
830 4492 936 4547 hoc
972 4493 1189 4565 quidem
1231 4494 1353 4551 luce
1383 4498 1562 4566 palam
1602 4497 1850 4553 Joannes
1887 4497 2192 4566 interrogao

2295 3494 2440 3548 cam,
2492 3490 2823 3551 experturus
2882 3478 3080 3547 ecquid
3140 3479 3210 3535 ab
3250 3494 3338 3544 eo,
3378 3494 3541 3550 quem
3586 3490 3633 3533 et
3681 3476 3807 3544 ipsum

2295 3581 2579 3629 constaret
2609 3572 2704 3627 diu
2745 3575 2889 3643 apud
2921 3570 3191 3627 Joannem
3233 3581 3651 3635 commoratum,
3672 3571 3807 3638 posset

2296 3665 2578 3736 expiscari
2618 3679 2726 3735 quo
2748 3665 3128 3722 adstrueretur
3157 3673 3428 3735 concepta
3465 3663 3703 3732 suspicio.
3732 3657 3805 3727 lgi-

2298 3765 2390 3812 tur
2426 3766 2479 3814 et
2509 3756 2657 3812 bunc
2703 3756 2843 3811 tradi
2874 3756 3138 3813 custodite
3176 3757 3460 3826 praecepit.
3491 3753 3654 3824 Cotyn
3674 3757 3806 3804 autem

2297 3848 2472 3906 Celtis
2514 3847 2742 3905 tradidit
2776 3848 3228 3916 suspendendum
3270 3856 3327 3903 et
3375 3846 3512 3902 diris
3548 3840 3809 3914 adigendus

2301 3942 2647 4000 cruciatibus
2696 3941 2765 3996 ad
2803 3940 3086 4010 prodenda
3119 3956 3240 4011 quae
3270 3940 3500 3996 celaret.
3533 3939 3598 3993 At
3626 3936 3807 3991 illecum

2298 4036 2569 4107 ligaretur
2595 4035 2661 4088 ad
2694 4035 3077 4103 suspendium,
3106 4033 3459 4089 exanimatus
3504 4039 3636 4085 ntetu
3673 4022 3809 4080 conci-

2300 4129 2419 4195 dit;
2472 4138 2531 4183 et
2565 4126 2783 4200 pondus
2836 4124 3157 4182 miserabile
3197 4125 3456 4182 sublatus
3488 4120 3643 4194 £87
3671 4112 3809 4172 multis

2302 4221 2667 4278 cernentibus
2690 4230 2849 4276 terra:
2881 4220 3174 4275 mandatus
3203 4226 3309 4274 est.
3337 4216 3448 4272 Nec
3473 4227 3642 4271 tamen
3662 4206 3808 4266 Joanci

2299 4313 2512 4387 proluit
2551 4314 2843 4384 desperata
2886 4311 3016 4367 inde
3057 4310 3356 4367 convictio.
3388 4307 3509 4364 Jam
3536 4316 3654 4362 tunc
3683 4299 3807 4357 enim.

2302 4408 2370 4464 ad
2421 4406 2694 4476 quoddam
2749 4402 3169 4477 przejudicium,
3222 4404 3614 4458 dt-ltonrstatus
3670 4401 3709 4449 is
3752 4396 3810 4443 εει

2304 4503 2490 4559 ablato
2518 4501 2719 4571 capitis
2749 4500 3014 4572 tegmine,
3042 4498 3188 4568 quod
3222 4498 3440 4567 insigne
3480 4493 3731 4565 praecipua:
3753 4480 3809 4572 dif

620 4585 807 4641 batur.
845 4582 964 4638 Alia
996 4583 1392 4641 instituebatur
1420 4587 1488 4643 de
1531 4588 1724 4644 eodem
1755 4596 2022 4643 nocturna
2050 4601 2192 4656 quae.-

2307 4595 2533 4670 guitatis
2592 4570 2733 4651 viris
2788 4570 3158 4648 summatibus
3209 4589 3439 4644 concedi
3492 4585 3694 4642 solitum
3739 4570 3808 4642 ipsi

626 4677 756 4742 stio,
785 4691 891 4747 qua
921 4677 1302 4734 curinsissime
1341 4679 1703 4753 indagabatur
1731 4680 1931 4751 ecquid
1971 4678 2196 4735 extundi

625 4767 958 4838 conjectum
993 4781 1200 4841 posset,
1232 4789 1355 4843 quae
1387 4773 1761 4845 suspicionem
1800 4773 2038 4829 maxime
2064 4783 2200 4829 tunc

624 4863 1021 4933 inquietantem
1067 4866 1335 4937 principis
1378 4866 1621 4921 animum
1675 4865 1866 4921 ambiti
1921 4880 1949 4920 a
1988 4865 2200 4920 Joanne

628 4957 840 5029 imperii
866 4958 1177 5017 roboraret.
1206 4959 1346 5028 Quia
1388 4974 1523 5016 vero
1559 4961 1815 5016 convinci
1859 4958 2002 5016 baud
2038 4959 2201 5014 aliter

624 5050 745 5122 ejus
788 5051 1035 5108 criminis
1065 5053 1307 5109 Joannes
1338 5068 1499 5125 quam
1537 5052 1705 5125 Cotys
1750 5052 2068 5109 testimonio
2101 5067 2199 5122 po-

629 5153 793 5212 terat,
840 5146 990 5203 bnnc
1033 5146 1333 5218 imperator
1371 5140 1632 5215 gravibus
1668 5146 1897 5219 urgebat
1928 5146 2093 5202 minis
2133 5146 2200 5201 ad

626 5238 908 5294 fatendum
939 5236 1085 5308 quod
1117 5253 1207 5294 res
1251 5249 1393 5302 erat,
1427 5238 1803 5309 subiecturum
1842 5255 1925 5307 se,
1963 5240 2017 5294 ni
2050 5237 2201 5296 face-

627 5340 732 5399 ret,
763 5330 1057 5388 acerrimis
1096 5345 1220 5386 eum
1257 5331 1547 5387 tormentis
1581 5331 1938 5397 denuntians,
1972 5342 2030 5389 et
2078 5333 2204 5388 nul-

632 5423 746 5479 lum
807 5422 967 5479 linem
1016 5420 1227 5477 faciens
1281 5421 1686 5478 instantissime
1740 5422 2020 5493 quaarendi
2073 5422 2203 5493 quid

634 5517 853 5573 tandem
891 5512 1077 5584 longis
1128 5511 1239 5568 illis
1288 5511 1641 5582 assiduisque
1670 5528 1792 5568 cum
1825 5511 2039 5568 Joanne
2086 5528 2205 5570 ser-

631 5607 894 5663 monibus
923 5606 1149 5677 egisset.
1182 5604 1264 5661 Ad
1295 5620 1357 5659 ea
1385 5604 1578 5676 Cotys,
1604 5603 1746 5673 quod
1776 5603 2035 5660 assiduus
2056 5602 2205 5674 apud

631 5699 899 5757 Joannem
928 5696 1125 5754 inisset
1148 5696 1399 5768 quodque
1426 5696 1605 5767 ipsum
1639 5696 1959 5767 frequenter
1993 5696 2208 5751 allocu-

635 5802 741 5853 tus,
777 5805 1000 5846 causam
1036 5790 1205 5845 fuisse
1238 5789 1454 5854 dicebat
1485 5789 1741 5843 coalitam
1770 5789 1916 5847 inter
1955 5789 2105 5861 ipsos
2140 5807 2206 5847 ex

636 5880 876 5941 amicitia
950 5883 1406 5939 familiaritatem.
1470 5882 1833 5941 intervenisse
1903 5883 2209 5948 quinetiam

2305 4691 2459 4762 prius
2482 4689 2755 4744 tribuerat
2789 4686 3111 4757 imperator.
3149 4682 3249 4750 Qui
3283 4693 3339 4738 et
3374 4681 3557 4737 statim
3580 4675 3693 4731 inde
3713 4684 3810 4762 pro“

2301 4759 2449 4839 lecto
2479 4772 2710 4850 Augusti
2752 4777 2994 4834 cubiculi
3025 4774 3288 4832 Joannem
3334 4776 3583 4829 eumdem
3636 4759 3807 4821 tradidit

2303 4873 2690 4937 abducendum
2730 4870 3019 4941 Damatrya
3056 4869 3239 4937 ibique
3276 4863 3667 4924 exratcaudmn,
3703 4866 3808 4908 cout-

2305 4964 2562 5021 mendato
2597 4963 2748 5032 prius
2791 4971 2851 5016 ut
2888 4962 3036 5030 quod
3068 4959 3182 5013 illic
3223 4957 3472 5012 facturus
3506 4962 3660 5014 esset.
3687 4955 3808 5015 qua!“

2305 5056 2627 5112 cautissime
2666 5061 2780 5108 toto
2815 5053 3012 5107 itinere
3043 5049 3440 5106 dissimularet.
3485 5046 3540 5100 id
3572 5045 3807 5108 antequam

2633 2756 2647 2794 :
2702 2745 2993 2793 tractatam
3051 2737 3195 2792 enim
3250 2736 3400 2792 inter
3466 2736 3643 2791 ambos
3684 2734 3807 2788 fuisse

2306 5146 2644 5203 exsecutioni
2690 5145 3062 5209 mandaretur,
3122 5141 3355 5197 Michael
3396 5140 3608 5208 despota
3647 5134 3811 5187 instan-
3900 5196 3901 5205 χ

2306 5238 2516 5295 tissime
2549 5236 2730 5293 oravit
2782 5249 2840 5289 ut
2875 5234 3035 5290 fratri
3081 5243 3189 5291 tam
3233 5232 3339 5287 diri
3393 5226 3637 5301 supplicii
3677 5216 3810 5292 δι’διίε

2307 5334 2482 5389 licrct.
2512 5331 2755 5386 Ambivit
2787 5329 2854 5385 ad
2889 5329 2989 5384 hoc
3015 5327 3268 5396 precibus
3302 5325 3503 5381 intimis
3539 5324 3809 5389 Augustam.

2307 5424 2538 5483 ambivit
2583 5421 2924 5493 patriarchas
2955 5433 3192 5475 veterem
3243 5428 3297 5474 et
3344 5429 3560 5477 novum,
3601 5422 3658 5464 ac
3684 5414 3812 5493 quos:

2308 5532 2523 5587 cunque
2571 5488 2874 5583 intelligere
2906 5512 3084 5582 potuit
3117 5511 3256 5580 apud
3319 5509 3609 5578 principem
3648 5488 3806 5564 aliti“id

2312 5611 2367 5666 in
2407 5606 2790 5679 persuadendo
2836 5604 3038 5670 valere,
3069 5603 3382 5660 sanctitatis
3426 5597 3665 5670 Opinione
3696 5601 3811 5643 cout-

2311 5701 2601 5757 utcndatos
2634 5701 2806 5754 viros.
2839 5696 2951 5752 Nec
2984 5696 3058 5751 illi
3095 5705 3190 5750 aut
3215 5697 3578 5749 detrectarunt
3604 5681 3805 5740 cilicium,

2312 5802 2407 5848 aut
2445 5808 2510 5847 eo
2535 5790 2775 5859 segniter
2815 5788 2984 5844 functi
3016 5798 3167 5843 sunt.
3212 5788 3475 5842 ϐωιειύιιι
3531 5783 3807 5851 ιιυοηίοεηη·

2313 5902 2421 5949 que
2462 5894 2689 5951 agerent
2716 5883 2920 5947 studio,
2964 5881 3101 5939 nibil
3133 5881 3289 5952 plane
3327 5866 3803 5948 intpctrutuaLCum
