3964 6528
589 415 688 480 951
1795 404 2126 468 GEORGII
2172 400 2663 470 PACHYMERE
3708 403 3789 470 95,3

581 527 756 585 ἁπλοῦ
795 527 886 580 καὶ
915 525 1123 579 ἀκάκου
1150 522 1332 592 χάριν,
1364 519 1663 590 ὑπαγαγὼν
1714 521 1838 592 δίκῃ
1894 515 2155 571 καθοσιὼ-
2180 521 2233 578 Α
2259 515 2356 586 τῆς
2381 519 2510 592 περ)⁵
2537 520 2629 575 τὸν
2689 518 2918 591 πλησίον
2964 517 3259 590 ἀπεχθείας
3291 531 3308 550 ·
3337 514 3508 570 «αὑτὸν
3571 515 3611 570 δ’
3657 519 3792 573 ἀκού.

583 637 720 684 σεως
747 619 823 682 ὥς
847 619 971 681 τοὺς
995 615 1247 677 δυτικοὺς
1273 614 1540 684 ἄρχοντας
1575 612 1716 665 κατὰ
1747 608 2014 679 βασιλέως
2043 607 2156 661 διε·
2267 625 2438 664 σαντα
2465 612 2713 687 ἀνάγκην
2740 609 2880 668 εἶναι
2906 611 3151 683 μετιέναι
3187 609 3274 683 [Ρ.
3298 607 3424 682 334]
3453 608 3511 662 τὺ
3555 608 3782 681 ἔγκλημα.

578 711 865 781 γείραντα,
887 707 992 773 ἐξω
1021 725 1123 760 που
1162 705 1270 760 τῶν
1297 705 1581 775 ἡμετέρων
1609 703 1772 774 ὁρίων
1825 700 2154 770 καθήμενον,
2267 701 2453 757 Ταῦτα
2483 704 2744 769 πολλάκις
2770 703 3112 773 ἀπελογεῖτο,
3148 703 3243 758 καὶ
3279 702 3359 756 δτι
3388 701 3538 771 φίλος
3582 707 3791 773 μοναχιῖη

578 799 910 870 έπαγγείλας
971 797 1050 868 τῷ
1117 797 1335 866 Ἰκαρίῳ
1385 795 1484 867 τὴν
1515 796 1610 848 τοῦ
1671 793 1907 864 μεγάλου
1967 790 2155 856 δουκδς
2265 794 2480 850 ἁκούων
2517 797 2778 868 βρεφόθεν
2809 798 2890 860 είς
2916 796 3162 866 ἀνάγκην
3190 790 3320 864 ἦλθε
3368 795 3544 864 μισεῖν
3569 799 3791 865 μοναχοὺς

580 886 1002 958 περιεζωσμένῳ
1031 886 1218 956 τιμὴν,
1245 886 1322 949 είς
1349 885 1538 955 χεῖρας
1585 885 1839 946 ποιεῖται,
1874 882 1970 936 καὶ
2023 898 2156 952 προ-
2263 879 2372 940 διῖ
2385 885 2483 958 τὴν
2524 885 2678 956 σφῶν
2706 885 2976 943 δύσνοιαν.
3005 885 3266 939 Δύσνοιαν
3305 884 3360 938 δὲ
3423 885 3520 954 τὴν
3550 885 3790 956 ἀποφυγὴν

577 981 771 1033 τείνων
799 979 898 1052 τὴν
937 977 1263 1032 καθοσίωσιν
1288 976 1380 1030 τοῦ
1411 976 1753 1046 ἐγκλήματος
1780 975 1928 1046 ἀνίη,
1961 975 2010 1028 εί
2058 974 2157 1044 τὴν
2263 978 2374 1032 τῶν
2413 979 2804 1050 πραττομένων
2833 978 3041 1033 έκάλει.
3088 976 3226 1051 Παρ’
3262 977 3332 1049 ἣν
3362 976 3535 1030 αίτίαν
3562 976 3677 1040 ίσως
3720 980 3790 1031 καὶ

578 1071 800 1142 εἰρήνην
839 1069 1065 1140 δέχοιτο,
1099 1068 1149 1122 εί
1178 1067 1222 1121 δ’
1254 1066 1368 1130 οὖν,
1428 1067 1566 1122 ἀλλὰ
1616 1069 1685 1138 τῇ
1735 1066 1862 1138 δίκῃ
1908 1064 2156 1119 καθυπά-
2266 1073 2490 1143 χρόνους
2517 1072 2764 1144 ἠρεύνων
2787 1071 2948 1125 ὁπότε
2999 1069 3076 1142 μὴ
3136 1069 3398 1140 βασιλέως
3447 1068 3790 1140 (ἀϐασιλεύτοις

579 1178 721 1229 γειν.
767 1160 826 1214 '0
854 1159 912 1213 δι
939 1161 1009 1231 τῇ
1043 1157 1290 1212 ἐνστάσει
1327 1156 1702 1228 διακαρτερῶν
1737 1156 1836 1228 τὴν
1885 1154 2158 1226 τιμωρίαν
2263 1164 2378 1234 γὰρ
2432 1163 2554 1217 οὐδὲ
2603 1163 2898 1236 ξυνήνεγκε
2956 1163 3077 1236 ζῇν,
3125 1162 3203 1227 ὡς
3231 1161 3443 1232 σώματι
3493 1162 3566 1232 μὴ
3601 1165 3790 1232 καρδίαν

579 1253 794 1324 ὑπέχει.
818 1253 1071 1316 Κόκκους
1104 1250 1160 1304 δὲ
1202 1249 1468 1321 μοναχοὺς
1499 1251 1592 1303 καὶ
1618 1250 1744 1313 τοὺς
1772 1248 1896 1303 κατ’
1951 1248 2158 1300 ἐκεῖνον
2265 1255 2490 1326 ἔχοντι),
2528 1255 2665 1310 ἀλλὰ
2690 1257 2801 1309 τῶν
2841 1256 2980 1310 κατὰ
3004 1256 3146 1325 φας
3195 1253 3380 1309 κακῶν
3421 1253 3788 1321 ἀπαλλάξωσιν,

581 1345 677 1398 ἐῶ.
725 1343 815 1409 Ἐς
842 1346 999 1398 τόσον
1028 1342 1137 1414 γὰρ
1175 1340 1601 1412 παρωξυσμένος
1631 1336 1699 1412 ἦν
1723 1339 1862 1394 ὥστε
1919 1337 2158 1410 προϐάλο
2280 1344 2472 1398 Ὁπότε
2501 1345 2611 1418 γὰρ
2630 1345 2692 1399 τὸ
2716 1347 2812 1416 τῆ;
2841 1345 3064 1417 γνώμης
3091 1344 3343 1416 δηλοῦται
3363 1345 3655 1414 ἀνθρώποις
3679 1347 3789 1410 οὖσι,

581 1436 691 1489 λειν
723 1431 791 1508 ἦν
829 1435 990 1506 μόνον
1017 1436 1138 1489 τινὰ
1178 1434 1490 1505 κινηθέντα,
1543 1433 1637 1486 καὶ
1693 1434 1792 1503 τὴν
1819 1430 2085 1503 προϐολὴν
2124 1431 2157 1500 ή

578 1529 738 1599 ποινὴ
767 1528 1048 1598 διεδέχετο,
1076 1526 1216 1582 ὥστε
1237 1526 1333 1581 καὶ
1372 1526 1560 1590 πιστὸς
1585 1520 1652 1597 ἦν
1695 1526 1724 1579 ό
1773 1524 1947 1594 λέγων
1999 1523 2159 1595 μόνον

579 1619 772 1684 εἰπὼν,
795 1621 916 1684 ταῖς
941 1620 1076 1690 πρὸς
1104 1619 1233 1683 τοὺς
1254 1619 1529 1690 ὑπηκόους
1582 1617 1862 1679 ὑπονοίαις
1899 1615 1974 1680 ὡς
2034 1618 2157 1669 ίκα-
2266 1620 2587 1682 κινδυνῶδες
2615 1622 2742 1692 δρᾷ,
2769 1623 2863 1676 καὶ
2913 1625 3034 1675 τότε
3066 1621 3419 1693 παγχάλεπον
3473 1622 3670 1691 (ταυτὸν
3707 1622 3790 1692 γᾶρ

580 1715 699 1776 νατς
735 1712 1061 1784 μαρτυρίαις
1097 1711 1530 1783 ἰσχυριζόμενος.
1561 1709 1670 1765 Καὶ
1693 1709 1826 1780 πρὸς
1850 1709 1912 1763 τὸ
1944 1709 2042 1778 τῆς
2067 1709 2159 1779 δρ-
2265 1713 2327 1766 τδ
2354 1706 2495 1766 εἶναι
2516 1712 2594 1782 τῷ
2618 1711 2666 1766 τ’
2696 1712 2918 1784 ἄρχοντι
2942 1714 3057 1777 τοῖς
3089 1713 3136 1766 τ’
3160 1715 3505 1783 ἀρχομένοις,
3539 1713 3626 1765 καὶ
3656 1713 3788 1777 ἄλλως

577 1807 684 1876 γῆς
709 1807 1082 1878 ἀπαραίτητον
1123 1805 1394 1877 [ἀνδράσιν
1448 1799 1528 1867 οἷς
1563 1799 1634 1876 ἦν
1682 1803 2158 1877 παρρησιάζεσθαι
2192 1871 2231 1878 _
2266 1803 2367 1858 οὐκ
2413 1802 2532 1858 ἔστι
2587 1804 2739 1875 σφίσι
2799 1804 3087 1870 σώζεσθαι,
3145 1805 3196 1858 εί
3249 1805 3325 1874 μή
3360 1820 3424 1873 γε
3452 1803 3692 1866 ἑκουσίως
3720 1805 3788 1857 καὶ

579 1871 716 1968 πρὸς
775 1871 989 1954 ἐκεῖνον
1037 1871 1474 1968 ἀπολογούμενος
1512 1871 1822 1966 βασιλικούς
1858 1871 2158 1968 -προέτεινε
2191 1871 2237 1928 Β
2267 1871 2655 1966 συμφωνοῐενλ
2689 1895 2738 1950 εί
2763 1896 2821 1950 δὲ
2845 1897 2941 1950 καὶ
2973 1897 3030 1960 ὲς
3059 1895 3264 1966 ψυχὴν,
3293 1871 3382 1958 the
3403 1894 3515 1948 τότ’
3545 1894 3692 1966 ᾤοντό
3731 1913 3788 1948 τι-

580 1992 799 2060 νόμους,
830 1991 906 2054 ὡς
946 1990 1022 2062 μὴ
1046 1990 1210 2044 καλὸν
1242 1988 1304 2043 δν
1335 1989 1458 2043 οὐδὲ
1485 1989 1692 2044 δίκαιον
1724 1988 1865 2042 κατὰ
1885 1987 2158 2058 μοναστὰς
2261 2003 2374 2054 νες,
2427 1989 2696 2058 σωτήριον
2745 1989 2778 2060 ἡ
2841 1987 3134 2059 ἀπαλλαγὴ
3163 1988 3406 2050 πάντως.
3451 1988 3517 2040 Ὃ
3566 1987 3786 2049 κάκείνοις

578 2082 699 2145 τοὺς
717 2081 1023 2153 Ῥωμαίους
1052 2079 1452 2146 πολιτεύεσθαι,
1477 2080 1553 2144 ὡς
1574 2080 1888 2150 μετανοίαις
1908 2078 2156 2145 ἔειᾶσθαι
2263 2079 2394 2143 ἴσως
2422 2079 2646 2150 ζητοῦσι
2679 2080 2827 2134 δεινὰ
2852 2080 3006 2151 παρὰ
3033 2079 3128 2133 τοῦ
3186 2079 3516 2151 κρατοῦντος
3573 2080 3782 2149 ἐφῆπται.

573 2174 642 2227 τὰ
712 2175 1057 2244 πταίσματα.
1105 2172 1293 2243 Ἔχειν
1343 2172 1402 2225 δὲ
1440 2172 1535 2226 καὶ
1584 2171 1662 2241 τῷ
1695 2170 2158 2241 προσαγγέλλοντι
2261 2167 2372 2221 Καὶ
2401 2166 2520 2220 δέον
2542 2166 2605 2220 τδ
2639 2167 2883 2238 σκαμδὸν
2933 2168 3070 2239 πρὸς
3115 2167 3176 2221 τὸ
3219 2168 3383 2239 ὀρθὸν
3422 2168 3784 2233 ἁπευθύνεσὸει,

577 2264 878 2336 δυσμενῶς,
913 2266 995 2318 ὅτι
1016 2263 1163 2336 λέγοι
1191 2263 1224 2334 ἢ
1257 2263 1492 2326 ἀκούσας
1521 2262 1668 2335 ἢκαὶ
1701 2261 2066 2334 πλαττόμενος
2092 2263 2158 2317 ἐκ
2259 2258 2336 2325 ὡς
2365 2259 2622 2328 ίσὰζοιεν,
2646 2261 2674 2314 ὁ
2695 2260 2753 2315 δι
2782 2261 2843 2314 τὸ
2871 2261 3030 2331 ὀρθὸν
3053 2260 3188 2332 πρὸς
3221 2259 3282 2315 τδ
3312 2262 3561 2330 σκαμδδν
3596 2260 3784 2313 ἀπευθύ-

2266 1437 2584 1492 πλασθείσιν
2616 1436 3004 1502 αὐτεξουσίως,
3035 1439 3117 1491 ἑνὶ
3148 1437 3415 1508 θελήματι
3450 1437 3549 1490 κᾶν
3591 1437 3697 1491 ὅποι
3724 1441 3790 1509 ῥέ-

577 2441 926 2498 clementiam
975 2443 1208 2500 volebat.
1255 2441 1446 2516 Itaque
1479 2443 1746 2502 Lazarum
1792 2446 2146 2514 Gorianitem,

2259 2434 2501 2492 admitti.
2541 2435 2654 2492 Hac
2689 2437 2780 2493 ille
2817 2437 2903 2493 sui
2944 2437 3268 2494 defensione
3297 2439 3504 2510 saepius
3547 2436 3775 2495 utebatur.

579 2537 755 2590 virum
790 2538 1183 2604 venerabilem,
1219 2537 1324 2595 ista
1365 2538 1670 2595 moderatio
1703 2539 1948 2596 servavit
1977 2555 1992 2594 :
2025 2556 2146 2597 cum

2258 2525 2566 2599 adiungens
2597 2530 2650 2583 in
2685 2538 2843 2600 parte
2866 2529 3206 2584 infelicitatis
3235 2543 3528 2584 numerare
3563 2543 3637 2590 se,
3663 2526 3774 2596 quod

573 2624 724 2680 enim
784 2625 1029 2682 misisset
1074 2627 1168 2697 qui
1205 2642 1331 2682 eum
1367 2636 1728 2692 excaearent,
1768 2629 2044 2686 revocatis
2086 2630 2146 2686 iis

2255 2619 2352 2688 qui
2387 2633 2419 2674 a
2464 2634 2636 2688 puero
2673 2621 2922 2675 audisset
2973 2620 3184 2675 amicus
3217 2619 3629 2684 monachorum,
3667 2631 3778 2672 nunc

574 2717 946 2774 exterminare
995 2721 1134 2774 satis
1177 2719 1390 2775 habuit.
1435 2719 1506 2776 At
1553 2718 1852 2774 Macarium
1897 2735 1998 2776 nec
2052 2735 2152 2777 sua
2263 2713 2415 2769 istud
2472 2730 2646 2787 genus
2701 2715 2989 2771 hominum
3038 2717 3227 2774 odisse
3274 2723 3563 2786 cogeretur
3603 2721 3777 2783 ριὀριετ

577 2808 1041 2865 innocentissima
1075 2810 1428 2881 simplicitas,
1458 2826 1582 2882 quae
1604 2827 1910 2882 cognomen
1941 2811 2017 2866 illi
2052 2825 2150 2866 co-
2258 2803 2501 2873 ipsorum
2536 2795 2866 2862 malevolttfn
2907 2805 3156 2862 animum
3193 2824 3208 2863 :
3243 2805 3632 2861 malevolentia:
3659 2802 3772 2856 vide-

578 2899 779 2954 lumha:
823 2908 1134 2971 pepererat,
1167 2917 1269 2958 nec
1299 2902 1546 2958 locorum
1585 2902 1677 2958 ubi
1707 2903 1937 2974 degebat
1979 2901 2149 2958 dissi-
2255 2895 2386 2952 licet
2434 2897 2772 2961 ascribebat,
2825 2898 2971 2968 quod
3022 2898 3103 2953 illi
3163 2899 3481 2966 refugerent
3524 2893 3772 2965 approbare

2264 1528 2356 1599 ψοι
2388 1528 2850 1599 ἀναγκαζομένοις
2881 1529 3132 1598 ἄγεσθαι,
3171 1530 3219 1584 εί
3275 1531 3373 1599 μὲν
3425 1531 3504 1593 είς
3561 1529 3702 1597 σῶμα
3746 1532 3791 1584 τὸ
3865 1589 3876 1602 ,

575 2998 760 3046 torum
795 3005 827 3046 a
858 2991 1068 3047 nostris
1112 2991 1316 3048 ﬁnibus
1351 2991 1756 3064 longinquitas,
1797 2993 2152 3065 imperatoris
2252 3001 2376 3058 quae
2410 2987 2638 3044 ﬁebant.
2682 2987 2760 3042 Ex
2793 2989 2896 3044 hoc
2938 3003 3108 3059 porro
3135 2987 3430 3043 declarato
3478 2985 3770 3056 imperatoris

579 3082 806 3138 servitia:
839 3084 1136 3139 subtraxit.
1180 3082 1281 3139 Hic
1305 3084 1452 3140 enim
1485 3084 1636 3139 illum
1658 3090 1996 3157 postulatum
2027 3103 2149 3142 ma-
2253 3080 2308 3135 in
2340 3082 2642 3138 monachos
2701 3083 2829 3138 odio
2859 3081 3020 3138 fiebat
3054 3091 3110 3136 ut
3142 3083 3217 3137 illi
3251 3083 3472 3138 curiose
3509 3079 3772 3148 indagari-nt

570 3172 818 3241 jestatis,
851 3173 1010 3243 quasi
1055 3180 1316 3228 conatum
1347 3173 1403 3227 in
1451 3187 1514 3230 se
1548 3176 1830 3231 concitare
1871 3174 2145 3233 Occiduo-

2254 3181 2527 3246 tempora,
2580 3176 3004 3247 praesen-tiscere
3047 3174 3490 3230 divinationibus
3529 3179 3766 3228 conantes,

575 3279 699 3319 rum
732 3266 1000 3337 dynastas
1037 3272 1338 3330 tractuum,
1373 3266 1764 3334 comprehendi
1795 3268 2011 3324 curavit
2049 3283 2149 3340 per
2174 3262 2218 3285 ν
2251 3266 2473 3336 quando
2500 3282 2609 3322 non
2633 3267 2853 3336 quidem
2888 3267 3218 3338 imperatore
3244 3268 3398 3337 (nam
3429 3267 3544 3322 sine
3569 3262 3769 3332 principe

576 3353 835 3441 Icarium,
873 3356 1034 3413 titulo
1065 3365 1123 3412 et
1153 3356 1366 3416 heuore
1393 3361 1574 3426 magni
1606 3359 1768 3415 ducis
1799 3359 1963 3418 classi
2000 3377 2147 3434 pra:-

573 3449 814 3515 fectum;
854 3458 1125 3522 captoque
1168 3455 1491 3512 conditione
1540 3455 1670 3522 lata,
1707 3464 1766 3512 ut
1806 3456 1892 3511 vel
1933 3456 2148 3512 debitas

2250 3360 2434 3416 vivere
2465 3374 2526 3416 se
2565 3359 2713 3415 haud
2752 3374 2939 3431 posse,
2981 3359 3059 3414 uti
3097 3373 3198 3414 nec
3226 3373 3437 3430 corpus
3478 3358 3590 3413 sine
3624 3356 3768 3415 corde.

2249 3455 2384 3511 satis
2415 3457 2656 3527 norant),
2705 3457 2801 3514 sed
2847 3457 3006 3512 malis
3060 3455 3388 3526 urgentibus
3438 3455 3768 3509 liberarentur.

577 3556 670 3596 reo
713 3542 1110 3612 perduellionis
1147 3562 1342 3618 pmuas
1375 3549 1574 3617 lueret,
1610 3550 1697 3606 vel
1728 3565 1823 3606 eas
1852 3548 2149 3604 redimeret
2252 3549 2548 3606 Enimvero
2594 3551 2811 3620 quoties
2847 3549 3164 3604 hominibus
3191 3549 3402 3602 arbitra
3437 3547 3519 3603 sui
3550 3551 3768 3615 potestate

574 3633 928 3704 approbanda
984 3635 1354 3693 Ecclesiarum
1401 3641 1721 3703 concordia,
1773 3640 1864 3694 cui
1917 3647 2182 3694 eatenus.

573 3727 932 3795 acquiescere
983 3740 1265 3797 renitet-at,
1310 3733 1362 3787 in
1411 3748 1535 3788 eum
1565 3749 1626 3792 se
1660 3731 2040 3789 obfirmantem
2090 3731 2144 3785 in

573 3817 875 3887 reiectione
916 3822 1071 3891 pacis
1108 3821 1228 3892 lege
1258 3833 1440 3879 actum
1475 3833 1581 3881 est.
1615 3824 1824 3881 Coccos
1875 3839 2002 3880 vero
2034 3840 2148 3878 mo-

574 3909 783 3966 nachos
817 3920 1102 3981 prmtereo,
1137 3921 1191 3968 et
1223 3929 1318 3970 eos
1349 3916 1443 3984 qui
1476 3917 1618 3986 apud
1658 3916 1812 3972 illum
1844 3924 2023 3971 erant.
2064 3916 2140 3970 Ita

571 4000 717 4055 enim
755 4000 1044 4059 irritabilis
1072 4013 1194 4057 erat
1237 4004 1292 4058 in
1329 4006 1432 4060 hoc
1461 4021 1684 4075 genere,
1737 4015 1796 4060 ut
1830 4005 2146 4075 quicunque

575 4091 848 4158 proferret
891 4093 1051 4149 modo
1083 4093 1290 4166 aliquid
1323 4096 1391 4152 de
1431 4097 1828 4153 controversiis
1851 4109 1974 4166 qua:
2014 4105 2145 4151 tunc

573 4175 925 4254 :igitabantui'
959 4187 1014 4243 in
1054 4189 1388 4245 contrariam
1437 4191 1541 4262 ipsi
1569 4190 1921 4256 sententiam,
1955 4191 2141 4246 statim

576 4279 940 4347 prolationem
1011 4282 1288 4360 exciperet
1329 4298 1575 4353 praesens
1626 4299 1812 4355 paena.
1859 4284 1969 4340 Nec
2016 4297 2146 4339 vero

572 4370 871 4426 discrimen
917 4382 1013 4428 aut
1039 4373 1314 4430 delectum
1346 4375 1642 4432 adhibebat
1686 4377 1740 4431 in
1790 4375 2145 4432 admittendis

572 4463 638 4514 de
683 4475 742 4515 re
771 4463 864 4516 tali
905 4463 1275 4521 delationibus
1306 4485 1320 4521 :
1347 4467 1444 4523 sed
1491 4468 1708 4538 quisvis
1753 4482 2145 4538 quemcunque

2253 3645 2349 3702 Dei
2407 3646 2713 3702 conditoris
2759 3645 3030 3702 beneflcio
3089 3643 3366 3715 praeditis,
3425 3657 3490 3695 ex
3545 3637 3766 3694 declarata

2251 3738 2646 3808 voluntatejus
2677 3737 2933 3793 habentis
2967 3737 3102 3807 ipsis
3150 3734 3486 3806 imperandi,
3517 3729 3766 3787 necessitas

2251 3831 2488 3887 faciendi
2518 3831 2799 3901 quidpiam
2829 3815 3127 3894 incutitur,
3150 3830 3451 3892 intentata,
3489 3828 3539 3881 ni
3564 3823 3766 3882 fecerint,

2249 3922 2681 3978 comminatione
2711 3922 2893 3992 gravis
2923 3920 3132 3984 multae,
3163 3920 3207 3974 si
3245 3935 3355 3972 non
3389 3916 3533 3973 aliud
3572 3915 3618 3968 iu
3643 3912 3767 3965 obsis-

2248 4016 2470 4085 quendo
2507 4015 2806 4086 periculum
2835 4022 3097 4083 appareat
3132 4028 3297 4082 quam
3336 4007 3646 4066 incommodi
3673 4020 3766 4058 cor—

2247 4107 2423 4177 porei,
2467 4104 2815 4162 subeundum
2864 4105 2995 4159 illud
3047 4113 3154 4166 est,
3210 4111 3265 4158 et
3336 4107 3766 4173 quantumcunque

2250 4196 2454 4250 malum
2494 4195 2617 4264 ejus
2657 4195 2873 4262 generis
2905 4191 3342 4247 exhauriendum
3384 4191 3606 4244 libenter
3636 4198 3764 4239 mem-

2249 4291 2386 4354 bris,
2420 4305 2529 4360 quo
2555 4289 2718 4357 capiti
2745 4288 3082 4350 cohaereant,
3121 4289 3228 4340 hoc
3257 4293 3342 4337 est
3373 4281 3613 4352 principi,
3640 4277 3761 4344 cujus

2251 4380 2523 4435 intlivulsa
2559 4379 2901 4431 conuexione
2943 4392 3067 4429 cum
3104 4375 3342 4430 subditis
3375 4374 3522 4428 salus
3564 4365 3758 4424 universi

2251 4471 2560 4540 reipublicae
2605 4468 2859 4538 corporis
2903 4466 3238 4522 continetur.
3285 4463 3383 4520 Sin
3429 4478 3497 4519 ne
3527 4459 3761 4517 obediatur

570 4559 881 4618 accusaret,
913 4554 1064 4610 dicto
1091 4558 1266 4624 primo
1300 4557 1535 4614 faciebat
1546 4557 1749 4648 ﬁdem.
1791 4558 1935 4624 Quin
1970 4557 2139 4613 etiam
2174 4579 2219 4640 ο
2249 4568 2467 4616 revocet
2496 4559 2771 4628 pernicies
2815 4556 3034 4619 animae,
3068 4557 3216 4626 quod
3250 4556 3373 4612 istis
3418 4562 3546 4608 tunc
3571 4549 3760 4620 quibus-

571 4643 986 4712 suspicionibus
1032 4647 1200 4703 meris
1249 4647 1305 4702 in
1355 4643 1604 4704 subditos
1637 4652 1785 4704 velut
1815 4649 2145 4705 testimoniis

575 4736 950 4804 innitebatur;
981 4748 1036 4794 et
1075 4755 1201 4795 cum
1235 4756 1264 4796 a
1303 4742 1434 4798 viris
1469 4742 1747 4815 gravlbus,
1779 4743 1984 4814 quibus
2012 4745 2144 4800 liceo

573 4830 668 4884 bat
721 4829 892 4885 libere
914 4828 1083 4902 490
1109 4847 1236 4887 eum
1307 4834 1398 4889 illo
1452 4849 1640 4904 agere,
1702 4836 1882 4890 nimias
1929 4837 1983 4892 in
2042 4834 2148 4892 hoc

573 4922 886 4978 severitatis
929 4932 1272 4994 argueretur,
1309 4925 1584 4996 allegabat
1616 4927 1706 4982 ille
1739 4936 1930 4984 contra
1973 4929 2026 4984 io
2061 4928 2150 4984 de-

571 5013 878 5069 fensionem
905 5016 990 5070 sui
1015 5016 1199 5084 regias
1227 5017 1372 5087 leges
1400 5017 1777 5088 usitatumque
1803 5019 2147 5090 principibus

569 5103 764 5172 agendi
798 5104 1046 5171 modum,
1083 5105 1292 5161 addens
1317 5105 1742 5175 haudquaquam
1779 5117 1991 5165 rectum
2022 5123 2148 5165 esse

569 5197 853 5252 Romanos
883 5197 952 5253 ab
979 5198 1314 5268 imperatore
1345 5198 1644 5269 gubernari
1670 5199 1814 5255 sicut
1845 5201 2142 5257 monachos

570 5306 600 5340 a
627 5289 742 5343 suis
777 5291 1109 5358 praepositis,
1141 5290 1232 5362 qui
1262 5290 1460 5346 delicta
1489 5306 1715 5345 suorum
1742 5291 2141 5346 coenobitarum

570 5379 911 5449 pmrritentiis
977 5384 1197 5450 expiare
1260 5381 1398 5438 satis
1469 5381 1726 5436 habeant.
1797 5379 2138 5437 Facilitatem

569 5480 755 5526 autem
819 5473 1079 5528 credendi
1154 5473 1491 5530 delatoribus
1557 5471 1796 5542 quadam
1855 5470 2146 5527 efﬁcaciter

568 5564 892 5619 occurrendi
947 5566 1306 5621 nascentibus
1351 5563 1510 5620 malis
1552 5563 1887 5618 necessitate
1938 5579 2142 5632 purga-

570 5657 686 5722 bat,
720 5671 844 5712 cum
875 5656 1106 5725 diceret,
1130 5659 1513 5728 qualecunque
1542 5657 1881 5712 indicaretur
1907 5658 2142 5727 principi

569 5746 803 5812 crimen,
828 5748 943 5804 sive
976 5749 1222 5804 auditum
1265 5763 1393 5804 vere
1425 5761 1458 5802 a
1489 5747 1771 5804 deferente
1805 5749 1921 5804 sive
1953 5745 2142 5805 ﬁctum

571 5841 861 5909 malevolo,
915 5857 945 5896 e
1001 5842 1147 5900 bono
1197 5841 1474 5899 communi
1534 5855 1661 5899 esse
1722 5842 2139 5899 accusationem

2247 4653 2374 4707 dam
2419 4652 2725 4714 videbatur,
2779 4659 2911 4704 tunc
2945 4663 3078 4704 sane
3123 4649 3388 4705 salutaris
3432 4653 3486 4702 et
3527 4649 3757 4714 propterea

2251 4745 2433 4799 tacitis
2465 4743 2624 4816 591
2660 4743 2856 4798 saltem
2907 4743 3048 4797 votis
3097 4741 3412 4811 eapetibilis
3459 4735 3661 4793 omnino
3701 4736 3760 4782 est

2248 4837 2479 4892 mutatio
2526 4837 2654 4890 talia
2685 4835 2931 4904 jubentis
2959 4834 3257 4904 principis;
3314 4834 3401 4890 cui
3437 4843 3605 4888 tamen
3638 4823 3682 4878 hi
3706 4820 3759 4874 ni-

2249 4929 2416 4982 mium
2453 4927 2591 4982 forte
2623 4928 2972 4998 indulgentes
3001 4925 3210 4990 sensui,
3241 4938 3351 4979 nee
3381 4923 3515 4977 satis
3550 4915 3757 4974 eav'enm

2247 5022 2418 5075 nerin
2467 5029 2724 5089 apertum
2773 5033 2976 5072 arcana
3013 5016 3290 5072 desideria
3345 5013 3628 5085 prodirent,
3661 5007 3755 5057 dum

2247 5111 2644 5180 pra~sagiorum
2692 5112 2884 5165 mortis
2918 5112 3148 5178 Augusti
3193 5107 3419 5178 auguria
3453 5109 3647 5174 captant
3681 5096 3754 5149 im.

2249 5203 2599 5273 prudentius,
2635 5201 2754 5270 ejus
2783 5204 2920 5255 iram
2951 5201 3007 5256 in
3048 5216 3108 5256 se
3149 5201 3300 5271 ipsos
3330 5205 3576 5253 acuentes
3603 5191 3754 5255 ingrn'

2246 5299 2380 5351 tium
2418 5295 2518 5350 sibi
2552 5295 2772 5350 fuerunt
2823 5294 3091 5349 malorum
3135 5308 3337 5348 causae.
3378 5290 3574 5359 Agebat
3615 5281 3689 5336 ille
3713 5276 3752 5327 in

2243 5387 2352 5441 hoc
2383 5386 2605 5455 quidem
2647 5401 2753 5439 non
2795 5395 2977 5451 recte;
3007 5385 3123 5454 qui,
3153 5398 3278 5437 cum
3313 5380 3622 5453 oportuisset
3644 5367 3752 5424 obli-

2245 5493 2416 5546 quum
2467 5477 2533 5531 ad
2595 5476 2730 5531 recti
2777 5491 3027 5531 normam
3083 5477 3362 5544 corrigere
3411 5473 3586 5539 sicque
3627 5458 3750 5515 auito

2244 5583 2552 5637 exasquare,
2577 5575 2768 5622 contra
2793 5567 3023 5636 cogebat
3045 5565 3374 5636 detorquere
3397 5559 3536 5632 quod
3558 5569 3640 5626 per
3659 5561 3748 5604 sese

2242 5671 2455 5718 rectum
2485 5659 2688 5726 fuerat,
2722 5659 3184 5729 conformareque
3224 5658 3291 5712 ad
3322 5657 3616 5726 pravitatem
3645 5639 3744 5698 obl:-

2244 5753 2363 5823 qui,
2414 5767 2520 5806 non
2571 5753 2872 5806 emendatis
2921 5749 2974 5806 id
3022 5749 3168 5820 quod
3213 5757 3334 5804 erat
3376 5745 3628 5802 vitiosum,
3673 5741 3744 5787 883

2247 5845 2468 5903 crimini
2515 5855 2756 5911 vertens,
2803 5845 2847 5901 si
2899 5858 3005 5901 non
3057 5843 3446 5914 depravaretur
3481 5835 3608 5909 quod
3641 5830 3743 5884 bene
