3964 6576
364 410 468 474 933

1305 411 1403 473 DE
1437 409 1828 472 MICHAELE
1870 409 2332 471 mammae
2367 394 2518 474 LIB.
2558 412 2659 473 vr.

3500 412 3604 475 954

364 540 474 575 νειν
520 520 846 591 ἠνάγκαζεν,
912 522 1013 576 οὐκ
1068 520 1311 576 εὐθύνων
1363 523 1423 576 τὸ
1451 523 1527 594 μὴ
1559 522 1741 585 καλῶς
1778 521 1920 592 ἕχον,
1954 525 1995 582 Α
2026 520 2272 589 γεγονὸς,
2302 522 2473 591 ἄνδρα
2503 519 2790 582 εὐλαϐείας
2823 520 2926 591 μὲν
2951 518 3031 585 είς
3066 519 3240 588 ἄκρον
3274 521 3605 589 μεταποιού-

361 617 473 669 ii)!
505 614 775 682 ἐγκαλῶν,
801 615 850 668 εί
887 615 962 686 μὴ
982 614 1312 686 στρεϐλοῖτο,
1362 613 1443 685 τῷ
1496 614 1677 678 καλῶς
1724 614 1922 684 ἔχοντι.

362 710 480 761 Ὅτι
509 708 566 760 δὲ
593 707 685 760 καί
709 724 848 761 τισιν
880 707 1105 762 ἐκείνων
1141 707 1483 779 παρεξήγετο
1525 708 1593 761 τά
1617 706 1710 763 τοῦ
1759 706 1924 772 ζήλου

358 802 448 852 καὶ
486 798 580 853 τοῦ
613 799 779 868 μέσου
838 800 1254 870 παρολισθαίνον
1309 801 1420 863 τοῖς
1456 800 1716 865 ἐναντίοις
1743 816 1923 868 προσ-

357 894 570 956 έπαιεν,
624 890 799 955 ἔξεστι
848 892 928 960 τῷ
963 890 1323 963 διακρινοῦντι
1374 894 1601 946 σκοπεῖν
1630 909 1645 924 ο
1677 890 1818 963 πλὴν
1854 892 1925 946 τὰ

356 983 456 1052 τῆς
492 980 767 1050 τιμωρίας
825 978 1103 1034 σϐεννύειν
1143 978 1258 1051 εἶχε
1305 979 1484 1035 καὶτὸ
1513 981 1777 1052 ἀμηγέπη
1829 979 1925 1033 ἐπὶ

361 1074 464 1134 τοῖς
494 1072 887 1143 πραττομένοις
918 1072 1160 1142 εὔλογον.

446 1162 895 1233 Ἐκκεκομμένης
921 1164 1101 1217 τοίνυν
1128 1166 1228 1231 τῆς
1257 1163 1575 1236 παρρησίας
1619 1163 1732 1227 τοῖς
1764 1162 1922 1217 ἐλευ-

354 1256 539 1327 θέροις
573 1256 678 1309 ὑπὸ
706 1257 898 1309 σκότον
947 1258 1207 1327 φάμουσα
1242 1257 1624 1330 ὲρῤιπτοῦντο,
1681 1256 1779 1328 τὴν
1820 1258 1922 1326 τῆς

353 1349 531 1419 ἀρχῆς
561 1349 915 1420 παραϐασίαν
959 1349 1273 1419 ἐλέγχοντα.
1319 1352 1382 1404 Oi
1428 1350 1485 1404 δὲ
1506 1350 1600 1404 τὸν
1635 1348 1921 1421 γράφοντα

358 1441 433 1511 μή
474 1441 688 1509 ἔχοντες
709 1441 974 1511 τιμωρεῖν
1001 1441 1099 1511 (οὐ
1129 1440 1238 1510 γὰρ
1257 1437 1326 1512 ἦν
1360 1441 1778 1512 ἐμφανίζεσθαι)
1807 1442 1923 1506 τοῖς

352 1531 674 1600 εὑρίσκουσι
727 1531 939 1602 βαρέως
972 1534 1190 1603 ἐπεῖχον
1241 1533 1317 1598 ὡς
1352 1534 1537 1596 αὐτοῖς
1568 1533 1918 1603 ὑϐρίζουσινο

352 1622 513 1694 ὕϐριν
564 1624 675 1695 γάρ
718 1626 947 1679 ἐκάλουν
1006 1626 1390 1697 τὸνθὲλεγχον.
1455 1627 1777 1699 Ἐγγράφως
1813 1643 1923 1681 τοι-

349 1715 557 1787 γαροῦν
585 1719 850 1788 ἐκυροῦτο
886 1720 919 1790 ἡ
957 1723 1199 1788 τιμωρία
1222 1720 1300 1793 τῷ
1333 1720 1495 1791 μόνον
1522 1721 1830 1791 εὑρήσοντι,
1869 1722 1918 1776 εί

348 1808 513 1869 αὐτὸς
550 1808 827 1878 ἀναγνοίη,
863 1809 912 1861 εί
934 1809 1078 1879 ἄλλῳ
1114 1809 1337 1876 ἐξείποι,
1362 1811 1411 1863 εί
1444 1810 1519 1879 μὴ
1550 1810 1669 1863 κάοι
1701 1827 1919 1879 παραυ-

348 1896 498 1951 τίκα.
527 1897 666 1968 Πρδς
688 1896 744 1950 δὲ
774 1897 871 1952 καὶ
899 1898 976 1967 τῷ
1006 1897 1467 1969 βασιλογραφείου
1502 1898 1912 1971 ἐγκαλουμένῳ,

346 1988 421 2051 ὡς
449 1990 560 2059 ἔχοι
596 1989 777 2059 μόνον,
809 1991 841 2061 η
876 1989 1075 2062 ἀπειλὴ
1100 1989 1327 2054 θάνατος
1350 1990 1630 2060 ἄντικρυς.

345 2150 445 2200 κε’.
477 2147 613 2213 Περὶ
648 2146 754 2201 τοῦ
802 2144 1097 2202 Καλοειδᾶ
1130 2147 1229 2200 καί
1275 2145 1407 2214 περὶ
1463 2145 1568 2201 τοῦ
1633 2143 1913 2200 Ἰωάννου

953 2216 1060 2273 τοῦ
1091 2219 1304 2272 Δούκα.

417 2354 501 2427 [Ρ.
523 2353 648 2428 555]
678 2355 987 2429 Τεκμηριοϊ
1008 2356 1065 2410 δὲ
1100 2357 1194 2410 καὶ
1223 2355 1286 2410 τὸ
1318 2356 1449 2428 περὶ
1488 2356 1577 2412 τὸν
1610 2355 1913 2410 Καλοειδᾶν

346 2534 606 2592 habebat.
642 2533 833 2606 Neque
862 2534 1100 2592 diﬁiteor
1127 2544 1312 2595 tamen
1342 2537 1625 2609 peccatum
1653 2554 1682 2592 a
1727 2554 1913 2593 mona-

346 2624 493 2693 citis,
528 2625 854 2696 quibusdam
879 2641 1069 2682 eorum
1099 2626 1396 2682 inconsulti
1421 2629 1521 2683 zeli
1549 2629 1911 2685 effervescen-

344 2718 421 2769 tia
460 2718 939 2788 prorumpentibus
982 2735 1093 2790 quo
1143 2718 1370 2775 minime
1418 2722 1757 2776 conveniret.
1806 2722 1909 2778 Ve-

344 2823 469 2862 rum
524 2825 593 2866 ne
643 2811 821 2882 ipsum
874 2812 1094 2881 quidem
1146 2811 1577 2885 imperatorem,
1643 2812 1771 2868 dum
1825 2813 1910 2869 his

341 2903 591 2967 obsistit,
628 2902 867 2958 medium
914 2903 1150 2959 laudata:
1207 2903 1600 2959 moderationis
1630 2904 1907 2971 tenuisse,

344 2992 446 3048 sed
504 2994 818 3048 excedendo
879 2994 1176 3064 impegisse
1227 2995 1674 3050 in-contrarium
1724 3011 1910 3051 extre-

343 3100 532 3151 tnum,
591 3084 808 3140 conﬁdo
856 3084 1208 3155 iudicaturos
1265 3087 1573 3155 sapientes,
1633 3088 1725 3144 ubi
1781 3103 1904 3159 quas

2033 632 2217 685 μενον,
2251 615 2523 686 παρθενίᾳ
2553 615 2823 680 συζῶντα,
2846 613 2944 667 καὶ
2975 613 3353 683 ἐλεημοσύνην
3382 616 3478 666 καί⁵
3502 615 3604 683 τὴν

2031 707 2169 778 πρὸς
2205 707 2296 759 τὸν
2328 705 2556 776 πλησίον
2583 705 2811 776 ἀγάπην
2836 706 3193 778 ἀσύγκριτον,
3229 705 3601 775 ἑξυπηρετού-

2034 814 2195 866 μενον
2224 795 2282 850 δὲ
2330 798 2397 867 τῇ
2437 796 2691 867 δεσποίνῃ
2722 796 2832 849 τῶν
2861 797 3147 866 ταμιείων,
3174 796 3255 861 ὃν,
3286 798 3409 851 ἐπεὶ
3437 797 3602 866 μόνον

2030 886 2171 958 ἔχων
2201 887 2444 941 τοιοῦτον
2474 886 2640 958 ἑάλω,
2691 885 2815 940 οὗτε
2847 886 2909 940 τὸ
2939 888 3169 951 εὐλαϐὲς
3216 888 3419 950 ἔσωζεν
3475 885 3602 951 οὔτε

2030 979 2136 1050 μὴν
2189 981 2223 1051 ἠ
2278 980 2419 1050 ὑπὲρ
2474 980 2683 1033 ἐκείνου
2718 982 2817 1051 τῆς
2871 980 3160 1049 δεσποίνης
3199 979 3402 1049 σπουδὴ
3443 996 3603 1049 περι-

2025 1072 2183 1141 εποιή
2194 1089 2344 1136 σατο,
2370 1071 2506 1126 ἀλλὰ
2524 1073 2632 1126 τῶν
2652 1073 2919 1143 ὀμμάτων
2944 1074 3157 1140 στερείν
3183 1071 3418 1124 κελεύων
3444 1071 3599 1141 μόλις

2021 1164 2092 1216 τά
2121 1162 2221 1233 τῆς
2256 1162 2531 1226 κολάσεως
2570 1164 2652 1226 είς
2690 1163 2749 1215 τὸ
2801 1163 3160 1232 ἀνεκτότερον
3216 1162 3474 1234 περιίστα
3512 1161 3600 1215 διὰ

2022 1255 2121 1326 τὴν
2149 1256 2249 1321 τῆς
2278 1255 2568 1327 δεσποίνης
2591 1254 2793 1326 συχνὴν
2820 1254 3080 1309 ἱκετείαν.
3105 1257 3444 1325 Προστάσσει
3466 1253 3599 1322 γάρ.

2024 1349 2114 1422 [Ρ.
2155 1347 2282 1422 556]
2319 1348 2415 1403 καὶ
2438 1350 2629 1413 ἄγεται
2661 1351 2688 1403 ὁ
2712 1349 3046 1417 κατάκριτος
3071 1350 3224 1419 παρὰ
3260 1350 3354 1402 τὸν
3386 1349 3479 1403 τοῦ
3503 1351 3602 1416 φό-

2027 1458 2121 1512 ρου
2152 1440 2307 1495 κίονα
2331 1442 2390 1494 ὲν
2448 1441 2948 1504 Κωνσταντιαναϊς.
3007 1443 3117 1497 Καὶ
3161 1443 3272 1504 τοῖς
3317 1442 3602 1512 κληρικοῖς

2024 1534 2273 1605 ἅπαντᾷν
2292 1533 2598 1587 ἐπιστέλλει
2626 1534 2726 1603 τὴν
2756 1533 3024 1602 ταχίστην
3078 1533 3244 1605 μηδὲν
3276 1534 3467 1595 είδόσι,
3505 1534 3601 1586 καὶ

2023 1627 2103 1696 τῷ
2132 1627 2282 1697 τόπῳ
2316 1624 2663 1695 ἐφίστασθαι.
2699 1625 3020 1695 Κληρικοὺς
3048 1624 3105 1677 δὲ
3152 1625 3369 1686 πάντως
3396 1624 3602 1688 ἐκάλει,

2025 1720 2283 1781 ὑπόπτως
2305 1718 2394 1773 ἀεὶ
2422 1718 2557 1788 πρὸς
2594 1717 2793 1781 αὐτοὺς
2824 1716 2986 1786 ἔχων,
3026 1716 3102 1780 ὡς
3124 1718 3246 1780 ταῖς
3286 1717 3367 1779 είς
3397 1717 3603 1768 ἐκεῖνον

1948 1837 1996 1897 Β
2022 1810 2318 1882 τιμωρίαις
2345 1808 2706 1879 δεδιξάμενος.
2738 1809 2927 1871 Ὀσοις
2951 1803 3044 1862 οὖν
3089 1808 3188 1861 οὐκ
3212 1809 3270 1860 ἐν
3292 1807 3498 1877 είδήσει
3533 1801 3601 1876 ἦν

2020 1905 2091 1958 τά
2119 1903 2487 1973 πραττόμενα,
2517 1900 2872 1971 ἀφικνοῦντοο
2906 1902 2955 1954 οἱ
2984 1899 3030 1954 δ’
3062 1900 3264 1963 εἰδότες
3306 1900 3599 1969 ἐπραγμα-

2022 1995 2288 2052 τεύσαντο
2313 1996 2412 2067 τὴν
2441 1996 2751 2064 ἀποφυγὴν,
2792 1994 2868 2058 ὡς
2915 1990 3061 2063 εἷχεν
3088 1992 3341 2055 ἕκαστος.
3389 1990 3603 2045 Ἱστῶσι

2022 2092 2208 2145 τοίνυν
2261 2090 2353 2143 τὸν
2386 2089 2576 2161 ἄνδρα,
2615 2089 2711 2143 καὶ
2766 2087 2965 2157 πρῶτα
2999 2086 3096 2157 μὲν
3132 2085 3232 2145 τὰς
3285 2083 3472 2157 τρίχας
3500 2083 3601 2152 τῆς

2022 2183 2268 2253 κεφαλῆς
2294 2182 2393 2235 οὐκ
2422 2182 2479 2234 ὲν
2505 2181 2624 2251 χρῷ
2672 2179 2982 2251 κείραντες,
3031 2177 3108 2241 ὡς
3139 2177 3453 2246 συνεργοῖεν
3477 2175 3601 2228 καί-

2025 2294 2139 2331 οντι
2166 2276 2244 2344 τῷ
2274 2275 2429 2345 πυρὶ,
2453 2273 2782 2343 ἐμϐάλλουσι
2816 2271 2928 2340 πῦρ
2982 2272 3096 2333 τοῖς
3128 2269 3357 2339 χάρταις
3401 2266 3603 2337 βεϐρά-

2019 2386 2141 2433 ναις
2162 2364 2284 2423 οὖσι
2320 2366 2417 2420 καὶ
2453 2368 2519 2438 τῇ
2571 2364 2785 2437 κεφαλῇ
2835 2362 3125 2417 ὲντιθεῑσιν
3175 2361 3251 2424 ὡς
3278 2359 3394 2431 ἅμα
3425 2358 3601 2428 ταύτῃ

2025 2551 2286 2612 quentata
2331 2541 2400 2598 de
2456 2542 2560 2596 hoc
2603 2541 2834 2596 crimine
2862 2579 2877 2604 ,
2922 2538 3066 2609 quod
3121 2532 3591 2605 basilograpbium

2021 2636 2458 2706 nuncupabatur.
2493 2634 2667 2702 Hujus
2696 2642 2755 2687 ut
2795 2647 2920 2688 reus
2959 2630 3082 2701 quis
3111 2636 3487 2699 perageretur,
3513 2641 3601 2679 sa-

2020 2732 2089 2784 tis
2117 2737 2236 2784 erat
2271 2728 2495 2797 reperiri
2528 2741 2695 2796 penes
2732 2739 2855 2778 eum
2883 2723 3120 2791 aliquem
3151 2719 3272 2790 ejus
3296 2718 3513 2791 generis
3536 2716 3603 2770 li-

2020 2821 2244 2878 bellum.
2278 2820 2541 2875 Convicto
2564 2832 2710 2872 mors
2741 2815 3138 2870 intentabatur.

2260 2953 2332 3007 25
2394 2953 2470 3008 De
2502 2951 2727 3009 Caloida
2763 2960 2809 3005 et
2838 2949 2902 3003 de
2933 2948 3141 3004 Joanne
3173 2946 3345 3002 Duco.

2089 3092 2260 3158 Quium
2291 3099 2469 3146 autem
2505 3106 2612 3145 non
2656 3103 2796 3143 vana
2829 3100 3100 3157 quamque
3134 3082 3507 3139 irrevocabilis
3536 3097 3599 3137 ea

341 3176 462 3232 ﬁeri
505 3188 637 3233 tunc
676 3179 903 3247 contigit
939 3187 1149 3235 attente
1188 3181 1588 3248 perspexeriut.
1633 3181 1902 3238 Cmterum
1934 3173 1979 3237 C
2010 3182 2268 3253 supplicii
2309 3182 2540 3236 extremi
2590 3179 2947 3234 comminatio
2993 3177 3179 3242 fuerit,
3230 3174 3451 3229 abunde
3504 3174 3599 3227 de-

342 3287 471 3326 cum
500 3270 757 3342 utrinque
798 3282 920 3327 acta
959 3288 1059 3328 sua
1090 3272 1342 3343 quaedam
1380 3274 1653 3329 coloraret
1682 3277 1912 3332 rationis

341 3360 582 3430 species,
638 3364 821 3419 valere
866 3363 959 3418 illa
1004 3364 1196 3419 debuit
1246 3365 1311 3419 ad
1357 3365 1786 3438 exstinguendos
1826 3367 1908 3421 vel

340 3462 494 3507 certe
518 3456 907 3524 temperandos
934 3468 1295 3527 utrorumque
1319 3456 1549 3514 insanos
1577 3458 1824 3526 ardores,
1855 3471 1911 3514 ut

338 3560 446 3601 nec
477 3547 731 3604 monachi
768 3556 876 3602 tam
916 3550 1320 3604 contumaciter
1351 3550 1602 3622 Augusto
1637 3567 1907 3621 repugna-

342 3645 489 3702 rent,
540 3652 726 3705 parem
762 3638 1134 3695 Ecclesiarum
1182 3640 1502 3710 reipublicae
1558 3643 1909 3699 utilissimam

338 3730 857 3787 acconnnodatioue
905 3733 1098 3788 multis
1149 3735 1377 3803 probata
1431 3738 1794 3806 procuranti,
1857 3748 1911 3792 et

342 3822 593 3877 vicissim
641 3822 942 3892 imperator
982 3826 1167 3882 mitius
1193 3840 1289 3881 eos
1329 3838 1631 3893 coerceret,
1672 3844 1908 3897 quorum

339 3914 696 3969 mstuantium
750 3925 897 3968 metu
946 3916 1232 3984 peccandi,
1288 3917 1415 3971 licet
1466 3934 1628 3984 vano,
1673 3918 1909 3973 inﬁrmis

340 4018 564 4069 aequum
621 4012 743 4060 erat
792 4006 1153 4062 conscientiis
1212 4007 1443 4076 ignosci.
1492 4006 1565 4063 Ut
1615 4017 1676 4063 ut
1746 4024 1909 4077 porro

339 4097 574 4166 quisque
603 4096 669 4151 de
697 4096 783 4151 his
812 4104 1039 4163 statuat,
1068 4096 1196 4152 inde
1217 4097 1425 4153 factum
1448 4108 1532 4156 est
1566 4110 1622 4156 ut
1646 4116 1908 4172 oppressa

339 4188 563 4255 publice
621 4186 785 4243 saevis
849 4187 1242 4259 suppliciorum
1302 4192 1570 4261 exemplis
1631 4194 1909 4248 contradi-

336 4280 498 4335 cendi
532 4278 762 4335 libertas
811 4278 867 4333 in
918 4278 1174 4335 furtivam
1223 4281 1583 4338 maledicendi
1632 4283 1906 4340 licentiam

339 4380 677 4440 erumperet,
720 4370 1028 4441 famosique
1058 4371 1225 4427 libelli
1269 4373 1411 4428 clam
1444 4373 1705 4454 noctjbus
1754 4390 1910 4445 spar-

335 4468 636 4532 gerentur,
681 4460 885 4531 quibus
930 4461 1250 4533 lmperatori
1294 4466 1775 4535 exprobrabantur
1811 4483 1905 4522 ve-

2015 3278 2356 3341 ntonstravit,
2386 3276 2531 3347 quod
2563 3274 2799 3331 Caloide
2828 3273 3079 3343 contigit,
3118 3270 3236 3324 viro
3266 3269 3481 3325 eximia:
3504 3283 3594 3321 re-

2011 3370 2229 3441 ligionis
2247 3384 2584 3438 summaeque
2605 3366 2937 3431 sanctitatis,
2962 3366 3014 3418 in
3037 3363 3350 3431 virginitate
3370 3361 3598 3425 viventi,

2011 3463 2404 3532 exercentique
2435 3478 2495 3518 se
2530 3460 2756 3517 assidue
2803 3454 3264 3525 in‘eleemosynis
3288 3467 3353 3507 ac
3383 3451 3597 3506 caneris

2013 3555 2065 3609 id
2099 3570 2274 3625 genus
2314 3569 2443 3625 erga
2477 3555 2778 3622 proximos,
2816 3551 2935 3606 sine
2964 3548 3271 3603 differentia
3305 3546 3596 3601 delectuve

2011 3664 2398 3717 personarum,
2426 3646 2801 3702 misericordis
2824 3644 3114 3699 charitatis
3141 3641 3423 3711 operibus.
3464 3640 3595 3696 Erat

2009 3750 2190 3794 autem
2225 3739 2366 3794 idem
2395 3738 2463 3792 de
2500 3738 2706 3792 familia
2733 3735 3124 3805 itnpcratricis,
3154 3749 3329 3803 penus
3354 3733 3475 3800 ejus
3500 3747 3598 3787 cu—

2010 3847 2126 3885 ram
2164 3846 2382 3900 gerens.
2415 3829 2571 3884 Hunc
2602 3827 2986 3882 tantummodo
3021 3828 3223 3880 habere
3253 3826 3454 3880 librum
3509 3835 3595 3879 ta-

2012 3920 2114 3976 lem
2148 3922 2551 3991 deprebeusum
2573 3936 2679 3974 non
2703 3933 2801 3974 sua
2850 3918 3024 3988 pietas
3054 3919 3317 3983 servavit,
3360 3932 3469 3970 non
3496 3931 3595 3985 pa-

2011 4029 2186 4073 trona:
2227 4021 2482 4088 Angusta!
2509 4025 2775 4087 quantum
2828 4023 3015 4085 posset
3058 4029 3159 4084 pro
3206 4013 3314 4066 ﬁdo
3352 4022 3405 4066 et
3462 4027 3594 4066 caro

2009 4108 2210 4162 cliente
2244 4121 2307 4161 ac
2362 4106 2615 4161 ministro
2666 4104 2969 4175 satagentis
2998 4104 3324 4172 suifragitio
3373 4103 3591 4157 studio-

2012 4203 2232 4259 sissima
2257 4200 2511 4271 protexit.
2540 4199 2675 4253 Illud
2709 4200 2852 4253 enim
2886 4197 3154 4251 duntaxat
3185 4197 3592 4252 ardentissimis

2009 4302 2065 4350 et
2090 4294 2425 4349 creberrime
2448 4290 2799 4360 ingeminatls
2824 4287 3076 4357 conjugis
3101 4304 3214 4343 sua:
3240 4304 3338 4358 pro
3363 4288 3589 4343 Caloida

2012 4388 2271 4456 precibus
2294 4387 2381 4439 vix
2428 4382 2646 4437 tandem
2678 4382 2958 4451 Augustus
3000 4381 3289 4443 relaxavit,
3327 4387 3383 4432 ut
3430 4393 3589 4447 pmna

2012 4478 2205 4532 mortis
2233 4478 2286 4531 in
2310 4474 2742 4533 exctecationem
2772 4481 3097 4528 mutaretur.
3130 4470 3296 4527 Jussu
3322 4486 3451 4541 ergo
3469 4470 3590 4538 ejus

337 4562 458 4607 tera
492 4551 702 4608 scelera
734 4551 910 4606 invasi
946 4551 1189 4622 perjurio
1222 4553 1438 4623 imperii
1474 4556 1899 4629 circumscripto

2018 4569 2311 4624 damnatus
2339 4567 2405 4623 ad
2434 4567 2536 4624 fori
2567 4567 2875 4622 columnam
2910 4566 2964 4618 in
2995 4562 3409 4620 Constantianis
3442 4563 3594 4618 sisti-

337 4643 549 4717 pupillo
574 4649 957 4713 excatcatoque
987 4658 1118 4697 vero
1151 4643 1389 4701 haerede.

409 4738 508 4794 His
557 4738 855 4808 imperator
897 4749 1021 4790 cum
1045 4737 1160 4792 suis
1205 4753 1370 4808 supra
1400 4738 1623 4795 modum
1678 4740 1904 4807 irritati,

333 4847 499 4901 quam
537 4832 591 4887 in
624 4840 878 4885 auctores
926 4829 1231 4907 libellorum
1256 4832 1372 4885 suis
1400 4831 1623 4889 latebris
1653 4843 1801 4890 tutos
1828 4836 1909 4891 ef-

334 4924 562 4980 fundere
594 4923 728 4978 lram
755 4922 1073 4994 nequibant,
1108 4922 1161 4976 in
1191 4938 1283 4979 eos
1321 4925 1415 4994 qui
1441 4927 1794 4983 sustulissent
1823 4929 1908 4983 in-

332 5022 524 5070 ventos
554 5014 694 5084 apud
737 5029 907 5084 seque
942 5021 1209 5079 tenerent,
1253 5028 1539 5084 pmnarutn
1585 5018 1909 5074 crudelitate

331 5109 628 5163 satiabant.
670 5105 803 5161 Nam
828 5115 883 5160 et
911 5106 1078 5175 objici
1106 5107 1255 5173 talia,
1286 5116 1562 5178 utcunque
1583 5124 1732 5175 vera,
1755 5126 1907 5165 sum-

334 5217 478 5255 mam
516 5200 901 5271 contumeliam
938 5199 1230 5268 putabant;
1260 5208 1312 5255 et
1361 5200 1523 5271 hujus
1566 5202 1909 5257 contumeliae

330 5306 491 5348 veros
516 5298 769 5346 auctores
786 5304 880 5346 eos
907 5291 1333 5357 arbitrabantur,
1367 5294 1459 5361 qui
1489 5292 1690 5348 nefaria
1714 5303 1767 5349 et
1792 5294 1904 5349 visu

268 5436 271 5439 γ
332 5383 512 5452 primo
541 5381 801 5436 abolenda
838 5380 1040 5449 scripta
1076 5395 1201 5434 cum
1234 5382 1333 5451 ipsi
1374 5382 1637 5452 legerent,
1675 5392 1791 5437 tum
1834 5384 1908 5437 |e~

325 5477 501 5547 genda
526 5475 739 5531 cmteris
778 5480 1085 5530 servarent.
1123 5473 1254 5528 Fixa
1287 5475 1452 5544 igitur
1485 5476 1537 5529 in
1568 5476 1787 5545 publico
1820 5477 1904 5530 lex

324 5568 587 5638 esthujus
607 5567 921 5621 sententiae:
954 5568 1084 5633 «Qui
1112 5567 1376 5621 famosum
1403 5567 1689 5632 invenerit,
1705 5567 1748 5622 si
1772 5567 1911 5638 lege-

324 5661 399 5715 rit
428 5660 563 5729 ipse.
595 5658 641 5713 si
674 5657 764 5712 alii
791 5657 1005 5724 dixerit,
1036 5658 1081 5713 si
1103 5672 1209 5712 non
1232 5659 1414 5713 statim
1449 5659 1828 5722 combusserit,
1862 5672 1909 5728 si

323 5752 469 5820 apud
484 5764 543 5807 se
560 5750 758 5805 habere
780 5748 1151 5819 deprehensus
1168 5749 1550 5818 fuerit.capitis
1567 5750 1867 5809 damnator.
1886 5770 1904 5804 ι

324 5846 669 5912 Ωιιαεειίοηρε
710 5843 832 5897 inde
880 5857 1031 5900 acres
1075 5843 1300 5914 diraque
1344 5841 1506 5914 492
1560 5841 1765 5913 judicia
1805 5845 1911 5902 frc-

2007 4668 2121 4715 tur.
2151 4660 2501 4715 Advocantur
2533 4659 2724 4713 eodem
2757 4666 2811 4713 et
2844 4657 3054 4722 clerici,
3086 4658 3370 4727 repentino
3418 4670 3594 4723 eoque

2005 4749 2117 4805 acri
2150 4763 2215 4805 ac
2246 4749 2407 4803 minis
2441 4751 2495 4802 in
2536 4755 2861 4803 cunctantes
2889 4746 3103 4802 sancito
3153 4745 3358 4808 accitu,
3416 4741 3591 4814 ignari

2007 4855 2169 4909 quam
2196 4842 2265 4893 ob
2292 4855 2537 4894 causam.
2580 4837 2793 4893 Adesse
2823 4848 3005 4893 autem
3059 4852 3155 4892 eos
3186 4835 3395 4890 idcirco
3443 4851 3595 4904 prin-

2007 4947 2136 5001 ceps
2166 4933 2357 4998 voluit,
2391 4940 2449 4985 ut
2478 4946 2649 5001 genus
2675 4931 2728 4984 id
2760 4932 3045 4985 hominum
3084 4928 3189 4985 sibi
3218 4927 3425 4982 dudum
3444 4913 3592 4980 ’ροη-

2008 5026 2266 5080 tumacia:
2298 5032 2613 5093 suspectum
2674 5024 2925 5091 exemplo
2957 5022 3057 5076 diri
3088 5019 3337 5090 supplicii
3365 5030 3596 5073 terrere-

2009 5122 2121 5170 tur.
2153 5115 2480 5184 Quieunque
2526 5115 2694 5184 igitur
2728 5130 2793 5168 ex
2829 5113 2895 5168 iis
2928 5111 3060 5182 quid
3090 5108 3396 5180 spectaturi
3434 5124 3596 5162 voca-

2010 5214 2203 5260 rentur
2235 5206 2579 5273 iguorarunt,
2612 5220 2722 5274 quo
2754 5203 3087 5271 jubebantur
3138 5210 3268 5255 sunt
3321 5198 3548 5268 profecti
3578 5216 3592 5262 ;

2008 5297 2102 5367 qui
2136 5312 2245 5350 rem
2273 5305 2689 5365 praesenserant,
2712 5294 2892 5362 fugam
2912 5292 3271 5361 expedierunt
3302 5306 3409 5360 qua
3434 5292 3590 5357 quis-

2010 5404 2115 5457 que
2172 5388 2348 5457 potuit
2400 5386 2687 5440 tutissime.
2733 5384 2996 5443 Perducto
3032 5381 3097 5435 ad
3136 5382 3313 5434 locum
3360 5378 3595 5433 Caloidze

2010 5497 2167 5537 conta
2217 5483 2441 5534 detonsa
2487 5487 2590 5534 est.
2648 5491 2754 5529 non
2810 5473 2879 5527 ad
2920 5482 3124 5538 cutem,
3152 5470 3245 5524 sed
3288 5470 3409 5542 pilis
3440 5485 3469 5524 a
3505 5484 3596 5522 ra.

2011 5572 2132 5627 dice
2169 5570 2235 5623 ad
2272 5569 2507 5638 aliquam
2533 5564 2712 5619 adhuc
2744 5562 3090 5617 altitudinem
3140 5561 3345 5614 relictis
3373 5569 3595 5612 exstan—

2014 5664 2179 5726 tibus,
2214 5669 2271 5712 ut
2298 5658 2553 5728 pabulum
2584 5657 2695 5726 igni
2720 5663 2907 5713 essent
2931 5670 3026 5724 per
3059 5653 3156 5708 hos
3183 5651 3376 5707 intime
3397 5650 3595 5720 pellent

2012 5753 2185 5822 ipsam
2220 5764 2283 5803 ac
2306 5749 2513 5804 calvam
2542 5747 2776 5802 ambusti
2802 5745 3019 5801 verticis
3044 5758 3361 5815 pervasnro.
3407 5740 3596 5810 Appli-

2014 5856 2147 5901 cat-.2
2178 5842 2375 5899 dehinc
2416 5849 2677 5910 arcteque
2707 5853 2985 5909 oppressae
3028 5837 3215 5895 miseri
3247 5834 3410 5907 capiti
3433 5834 3596 5889 c'tar-
