3964 6540
328 418 434 479 9Ἷ7

1249 419 1348 480 DE
1392 412 1788 477 MICHAELE
1825 411 2297 475 PALAEOLOGO
2333 416 2484 476 LIB.
2523 415 2626 479 VI.

3481 408 3586 470 9'53

327 531 452 583 ὅτου
508 547 613 602 περ
661 533 777 596 τοῖς
806 530 1062 600 όχληροῖς
1109 533 1479 604 προσέκυρσε,
1532 534 1627 585 καὶ
1665 532 1899 600 μεγίστη
1937 544 1976 597 Α
2006 527 2063 580 δὲ
2095 530 2190 582 καὶ
2221 528 2620 598 Κωνσταντίνῳ
2653 525 2730 596 τῷ
2793 523 3158 597 Ἀκροπολίτῃ
3194 523 3288 577 καὶ
3327 523 3406 594 τῷ
3455 525 3585 576 Θεο⁵

331 626 496 692 μοῖρα
535 623 645 676 τῶν
678 625 758 686 εἰς
787 625 850 676 τὸ
891 625 1127 694 μετρίως
1174 625 1387 694 διάγειν
1416 624 1651 677 ἐλπίδων
1683 624 1716 694 ἡ
1766 622 1903 692 πρὸς

323 712 671 781 τὸνβασιλέα
715 714 1043 783 ὑποποίησις
1102 717 1482 784 κατεφαίνετο.
1527 715 1639 784 Τῆς
1680 715 1778 783 μὲν
1811 713 1904 767 οὖν

323 808 494 875 τιμῆς
517 807 712 877 ἐκείνῳ
744 807 980 861 ἐλάττων
1019 811 1243 878 φροντὶς
1290 805 1380 880 ἦν.
1417 809 1476 863 τὸ
1509 809 1567 862 δὲ
1617 823 1906 877 πατριαρ-

328 898 561 966 χεύοντα
609 899 867 967 διακενῆς
923 902 1259 970 ἐνοχλεῖσθαι
1323 901 1413 954 ίσα
1445 903 1542 954 καὶ
1573 901 1652 970 τῷ
1687 899 1904 968 Θανάτῳ

327 991 518 1044 ἐτίθει.
555 992 624 1044 Ὃ
651 991 713 1066 δὴ
740 996 830 1046 καὶ
857 997 920 1045 ἐκ
946 994 1038 1047 τοῦ
1071 996 1476 1064 προστυχόντος
1505 995 1906 1063 ὑπονοούμενον

323 1078 396 1153 ἦν
422 1067 813 1154 τεθυμωμένον
844 1087 937 1139 τοῦ
973 1087 1239 1154 βασιλέως
1257 1090 1338 1148 είς
1371 1089 1534 1141 ἅπαν.
1567 1087 1639 1139 Τὸ
1675 1086 1784 1154 γὰρ
1807 1085 1904 1138 καὶ

323 1174 455 1235 τοὺς
493 1176 732 1236 οίκείους
754 1174 1114 1236 διασείεσθαι,
1149 1169 1366 1241 καὶ-οἷς
1399 1175 1464 1228 ἂν
1500 1176 1704 1235 ἐκεῖνος
1738 1173 1903 1243 me.

326 1266 412 1332 ρει
449 1264 650 1332 μᾶλλον
679 1264 753 1327 ὡς
785 1266 916 1334 παρ’
955 1268 1149 1336 ἐκείνῳ
1180 1266 1583 1336 τεθραμμένοις
1617 1268 1711 1318 καὶ
1743 1265 1905 1333 δόξης

323 1355 607 1422 τυχοῦσιν,
671 1356 884 1408 ἀθετεῖν
941 1357 1040 1427 μὲν
1091 1357 1162 1410 τὰ
1226 1358 1567 1425 συγκείμενα
1627 1356 1736 1408 οὐδ’
1765 1355 1902 1416 ὅλως

324 1450 528 1513 ἐποίει,
579 1449 638 1501 τὸ
686 1449 744 1502 δὲ
799 1450 933 1520 πρὸς
967 1451 1056 1502 τὸν
1098 1447 1568 1519 πατριαρχεύοντα
1589 1447 1689 1508 τὰς
1721 1445 1902 1506 αἰτίας

323 1540 485 1605 ἄγειν
513 1542 578 1611 (ἡ
626 1541 736 1610 γὰρ
787 1541 1037 1611 ἀναφορὰ
1079 1541 1175 1596 τοῦ
1227 1541 1526 1594 σκανδάλου
1563 1539 1716 1601 σ-ςίοι
1765 1536 1900 1605 πρὸς

323 1635 536 1686 ἐκεῖνον
566 1628 655 1704 ἦν.
693 1635 769 1696 ὡς
791 1633 1000 1702 ελεγον,
1040 1632 1303 1702 ἀσφαλεῖς
1332 1633 1393 1684 τὸ
1429 1633 1550 1684 κατ’
1583 1631 1747 1684 αὑτὸν
1798 1631 1904 1682 Λα-

321 1726 406 1778 τίν
441 1743 526 1788 υς,
553 1726 703 1794 παρὰ
739 1727 909 1796 μόνην
935 1728 1036 1796 τὴν
1076 1729 1132 1779 ὲν
1171 1726 1249 1794 τῷ
1284 1725 1538 1793 συμϐόλῳ
1583 1722 1899 1793 πρόσθεσιν,

322 1819 604 1880 κρίνοντα)
633 1819 851 1887 ἕτοιμον
906 1815 974 1888 ἦν
1019 1821 1083 1871 ἐκ
1110 1819 1203 1870 τοῦ
1239 1820 1412 1887 ῥᾷστα
1451 1817 1542 1869 καὶ
1583 1814 1898 1885 προφανῶς,

2007 621 2166 690 δώρῳ
2189 621 2538 683 Μουζάλωνι,
2585 616 2662 675 ὧν
2691 622 2784 674 τὸν
2813 621 2911 690 μὲν
2942 621 3094 691 παρὰ
3126 621 3221 674 τοῦ
3251 621 3456 688 πατρδς
3488 618 3583 672 τοῦ

2008 713 2246 781 μεγάλου
2279 711 2368 783 ίΡ.
2395 710 2526 784 558]
2556 711 2846 778 λογοθέτου
2885 710 3072 764 λαϐὼν
3099 709 3270 781 ἀνῆγε
3306 713 3583 765 παιδεύων

2005 802 2100 854 καὶ
2133 804 2334 856 οἰκεῖον
2381 802 2730 857 ἀποκαθίστα
2767 801 2846 869 ii;
2895 801 2976 854 ὅτι
3017 800 3274 871 μάλιστα,
3309 801 3398 853 τὸν
3420 800 3474 853 δὲ
3518 803 3582 853 ἐκ

2007 897 2411 965 στρατιωτικῆς
2456 894 2650 964 μοίρας
2677 893 2964 947 ἀναλαϐὼν
2993 895 3088 946 καὶ
3117 895 3230 955 τοῖς
3258 893 3582 962 μαθήμασιν

2005 984 2187 1047 ἐνδοὺς
2219 983 2542 1054 ὲνσχολάσαι
2579 984 2875 1055 λογοθέτην
2926 985 3036 1037 τῶν
3097 983 3331 1051 γενικῶν
3395 982 3580 1052 ἐτίμα,

2008 1075 2272 1142 συζεύξας
2295 1077 2374 1138 είς
2402 1078 2637 1144 γυναῖκά
2661 1078 2711 1130 οἱ
2743 1079 2834 1130 καὶ
2865 1080 2967 1147 τὴν
2997 1078 3088 1130 τοῦ
3121 1075 3580 1147 Καντακουζηνοῦ

2007 1167 2302 1238 Βυγατέρα,
2330 1168 2424 1220 καὶ
2480 1167 2670 1238 μεσίτῃ
2699 1169 2809 1220 τῶν
2846 1167 3043 1221 κοινῶν
3089 1167 3307 1237 εχρῆτο.
3335 1165 3443 1218 ’Τὸν
3484 1165 3582 1234 μὲν

2005 1256 2102 1312 οὖν
2140 1260 2534 1330 ’Δκροπολίτην
2571 1259 2666 1313 καὶ
2691 1262 3194 1331 ἁποπροσεποιεῖτο
3227 1259 3321 1311 καὶ
3347 1257 3582 1327 κρείττω

2003 1350 2114 1403 τῶν
2142 1351 2264 1405 κατ’
2310 1353 2519 1404 ἐκεῖνον
2549 1353 2639 1405 τὸν
2681 1352 2853 1420 θυμὸν
2889 1347 3012 1421 ἦγε,
3051 1349 3125 1419 τῷ
3163 1349 3219 1402 δὲ
3257 1348 3580 1411 Μουζάλωνι

2003 1441 2099 1494 καὶ
2124 1440 2244 1493 λίαν
2275 1441 2600 1510 χολούμενος
2631 1437 2718 1510 ἦν.
2755 1441 2846 1510 Τῷ
2875 1458 2956 1492 τοι
2999 1440 3090 1492 καὶ
3126 1439 3416 1498 ἐνστάντος
3464 1453 3586 1487 καις

2007 1530 2100 1600 ροῦ
2129 1532 2432 1598 πρεσδείας
2465 1530 2602 1601 πρὸς
2638 1530 2882 1600 Ῥώμην,
2938 1529 3232 1598 ἀφειμένος
3261 1528 3372 1578 τῶν
3407 1525 3584 1579 ἄλλων

2003 1619 2030 1673 ό
2058 1621 2311 1692 βασιλεὺς
2339 1622 2479 1676 κατὰ
2509 1624 2728 1691 πεῖραν,
2761 1617 2936 1692 οἴμαι,
2985 1623 3146 1674 πλέον
3195 1622 3376 1690 ἐπεῖχε
3413 1617 3585 1687 τούτῳ

2005 1715 2074 1767 τὰ
2105 1713 2205 1781 τῆς
2236 1713 2537 1784 πρεσϐείας
2568 1713 2949 1778 ἀναδέξασθαι.
3013 1713 3100 1775 Ὠς
3131 1712 3186 1764 δὲ
3219 1710 3584 1782 προστάσσων

2007 1807 2161 1860 οὐδὲν
2197 1807 2328 1876 ἤνυε
2369 1807 2532 1861 πλέον
2555 1805 2651 1859 τοῦ
2681 1807 2855 1859 δοκεῖν
2886 1805 3055 1874 κωφῷ
3098 1804 3463 1876 προλέγεσθαι
3491 1803 3584 1856 καί

321 1913 420 1962 καὶ
452 1910 865 1980 ἀμφοτέρωθεν,
899 1910 962 1963 ἐκ
993 1928 1052 1963 τι
1096 1909 1362 1979 βασιλέως
1394 1906 1489 1961 καὶ
1517 1908 1626 1960 τῶν
1659 1905 1898 1976 πασχόν-
1931 1891 1970 1944 Β
2000 1913 2064 1967 γε
2096 1899 2282 1970 τυφλῷ
2302 1899 2381 1969 τῷ
2405 1899 2580 1970 τούτῳ
2597 1898 2886 1962 διανεύειν,
2917 1900 3010 1951 καὶ
3039 1898 3237 1967 ήαίτία
3264 1899 3361 1967 τῆς
3386 1913 3588 1964 παραι-

319 2017 454 2067 των,
483 2001 511 2053 ὁ
542 2003 693 2071 ὃχλος
725 2001 876 2070 αὐτῷ
909 2002 1248 2070 περιίστατο,
1306 2001 1515 2053 ἐκείνου
1561 2000 1657 2068 μὲν
1689 2000 1764 2063 ὡς
1800 1998 1900 2070 τὴν

320 2095 435 2145 τῶν
466 2095 685 2147 οἰκείων
719 2095 1059 2156 ἀπολωλότος
1091 2092 1324 2154 εὔνοιαν,
1357 2093 1466 2144 τῶν
1493 2094 1549 2145 δὲ
1579 2093 1671 2144 καὶ
1700 2093 1767 2145 δι’
1796 2093 1897 2145 αὐ⁹

319 2186 415 2239 τὴν
451 2187 772 2256 πασχόντων
805 2187 878 2256 μὴ
907 2187 1078 2242 ἐῶντα
1109 2189 1177 2238 τὰ
1200 2187 1565 2256 πεπραγμένα
1604 2185 1682 2254 τῷ
1717 2187 1898 2257 χρόνῳ

325 2276 533 2345 μᾶλλον
559 2276 956 2345 ὑποχαλᾶσϐαι.

319 2440 440 2497 κζ’.
481 2433 556 2488 Τὰ
581 2435 731 2489 κατά
760 2434 867 2487 τὸν
891 2437 1219 2559 .iorojlérnr
1244 2435 1349 2490 τοῦ
1391 2434 1632 2504 rerum?)
1660 2433 1896 2494 Μουζά-

1066 2524 1208 2559 ωνα.

1066 2524 1208 2562 (ora.

314 2649 323 2663 '
393 2639 570 2695 Τοῦτο
604 2641 802 2712 ξυνέϐη
862 2641 956 2695 καὶ
991 2642 1172 2705 ἄλλοις
1210 2641 1507 2709 πλείστοις,
1563 2642 1899 2713 ξυμϐεϐἡκει

322 2813 542 2868 fructus
590 2813 754 2882 hujus
787 2812 950 2884 495
981 2815 1234 2884 obsequii
1276 2830 1380 2870 non
1416 2831 1618 2885 parvus
1657 2816 1733 2871 illi
1768 2831 1900 2872 con.

318 2907 485 2961 stitit.
521 2903 655 2959 Nam
683 2915 957 2975 utcunque
984 2921 1094 2960 non
1144 2908 1410 2975 probabat
1433 2908 1731 2976 imperator
1761 2921 1898 2962 coa-

319 2996 645 3050 trovcrsiam
676 2995 744 3050 de
773 3000 1027 3064 dogmate
1055 2999 1284 3061 timveri.
1321 3006 1375 3054 et
1404 2999 1456 3052 in
1491 3001 1640 3066 pacis
1674 3001 1897 3068 negotio

319 3087 557 3142 ulterius
581 3102 694 3141 rem
730 3089 954 3156 provehi
993 3105 1156 3158 quam
1191 3100 1474 3160 pactorum
1499 3102 1900 3146 conventorum

2000 1992 2212 2060 τήσεως
2243 1992 2343 2044 οὐκ
2373 1992 2632 2061 ἠγνόητο,
2687 1991 2887 2044 αὐτίκα
2922 1990 3097 2060 θυμοῦ
3129 1991 3260 2057 πρὶν
3310 1991 3584 2060 ἐγκρατὴς

2000 2083 2078 2136 ὣν
2124 2084 2326 2152 ἡττᾶτο
2364 2083 2508 2148 τότε,
2536 2085 2628 2135 καὶ
2657 2083 2737 2152 τῷ
2781 2083 2994 2152 ἀδελφῷ
3023 2083 3357 2152 προστάξας,
3389 2083 3447 2135 ὃν
3485 2085 3582 2136 καὶ

1999 2176 2092 2228 ἐπὶ
2130 2177 2238 2228 τῶν
2283 2177 2604 2245 εἰσαγωγῶν
2661 2177 2828 2247 εἶχεν,
2894 2178 3102 2229 ἐκείνου
3165 2178 3584 2245 μεσιτεύσαντος

1999 2269 2096 2334 τὴν
2157 2267 2462 2336 ὑπηρεσίαν
2528 2267 2732 2330 πολλὰς
2769 2267 2862 2320 καὶ
2918 2268 3144 2338 βαρείας
3205 2269 3454 2328 ἐντείνει,
3505 2268 3585 2330 ὼς

2002 2359 2138 2428 μηδὲ
2169 2360 2269 2427 τὴν
2298 2361 2354 2411 ὲν
2386 2361 2544 2429 χερσὶ
2595 2359 2899 2428 βακτηρίαν
2950 2360 3190 2427 συνεχῶς
3237 2359 3582 2428 πλήττουσαν

1998 2451 2074 2518 τῷ
2113 2449 2234 2502 κατ’
2267 2453 2472 2504 ἐκείνου
2507 2451 2765 2520 βασιλείῳ
2812 2452 2969 2521 θνμῷ
3013 2455 3267 2522 ἀρκέσαι,
3303 2453 3439 2504 ἀλλὰ
3490 2453 3584 2503 καὶ

1999 2544 2202 2614 ταύτης
2255 2543 2598 2615 ἁπειπούσης
2640 2548 2705 2614 τῇ
2744 2544 2972 2613 θραύσει
3020 2545 3188 2615 ἄλλην
3221 2542 3582 2614 παραληφθῆ-

2001 2654 2109 2701 ναι,
2141 2637 2202 2690 τὸ
2235 2638 2452 2708 ἐκείνης
2477 2637 2638 2709 ἔργον
2665 2635 3188 2706 ἀναπληρώσουσαν.
3233 2635 3373 2690 Ἀλλ’
3399 2633 3497 2687 οὐκ
3515 2629 3586 2703 ἦν

2232 2813 2322 2866 ‘26.
2371 2814 2442 2866 De
2463 2813 2731 2881 logotheta
2773 2811 3008 2879 generali
3048 2810 3354 2862 Muzalone.

2075 2905 2149 2959 Ex
2239 2905 2370 2971 his,
2425 2915 2617 2974 praeter
2682 2903 2820 2957 alios
2881 2901 3146 2970 plurimos
3215 2897 3586 2954 stomachatus

2005 2998 2058 3052 in
2097 2997 2332 3053 Vecsum
2378 3011 2483 3051 non
2519 2997 2760 3065 impune,
2790 2997 2896 3048 duo
2951 3009 3061 3062 prae
3093 2992 3306 3046 ueteris
3341 2991 3582 3053 fuerunt,

2005 3091 2402 3145 Consmntimts
2471 3089 2781 3157 Acropolita
2847 3097 2900 3140 et
2959 3085 3282 3140 Theodorus
3345 3083 3584 3146 Muzalo,

321 3193 447 3232 cum
479 3177 692 3232 Latinis
714 3182 940 3246 praecise
973 3179 1302 3235 tuendorum
1360 3183 1663 3238 necessitas
1707 3197 1901 3252 posce-
1929 3225 1973 3286 C
2005 3198 2236 3252 quorum
2268 3223 2282 3247 ,
2345 3182 2643 3249 praesertim
2698 3177 3039 3240 Muzalonis,
3097 3191 3262 3231 caus
3325 3176 3414 3229 hic
3475 3188 3590 3227 me-

323 3279 446 3334 ret,
508 3286 726 3326 summa
793 3272 1027 3340 perstitit
1079 3275 1388 3328 constantia
1445 3274 1500 3328 in
1569 3276 1899 3345 protegendo

325 3361 530 3429 Vecco,
566 3379 752 3435 quem,
780 3372 838 3418 ut
869 3364 1006 3429 dixi,
1032 3365 1264 3432 publica;
1297 3367 1502 3436 passim
1527 3368 1761 3435 querela)
1791 3375 1904 3420 tra-

317 3455 602 3512 ducebant
644 3457 797 3527 quasi
837 3457 1043 3512 fontem
1092 3467 1257 3526 atque
1288 3469 1566 3513 auctorem
1615 3460 1904 3528 perturba-

321 3553 537 3606 tinuum
569 3553 949 3621 praesentium,
987 3551 1198 3608 idcirco
1229 3553 1372 3622 quod
1411 3553 1554 3607 haud
1606 3564 1904 3608 contentus

319 3654 608 3714 utcunque
669 3643 888 3698 tolerari
939 3645 1307 3714 usurparique
1344 3645 1730 3711 concordiam,
1775 3661 1908 3699 con—

319 3734 579 3790 tenderet
605 3735 832 3804 insuper
858 3736 1239 3792 demonstrare
1268 3747 1416 3791 recte
1442 3737 1649 3791 sentire
1675 3737 1910 3791 Latinos

319 3829 380 3881 in
410 3826 669 3896 dogmate
707 3826 776 3881 de
812 3828 1168 3894 processione
1220 3829 1398 3880 sancti
1434 3827 1700 3896 Spiritus,
1731 3841 1795 3881 ac
1820 3827 1906 3880 vix

322 3921 543 3988 culpam
574 3933 762 3973 eorum
804 3919 978 3974 levem
1005 3929 1328 3990 agnosceret
1361 3919 1630 3973 duntaxat
1691 3919 1912 3982 infaddi-

321 4011 476 4066 tione
507 4009 574 4065 ad
609 4011 918 4081 symbolum
951 4015 1296 4065 attentanda.
1327 4011 1451 4064 llzec
1514 4009 1914 4065 incredibiliter

320 4101 1040 4171 eﬂ‘erabantplerorumque
1089 4103 1324 4157 animos.
1361 4101 1671 4171 Opinioque
1717 4103 1915 4155 multos

327 4209 450 4246 rum
485 4206 593 4246 non
637 4192 1018 4260 inverisimilis
1064 4192 1189 4253 fuit.
1217 4194 1264 4248 si
1301 4196 1370 4246 ab
1401 4194 1488 4248 his
1526 4195 1741 4249 Vecens
1772 4203 1914 4248 tem-

324 4295 597 4356 perasset,
621 4287 864 4342 futurum
899 4285 1068 4342 fuisse
1103 4297 1162 4342 ut
1187 4288 1392 4342 sensim
1435 4287 1616 4347 fer,vor
1642 4288 1917 4342 schisma-

427 4387 846 4435 conseneceret
877 4387 932 4436 et
957 4389 1153 4434 cuncta
1189 4388 1430 4446 tempore
1456 4379 1520 4433 ad
1555 4378 1920 4446 tranquillita-

327 4483 438 4528 tem
473 4481 962 4541 componerentur.
1000 4473 1138 4528 Cum
1192 4474 1360 4542 igitur
1399 4489 1464 4526 ex
1513 4473 1600 4527 bis
1658 4473 1810 4526 fieret
1853 4479 1916 4525 ut

2005 3278 2205 3332 morari
2271 3291 2378 3331 non
2448 3276 2544 3329 abs
2622 3290 2679 3326 re
2741 3274 2936 3342 opinor
3004 3270 3186 3324 fuerit.
3263 3268 3465 3323 llorum
3520 3268 3590 3322 il-

2004 3370 2115 3423 lum
2151 3368 2374 3438 quidem
2405 3381 2435 3419 a
2487 3377 2640 3436 patre
2711 3369 2909 3435 Inagn'o
2971 3363 3246 3432 logotheta
3303 3369 3588 3428 acceptum

2005 3462 2264 3516 educarat
2326 3461 2465 3528 apud
2524 3473 2582 3512 se
2653 3455 3044 3524 inforniarique
3093 3454 3314 3524 optimis
3376 3452 3590 3507 artibus

2011 3565 2234 3607 curarat
2293 3553 2633 3619 imperator,
2691 3551 2904 3618 sibique
2988 3548 3097 3615 iam
3151 3548 3342 3600 intime
3389 3543 3581 3598 admo-

2010 3657 2122 3700 tum
2178 3644 2344 3715 496
2397 3645 2450 3697 in
2507 3641 2948 3696 familiarissimis
2975 3639 3234 3694 habebat.
3266 3637 3422 3692 Hunc
3455 3649 3590 3690 vero

2009 3739 2239 3791 ascitum
2299 3752 2365 3789 ex
2425 3737 2648 3788 militari
2706 3733 2918 3795 ordine,
2981 3739 3035 3783 et
3093 3730 3292 3784 litteris
3353 3743 3416 3783 ac
3467 3728 3586 3780 dis-

2011 3830 2226 3898 ciplinis
2265 3843 2367 3882 suo
2389 3837 2606 3896 sumptu
2641 3826 2852 3895 iussum
2889 3823 3080 3884 imbui,
3117 3822 3404 3891 logothelaa
3429 3833 3592 3889 gene-

2014 3922 2144 3976 ralis
2168 3920 2430 3987 dignitate
2459 3918 2818 3971 honoraverat
2839 3931 2852 3980 ;
2874 3915 3170 3980 eodemque
3185 3921 3346 3966 aucto
3369 3913 3593 3977 insuper

2017 4017 2068 4069 in
2109 4012 2407 4084 potentiam
2439 4011 2704 4065 afﬁnitate
2760 4008 3038 4077 spleiidida
3101 4008 3249 4074 (nam
3305 4005 3384 4058 illi
3419 4003 3587 4057 filiam

2017 4105 2386 4163 Cantacuzeni
2445 4104 2594 4159 dedit
2629 4100 2942 4172 conjugem)
2995 4089 3279 4169 principali
3341 4097 3594 4151 ministro

1983 4201 2002 4216 ’
2021 4205 2078 4258 in
2105 4203 2444 4272 publicarum
2475 4214 2658 4254 rerum
2686 4199 3079 4268 gubernatione
3106 4199 3380 4250 utebatur.
3416 4193 3594 4260 Atque

2019 4295 2074 4351 in
2110 4293 2420 4362 Acropolita
2451 4292 2670 4361 quidem
2699 4289 3014 4344 ulciscendo
3066 4290 3200 4341 iram
3229 4287 3282 4339 in
3325 4291 3594 4354 potestate

2021 4403 2178 4442 suam
2240 4385 2450 4448 habuit,
2512 4398 2619 4437 non
2680 4383 2910 4437 ulterius
2967 4380 3202 4437 smviens
3254 4393 3416 4446 quant
3467 4387 3592 4429 eum

2023 4479 2293 4548 privando
2355 4479 2476 4531 loco
2533 4476 2718 4546 gratiae
2775 4487 2935 4543 quem
2991 4474 3144 4542 prius
3176 4470 3442 4524 tribuerat
3473 4476 3527 4521 et
3564 4481 3594 4520 a

326 4566 572 4634 quotidie
615 4567 938 4620 l'ertiidiol'cs
969 4565 1194 4634 quidam
1234 4567 1354 4620 zelo
1411 4565 1722 4620 inconsulti)
1781 4579 1906 4631 PI'O-
1938 4559 1984 4617 θ
2012 4587 2103 4626 sua
2142 4571 2514 4624 familiaritate
2570 4568 2930 4622 removendo:
2960 4567 3014 4620 in
3048 4563 3387 4618 Muzaionem
3446 4569 3591 4613 totas

324 4666 651 4727 rumperent
699 4657 766 4712 ad
829 4657 1133 4727 negandam
1183 4658 1500 4726 imperatori
1541 4658 1908 4712 obedientiam

325 4752 382 4804 in
441 4751 507 4804 iis
540 4764 659 4818 qua
712 4749 779 4803 ad
847 4748 1248 4826 observandam
1311 4764 1500 4817 pacem
1549 4749 1706 4815 jux'a
1757 4761 1913 4818 pacta

327 4841 735 4913 praescribebat.
764 4840 1036 4909 iidemque
1083 4841 1447 4908 patriarcham
1501 4841 1794 4910 transfugii
1845 4841 1912 4896 ad

331 4945 515 5005 partes
557 4932 876 4989 Latinorum
911 4934 1364 4997 criminarentur,
1403 4921 1720 5002 imperator
1781 4950 1917 4989 con-

327 5027 499 5083 temni
527 5039 587 5082 se
633 5025 1002 5081 inobedientia
1047 5025 1393 5081 subditorum
1425 5029 1721 5096 patientius
1783 5028 1920 5082 tole.

329 5134 478 5183 rans,
500 5119 571 5172 ita
589 5117 974 5173 exardescebat
1001 5131 1100 5186 pro
1122 5119 1436 5186 patriarcha
1464 5127 1519 5170 ut
1543 5119 1678 5173 istas
1705 5121 1755 5173 in
1785 5134 1914 5174 eum

329 5213 564 5281 jactatas
586 5209 968 5264 accusationes
1013 5218 1188 5263 morte
1228 5210 1390 5277 pejus
1425 5211 1668 5264 aversari
1703 5210 1919 5265 videre.

330 5315 446 5359 tur.
477 5303 614 5359 Cum
644 5313 825 5357 autem
859 5302 965 5356 hoc
1005 5302 1228 5357 nomine
1262 5303 1612 5358 vehementer
1644 5304 1917 5358 irascere-

332 5407 423 5452 tur
452 5397 667 5452 cunctis
699 5409 767 5448 ex
806 5408 1134 5464 quocunque
1176 5394 1370 5448 ordine
1418 5408 1483 5448 ac
1531 5410 1731 5464 genere
1760 5433 1775 5458 ,
1822 5396 1916 5465 qui

336 5490 463 5546 talia
493 5496 924 5550 murmurat-ent,
956 5495 1070 5541 tum
1105 5487 1566 5556 impotentissime
1591 5487 1919 5557 indignaba-

335 5598 424 5642 tur
461 5581 679 5650 quoties
716 5579 772 5634 id
820 5580 944 5636 illos
983 5560 1141 5651 agere
1170 5579 1413 5644 videbat,
1468 5594 1608 5649 quos
1655 5581 1921 5635 cliaritate

335 5676 604 5744 pracipes
635 5675 954 5744 complexus
984 5674 1282 5729 educasset
1313 5688 1343 5726 a
1384 5674 1594 5741 pueris,
1619 5674 1918 5728 extulisset

346 5765 671 5828 honoribus,
704 5764 939 5834 ideoque
997 5763 1062 5817 ad
1099 5764 1314 5835 quidvis
1357 5763 1462 5818 sibi
1497 5764 1916 5831 obsequendum

337 5856 653 5931 ingentibus
683 5859 787 5914 sibi
818 5865 1138 5915 auctoratos
1167 5857 1450 5915 beneficiis
1475 5858 1749 5913 crederet.

2021 4664 2264 4718 habenas
2302 4661 2597 4716 iracundiae
2629 4660 2848 4713 laxavit.
2896 4657 3028 4710 Cum
3069 4657 3215 4710 enim
3263 4669 3385 4707 eum
3433 4666 3599 4708 occa-

2021 4757 2174 4812 siOne
2229 4754 2370 4808 forte
2447 4754 2688 4807 instante
2752 4749 2998 4804 mittendi
3070 4748 3272 4815 legatos
3339 4744 3594 4807 Romam,

2020 4847 2360 4918 explorandi,
2419 4855 2479 4900 ut
2509 4847 2725 4914 opinor,
2759 4841 2876 4912 ejus
2906 4839 3073 4894 animi
3119 4839 3291 4908 gratia
3334 4846 3444 4906 prae
3493 4851 3600 4888 ea:-

2024 4940 2159 4994 teris
2191 4939 2480 4993 invitasset
2509 4937 2572 4990 ad
2607 4936 2770 4989 istam
2812 4933 3132 5003 legationem
3161 4925 3600 4998 suscipiendam,

2021 5045 2076 5087 et
2100 5032 2191 5086 ille
2253 5039 2477 5099 propter
2510 5025 2765 5082 videlicet
2813 5022 3072 5078 omnibus
3132 5021 3320 5074 notaui
3382 5017 3506 5083 ejus
3568 5032 3602 5068 a

2022 5123 2229 5178 Latinis
2278 5131 2332 5176 et
2382 5136 2410 5174 a
2467 5118 2764 5174 concordia
2798 5130 2920 5169 cum
2956 5113 3086 5183 ipsis
3116 5109 3457 5165 aversionem
3497 5107 3597 5160 ad-

2024 5215 2240 5270 mittere
2272 5213 2560 5282 praefracte
2590 5217 2920 5271 recusasset,
2950 5220 3013 5259 ac
3046 5217 3114 5258 ne
3135 5199 3351 5257 iteratis
3379 5199 3603 5269 quidem

2025 5309 2180 5376 apud'
2207 5306 2384 5376 ipsum
2421 5305 2488 5357 de
2543 5301 2647 5355 hoc
2679 5297 2954 5353 instantiis
2983 5296 3102 5365 plus
3135 5291 3460 5364 profecisset
3490 5291 3601 5344 im-

2025 5409 2246 5467 perator
2277 5411 2442 5466 quam
2477 5395 2524 5451 si
2559 5395 2727 5450 surdo
2755 5399 2977 5449 caneret
3003 5398 3100 5445 aut
3137 5391 3385 5444 innueret
3429 5401 3602 5450 caeco,

2027 5488 2094 5542 ad
2149 5496 2456 5543 extremum
2507 5487 2656 5540 omni
2715 5500 2952 5541 excussa
3004 5482 3173 5553 priori
3225 5480 3600 5536 moderatione

2026 5579 2450 5639 excandescens,
2491 5577 2710 5632 fratrem
2743 5579 2880 5644 ejus,
2908 5562 3068 5645 quom
3105 5573 3206 5628 sibi
3235 5570 3600 5627 admiSsiona-

2027 5669 2153 5734 lem,
2197 5669 2374 5739 ipsius
2401 5668 2878 5723 commendatione
2915 5666 3138 5729 fecerat,
3169 5664 3402 5718 accitum
3430 5663 3602 5714 corri-

2026 5777 2161 5833 pere
2191 5761 2392 5817 fustem
2419 5762 2568 5830 jubet
2601 5776 2874 5830 suumque
2899 5772 3217 5830 germanum
3261 5754 3605 5811 validissime

2031 5855 2271 5928 pulsare.
2303 5854 2458 5912 Fecit
2506 5854 2560 5911 id
2611 5853 2703 5908 ille
2735 5868 2841 5908 non
2877 5848 3269 5924 perfunctorie,
3320 5851 3608 5917 spectante
