3964 6504
347 367 456 428 959

1556 375 1884 436 GEORGII
1922 376 2414 473 PACI-IYMEB/E

3499 372 3613 437 960

340 482 538 554 ἐκείνῳ
555 481 624 537 τὰ
652 482 753 556 τῆς
784 487 1056 558 τιμωρίας
1080 487 1139 552 ις
1167 488 1307 557 τόδε,
1331 489 1468 546 ἀλλὰ
1499 493 1595 547 καὶ
1620 494 1728 548 ἀπὸ
1749 509 1918 564 προσ-
1949 511 1993 568 Α
2025 493 2208 565 ﬁdele,
2238 493 2494 564 βασιλεὺς
2540 493 2597 549 δὲ
2626 492 2689 549 οὗ
2714 491 2775 548 τδ
2823 491 2910 562 ἐφ’
2939 489 3136 548 ἑαυτοῦ
3169 491 3330 564 μόνον
3355 488 3610 563 προορώ-

338 573 492 628 ώπου
521 573 698 628 εποίει
737 576 832 631 καὶ
859 579 961 648 τῆς
989 577 1099 632 τῶν
1123 580 1322 634 κοινῶν
1375 583 1651 653 μεσιτείας
1683 603 1924 656 παρακι-

336 667 449 720 νεῖν
471 666 573 721 οὐκ
593 667 859 723 ἀπώκνει.
887 669 996 724 Καό⁵
1020 673 1452 744 παρεωραμένος
1474 676 1701 732 διετέλει
1730 677 1926 749 μέχρις

337 753 398 814 οὗ
422 759 800 831 οίκειοχείροις
826 761 1151 830 ἀσφαλείαις
1174 764 1250 836 μὴ
1281 765 1442 835 μόνον
1467 771 1787 839 προσήκατο
1824 771 1925 841 τὴν

337 855 585 924 εἰρήνην,
633 854 771 908 ἀλλὰ
817 856 938 912 καὶ,
981 855 1142 911 πλέον
1172 854 1239 929 ἦν
1280 859 1522 932 ἕτοιμος,
1579 863 1629 917 εί
1687 862 1923 930 κελεύοι,

337 948 619 1018 πράττειν.
662 948 722 1003 Ὀ
749 947 806 1003 δὲ
837 951 952 1013 τοῖς
981 949 1082 1020 μὲν
1107 950 1375 1022 παροῦσιν
1426 953 1790 1025 ἀρκούμενος,
1825 954 1928 1008 ἐπὶ

339 1039 397 1092 δὲ
433 1040 494 1094 τὺ
526 1039 688 1095 πλέον
719 1040 932 1094 ἑκείνου
983 1041 1085 1112 μὲν
1131 1043 1438 1112 καταγνοὺς
1462 1043 1625 1115 δῆθεν
1649 1044 1724 1108 ὥς
1754 1061 1924 1099 κατα-

278 1206 287 1221 ῑ
341 1133 642 1204 ψυχθέντος
674 1132 766 1188 τὸν
825 1132 1009 1202 ζῆλον,
1067 1133 1262 1189 ἑαυτὸν
1315 1135 1373 1189 δὲ
1431 1135 1556 1206 μηδ’
1596 1135 1928 1207 ἀνεχόμενον

277 1232 289 1243 ’
341 1225 634 1296 παριστῶν
653 1224 791 1288 ὅλως
818 1225 1181 1297 παραϐαίνειν
1203 1227 1367 1282 πλέον
1385 1227 1496 1282 τῶν
1520 1227 1927 1300 συγκειμένων,

337 1317 636 1386 δεξάμενος
694 1313 851 1380 αὖθις
899 1318 1013 1381 τοῖς
1055 1317 1352 1388 πραχθεῖσι
1429 1318 1611 1390 μόνοις
1665 1318 1930 1390 ἐμμένειν

341 1409 660 1482 ὶπήγγειλε.

343 1566 449 1632 κζ’.
493 1566 698 1632 Ὅπως
730 1565 798 1620 ἐκ
826 1565 1060 1630 δύσεως
1110 1563 1486 1634 ὑπέστρεφεν
1540 1566 1574 1618 ὀ
1633 1567 1935 1634 Πορφυρο-

511 1637 820 1708 γέννητος,
850 1635 951 1690 καί
990 1636 1062 1690 τὰ
1085 1636 1234 1688 κατά
1257 1635 1365 1688 τὸν
1391 1633 1776 1703 Κοτανιτζῆνι

419 1771 502 1845 [Ρ.
536 1771 666 1844 539]
719 1770 828 1826 Τοῦ
882 1771 926 1823 δ’
961 1769 1130 1826 αὐτοῦ
1175 1769 1334 1834 ἔτους
1379 1769 1715 1843 ὑποστρέφει
1751 1770 1851 1840 μὲν
1871 1768 1932 1836 ἐξ

2028 600 2191 655 μενος
2236 585 2319 648 εἷς
2372 601 2432 637 τε
2461 583 2563 655 τὴν
2593 583 2690 638 ἀπ’
2724 583 2934 647 ἑκείνου
2980 581 3223 637 δουλείαν
3254 583 3349 635 καὶ
3381 581 3440 634 τὺ
3468 581 3606 650 ἑξῆς

2027 679 2167 750 πρὸς
2194 677 2412 732 εὖνοιαν
2440 677 2768 741 ἀδολίευτον,
2803 675 2940 732 ἀλλὰ
2984 676 3079 729 καὶ
3106 674 3178 728 τὰ
3207 674 3306 743 ὀψὲ
3331 674 3440 727 τῶν
3467 690 3604 726 και-

1994 768 2140 838 Δρῶν
2194 767 2568 838 σκοπούμενος
2618 764 2920 835 ικτυφλοῦν
2990 759 3278 818 ἐϐούλετοδ
3325 763 3462 833 μηδὲ
3491 763 3611 832 γὰρ

2028 860 2192 914 αὑτὸν
2211 859 2457 929 ὀμνύειν,
2490 859 2568 921 ὡς
2593 859 2881 929 δπιορκίας
2927 858 3158 922 ἁλῶναι,
3203 856 3343 910 ἀλλὰ
3365 855 3456 909 τὸν
3483 853 3612 908 υίὺν

2027 952 2170 1021 ὑπὲρ
2207 950 2373 1006 αὐτοῦ
2408 951 2544 1022 μηδὲ
2595 950 2975 1015 συειαινοῦντος
3021 952 3183 1014 ὅλως.
3215 950 3321 1003 Τδν
3343 949 3401 1002 δὲ
3432 946 3614 1001 κακον

2028 1040 2289 1112 προεώρα
2335 1043 2527 1104 κακὸν,
2575 1041 2634 1096 οὐ
2671 1042 2864 1114 θεσμῷ
2893 1042 3171 1111 μαντεξας,
3233 1040 3366 1094 ἀλλὰ
3397 1039 3614 1108 φυσικῇ

2027 1133 2227 1200 γνώσει
2266 1133 2514 1202 προορῶν
2552 1132 2612 1186 τὸ
2647 1132 2877 1203 μέλλον*
2911 1131 3004 1186 τὸν
3057 1133 3168 1203 γὰρ
3198 1131 3292 1184 τοῦ
3322 1129 3619 1201 λῃστεύειν

2030 1227 2110 1289 είς
2131 1227 2328 1296 πεῖραν
2359 1225 2564 1295 ἥκοντα
2618 1225 2784 1296 μηδὲν
2817 1225 3019 1294 όρμαῖς
3067 1223 3256 1293 ἑτέρου
3289 1222 3620 1276 δουλεύοντα

2030 1318 2332 1386 ἀγαπῆσαι.
2393 1318 2484 1382 Ὦς
2533 1316 2666 1386 γοῦν
2722 1317 3077 1384 ἀμεταθέτως
3127 1313 3623 1386 εἷχενόβασιλεῦς

2028 1406 2126 1459 ἐπὶ
2177 1405 2372 1476 τούτῳ,
2427 1407 2525 1460 καὶ
2573 1406 2668 1462 τὸν
2695 1407 2812 1460 υίὸν
2853 1408 2980 1467 τοὺς
3006 1407 3206 1476 ὅρκους
3257 1405 3623 1474 προτείνοντα

2027 1498 2165 1562 ὅλως
2221 1499 2507 1570 ἐπιορκίας
2557 1501 2872 1570 ἀπήλλαττε
2920 1499 3102 1568 λόγοις
3151 1497 3347 1567 (αὐτὸν
3376 1497 3474 1549 καὶ⁵
3499 1498 3622 1566 γὰρ

2031 1590 2322 1660 φυλάττειν
2349 1591 2477 1656 τοὺς
2501 1591 2699 1662 ὅρκους
2733 1591 2808 1654 ὡς
2847 1590 2986 1661 μηδὲ
3010 1589 3331 1659 προδιδόντα
3366 1590 3399 1658 ἦ
3425 1605 3561 1641 συνα
3572 1605 3626 1640 ι-

2031 1680 2228 1736 νοῦντα
2257 1681 2317 1736 τὸ
2346 1682 2598 1754 σύμπαν,
2637 1683 2832 1754 εκείνῳ
2864 1682 2910 1736 δ’
2938 1682 3054 1736 ὄντι
3098 1682 3210 1736 τῶν
3237 1682 3416 1752 ὅρκων
3458 1681 3625 1734 ἐλευο

2033 1774 2179 1846 θέρῳ
2208 1775 2512 1839 ἀκινδύνως
2539 1776 2806 1846 πράττειν
2855 1775 3117 1844 ἐξεῖναι),
3172 1775 3424 1828 ἀπειπὼν
3473 1775 3626 1844 πρὸς

344 1865 614 1934 ἀνατολῆς
660 1867 688 1920 ὁ
749 1863 1000 1936 βασιλεὺς
1057 1862 1404 1933 Ἀνδρόνικος
1433 1899 1450 1926 ν
1495 1863 1598 1932 τὴν
1642 1863 1930 1917 δέσποιναν
1963 1862 2005 1919 Β
2032 1869 2160 1932 τοὺς
2187 1869 2380 1938 λόγους
2403 1868 2500 1923 καὶ
2517 1869 2618 1936 τὴν
2654 1867 2797 1937 ὑπὲρ
2830 1866 2926 1920 τοῦ
2963 1867 3142 1920 ίκέτου
3182 1866 3421 1919 ἱκετείαν
3445 1865 3622 1920 ἀσθεο

345 1959 526 2013 ἐκεῖσε
543 1955 881 2022 καταλιπὼν,
905 1955 1138 2026 ἀνήγετο
1163 1954 1220 2008 δὲ
1252 1953 1360 2026 πρὸ
1389 1953 1580 2008 τούτου
1616 1956 1712 2008 καὶ
1733 1955 1798 2008 ὲκ
1831 1952 1927 2008 δύο

348 2067 489 2114 σεως
519 2052 547 2104 ὁ
585 2050 1122 2121 Πορφυρογίννητος,
1153 2048 1305 2102 οὐδὲν
1336 2048 1413 2110 εἰς
1439 2047 1700 2118 τρόπαιον
1743 2046 1927 2115 φέρων

347 2142 383 2212 ἢ
417 2143 509 2197 τὸν
532 2142 874 2212 Κοτανίτζην
901 2141 1008 2196 ὑπὸ
1026 2145 1187 2211 χεῖρα
1211 2139 1584 2210 ποιησάμενος
1613 2139 1928 2208 ὁμολογίαις

348 2236 594 2308 ινόρκοις
614 2237 709 2290 τοῦ
732 2237 899 2306 μηδέν
921 2252 976 2288 τι
999 2234 1194 2288 παθεῖν
1220 2235 1284 2286 ὲκ
1307 2233 1573 2304 βασιλέως
1607 2233 1927 2302 ἀνήκεστον.

352 2327 522 2382 Καὶὸ
579 2327 678 2398 μὲν
727 2325 985 2398 ἐμμένων
1016 2327 1128 2388 τοῖς
1161 2325 1348 2395 ὅρκοις
1379 2324 1436 2387 ἐς
1493 2322 1648 2385 τέλος
1682 2320 1931 2393 εὐορκεῖν

356 2506 710 2577 i‘nstanteque
757 2515 868 2559 tam
919 2503 1327 2572 ineXplebiliter
1373 2503 1642 2572 Augusto,
1683 2507 1747 2555 ut
1805 2513 1932 2554 cum

358 2597 589 2654 baculus
648 2598 703 2652 in
761 2596 1044 2652 tundentis
1101 2611 1266 2652 manu
1321 2593 1665 2651 vehementia
1725 2594 1934 2648 ictuum

361 2688 574 2744 fractus
625 2688 940 2744 dissiliisset
996 2689 1048 2742 in
1087 2688 1284 2747 frusta,
1338 2686 1581 2741 nondum
1612 2686 1689 2739 ira
1737 2685 1934 2740 satiata

361 2782 507 2838 sumi
537 2783 771 2837 alterum
824 2780 1056 2851 jusserit
1089 2781 1385 2850 plagasque
1423 2777 1784 2834 accumulari.
1827 2774 1939 2830 Ne-

362 2891 469 2945 que
497 2875 589 2930 hic
618 2875 824 2929 infelici
875 2873 1144 2929 malorum
1198 2873 1346 2928 ﬁnis.
1381 2871 1646 2927 Eumdem
1701 2878 1755 2926 et
1779 2885 1810 2924 a
1838 2884 1940 2924 suo

361 2975 657 3038 conspectu
684 2977 738 3022 et
769 2967 839 3022 ab
872 2966 1351 3021 administratione
1380 2979 1564 3020 rerum
1613 2969 1851 3017 amovet.
1879 2959 1937 3015 ln

365 3074 540 3130 eoque
570 3059 688 3128 ejus
718 3057 979 3124 despectu
1003 3055 1394 3127 perseveravit,
1420 3053 1600 3124 quoad
1638 3053 1728 3108 ille
1762 3052 1940 3106 victus

365 3152 524 3206 malis
549 3160 603 3206 et
635 3150 836 3218 prioris
861 3149 1095 3203 fortunae
1121 3147 1460 3204 desiderium
1494 3161 1600 3200 non
1654 3144 1839 3200 ferens
1872 3143 1937 3196 ad

369 3258 562 3312 preces
611 3243 832 3299 infimas
891 3241 1196 3306 descendit,
1249 3241 1636 3307 declarataque
1661 3252 1940 3308 perperam

367 3346 617 3396 actorum
673 3337 1020 3406 poenitentia,
1054 3343 1110 3389 et
1164 3333 1375 3388 idoneis
1407 3331 1562 3402 (ιυκεί
1619 3330 1847 3384 vadibus
1881 3343 1945 3383 ac

369 3431 693 3500 pignoribus
739 3429 808 3484 de
855 3443 916 3483 se
955 3427 1122 3491 datis,
1171 3426 1512 3482 exhibitione
1535 3422 1943 3480 contrariorum

369 3536 598 3591 operum
656 3531 712 3576 et
756 3536 1043 3583 sensuum,
1074 3519 1234 3574 [idem
1264 3518 1520 3588 promissi
1581 3516 1709 3570 fecit
1747 3529 1855 3585 quo
1889 3527 1949 3568 se

370 3613 745 3684 obstringebat
765 3630 874 3669 non
896 3613 1072 3669 solum
1109 3612 1177 3668 ad
1201 3610 1459 3680 deinceps
1483 3604 1946 3676 acquiescendum

375 3709 521 3778 paci,
553 3706 648 3762 sed
677 3714 731 3762 et
757 3706 800 3760 si
833 3706 964 3776 quid
995 3703 1231 3761 ulterius
1254 3719 1321 3758 eo
1352 3703 1405 3756 in
1470 3716 1671 3773 genere
1703 3700 1948 3769 Augusto

372 3799 528 3854 cordi
593 3808 764 3863 esset,
811 3798 948 3852 citra
1012 3796 1178 3850 ullam
1242 3793 1626 3862 exceptionem
1660 3789 1823 3860 497
1855 3795 1951 3842 aut

375 3906 586 3947 moram
623 3888 1116 3958 obtemperandum
1166 3885 1382 3942 cunctis
1430 3882 1821 3954 quaejuberet.
1890 3879 1948 3934 in

377 3983 484 4038 huc
532 3997 749 4053 quoque
798 3980 1023 4044 nimius,
1060 3989 1121 4033 ut
1157 3978 1455 4047 imperator
1487 3977 1604 4044 ipse
1655 3972 1949 4042 judicavit,

377 4074 472 4144 qui
529 4073 676 4144 quod
710 4073 1043 4129 atterebatur
1095 4081 1324 4126 eatenus
1355 4069 1621 4123 duntaxat
1672 4066 1952 4133 accipiens

381 4177 442 4222 ut
470 4167 814 4220 Muzalonem
851 4174 1102 4235 perstare
1149 4164 1414 4235 deinceps
1464 4163 1519 4216 in
1553 4158 1779 4213 statutis
1802 4160 1950 4213 circa

378 4273 568 4328 pacem
598 4255 965 4314 Ecclesiarum
998 4256 1279 4324 gauderet,
1338 4254 1666 4323 improbavit
1697 4253 1841 4322 apud
1895 4266 1957 4308 se

384 4349 626 4419 graviter
656 4347 1110 4418 praeparationem
1173 4345 1344 4400 animi
1399 4360 1563 4414 quam
1631 4341 1957 4399 ostendebat

385 4442 453 4496 ad
485 4441 737 4502 ulterius,
787 4439 834 4492 si
865 4439 1174 4509 juberetur,
1207 4438 1695 4510 progrediendum.
1737 4436 1792 4491 in
1844 4449 1956 4515 quo

2026 1960 2226 2016 νοῦσαν
2277 1961 2422 2032 ὁρῶν
2449 1962 2478 2015 ὁ
2505 1960 2801 2032 δεξάμενος
2845 1959 3046 2030 βουλὴν
3081 1961 3299 2027 εἰσάγει
3325 1958 3408 2029 τῷ
3430 1958 3624 2012 κινδυ-

2028 2052 2240 2106 νεύοντι
2285 2055 2624 2121 καταφυγεῖν
2657 2051 2795 2123 πρὸς
2841 2050 2902 2104 τδ
2936 2051 3124 2106 Μέλαν
3156 2052 3248 2105 καὶ
3279 2053 3348 2104 τὰ
3378 2051 3488 2105 τῶν
3520 2069 3630 2121 μοι

2029 2143 2208 2212 ναχῶν
2233 2143 2638 2214 ἀμφιέσασθαι,
2691 2144 2743 2196 εῐ
2782 2160 2902 2206 πως
2937 2141 3189 2196 ἐντεῦθεν
3238 2142 3439 2214 σωθείη
3463 2159 3477 2173 ο
3536 2140 3625 2213 τῷ

2029 2239 2143 2308 γὰρ
2177 2236 2325 2302 ἅπαξ
2376 2237 2446 2291 τὰ
2486 2237 2581 2291 τοῦ
2635 2237 2846 2307 κόσμου
2903 2237 3226 2306 ὁμολογίαις
3278 2237 3618 2306 ἀποθεμένῳ

2032 2331 2291 2400 φρικταῖς
2319 2329 2394 2398 μὴ
2417 2328 2484 2383 ἄν
2509 2346 2632 2382 τινα
2660 2329 2886 2383 δυνατδιν
2915 2323 3054 2381 εἶναι
3079 2328 3338 2391 ὑπόπτως
3370 2329 3517 2399 ἔχειν
3537 2329 3621 2390 ὡς

2034 2503 2331 2562 Occidente
2362 2506 2886 2578 Porphyrogenitus,
2949 2506 3088 2562 nihil
3141 2507 3208 2560 ad
3249 2515 3516 2576 trOpaeum
3543 2507 3627 2562 fe-

2035 2615 2185 2658 rens.
2218 2600 2336 2656 Non
2360 2601 2506 2656 enim
2551 2601 2696 2656 bello
2738 2600 2966 2666 vicerat,
2998 2601 3093 2656 sed
3144 2601 3290 2654 ultro
3313 2600 3626 2669 subjectum

2037 2695 2291 2764 potestati
2319 2695 2440 2764 ejus
2469 2693 2812 2748 Cotanitzam
2851 2708 3036 2747 secum
3064 2691 3293 2758 ducens,
3329 2703 3626 2763 postquam

2037 2787 2088 2842 ei
2114 2785 2481 2856 jurejurando
2515 2793 2740 2840 caverat
2774 2786 2912 2839 nihil
2949 2787 3102 2840 illum
3144 2801 3310 2856 grave
3341 2787 3410 2840 ab
3446 2787 3624 2856 impe—

2039 2885 2224 2933 ratore
2301 2892 2620 2947 passurum.
2681 2879 2757 2932 Ac
2819 2877 3330 2949 Porphyrogenitus
3398 2879 3624 2949 quidem

2039 2980 2305 3041 quantum
2331 2972 2388 3025 in
2427 2972 2544 3038 ipso
2582 2979 2724 3032 erat,
2751 2965 3014 3040 pristare
3053 2971 3296 3040 juratam
3364 2972 3522 3026 [idem
3556 2973 3624 3026 ad

2040 3073 2348 3119 extremum
2397 3063 2638 3133 volebat.
2672 3061 2976 3132 Imperator
3004 3071 3188 3117 autem
3253 3064 3625 3118 turbulentum

2045 3158 2347 3214 Cotanitzte
2378 3155 2657 3225 ingenium
2707 3157 2846 3210 satis
2877 3165 3224 3225 perspectum
3285 3155 3515 3221 habens,
3570 3165 3628 3212 et

2051 3261 2368 3317 quanquam
2423 3247 2477 3299 in
2520 3245 2808 3315 praesentia
2840 3246 2972 3298 nihil
3010 3246 3081 3299 ab
3115 3259 3180 3299 eo
3215 3245 3514 3300 timendum
3545 3247 3628 3300 vi-

2049 3342 2222 3405 deret,
2259 3339 2313 3393 in
2354 3347 2634 3408 posterum
2664 3337 3008 3406 providenter
3038 3348 3288 3393 metuens
3316 3353 3384 3393 ne
3405 3346 3623 3408 captato

2049 3433 2345 3502 aliquando
2413 3441 2658 3500 tempore
2711 3430 2985 3499 negotium
3047 3431 3246 3485 haeredi
3305 3430 3622 3498 lacesseret,

2049 3526 2406 3596 depositaque
2463 3522 2715 3590 obsequii
2764 3523 2936 3588 larva,
2995 3539 3160 3594 quam
3202 3526 3252 3578 ei
3313 3523 3625 3594 desperatio

2050 3634 2233 3674 rerum
2267 3632 2492 3672 suarum
2527 3617 2730 3670 utiliter
2759 3617 2948 3679 modo.
2969 3616 3262 3681 induisset,
3294 3618 3360 3671 ad
3409 3617 3626 3674 fraudes

2051 3711 2445 3783 perﬁdiamque
2467 3712 2658 3766 solitas
2705 3711 3099 3773 revolveretur,
3153 3723 3483 3781 praevertere
3521 3713 3628 3767 lor-

2051 3802 2310 3856 midatam
2341 3801 2634 3872 perniciem
2666 3801 2905 3870 suspecti
2942 3801 3136 3869 capitis
3151 3802 3516 3856 exr-mcatione
3531 3818 3626 3856 cu-

2051 3894 2258 3963 piebat.
2291 3891 2402 3948 Nec
2435 3893 2578 3948 enim
2631 3908 2740 3960 quo
2798 3891 2981 3947 minus
3017 3892 3069 3945 id
3113 3901 3317 3960 ageret,
3367 3895 3627 3964 religione

2053 3986 2381 4042 Sacramenti
2433 4001 2492 4040 se
2547 3985 2720 4039 teneri
2771 3985 3100 4051 disserebat,
3134 3986 3324 4054 utique
3351 4003 3476 4041 cum
3519 4005 3625 4043 non

2055 4078 2170 4142 ipse
2202 4077 2466 4146 jurasset,
2505 4075 2599 4129 sed
2635 4075 2843 4143 absque
2893 4075 3051 4144 jussu
3106 4091 3493 4146 consensuque
3531 4094 3629 4132 suo

2056 4170 2240 4235 (ilius;
2291 4168 2380 4222 cui
2420 4167 2588 4238 498
2633 4166 2903 4221 suﬂiceret
2957 4166 3024 4221 ad
3050 4168 3436 4222 exsolvendam
3471 4169 3627 4223 ﬁdem

2057 4261 2334 4317 abstinere
2389 4261 2568 4330 ipsum
2618 4275 2646 4314 a
2697 4259 2943 4328 supplice
2978 4260 3282 4324 multamlo,
3316 4277 3425 4315 non
3481 4263 3544 4316 ad
3573 4277 3630 4317 se

2057 4361 2322 4424 prazterea
2356 4354 2631 4423 pertinere
2664 4351 3050 4412 arbitrantem,
3082 4351 3127 4405 si
3161 4352 3294 4419 quid
3334 4353 3482 4406 aliud
3535 4368 3630 4408 suo

2062 4443 2297 4512 quodam
2329 4441 2566 4496 consilio
2587 4450 2741 4510 pater
2768 4440 3111 4495 decerneret.
3145 4440 3268 4494 Mali
3323 4455 3491 4509 porro
3518 4457 3632 4510 pra~

384 4530 881 4596 animadvertebat,
917 4545 1024 4584 non
1050 4529 1166 4585 sine
1206 4533 1373 4585 tacito
1406 4539 1746 4598 contemptu,
1795 4527 1955 4581 refri-
1989 4537 2032 4592 υ
2064 4535 2224 4604 vique
2274 4533 2552 4588 hominem
2613 4533 2781 4586 animi
2823 4540 2878 4586 et
2929 4547 3054 4586 esse
3116 4543 3170 4586 et
3232 4531 3345 4584 fore
3401 4532 3633 4586 Cotauit-

383 4624 541 4680 lisse
565 4623 741 4678 zelum
777 4623 894 4690 ejus
958 4638 1133 4692 usque
1162 4622 1227 4677 ad
1259 4621 1654 4677 relaxationetn
1696 4633 1954 4674 necessa-

386 4717 484 4770 riae
512 4717 859 4778 constantiae,
886 4730 1052 4784 quam
1082 4714 1136 4768 in
1167 4714 1331 4770 rebus
1359 4712 1638 4783 religionis
1699 4711 1958 4766 invictam

385 4807 647 4863 exhibere
667 4806 968 4864 Christiani
1014 4814 1100 4862 est
1123 4805 1310 4864 olilcii.
1363 4807 1484 4876 Ipse
1523 4818 1686 4875 porro
1727 4804 1962 4872 impera-

391 4914 480 4959 tor
507 4915 562 4960 et
594 4911 722 4959 tunc
751 4913 804 4959 et
839 4920 1052 4974 semper
1085 4904 1222 4959 alias
1261 4919 1370 4972 pra:
1399 4919 1458 4957 se
1513 4901 1636 4955 tulit
1665 4901 1962 4955 abhorrere

389 4999 617 5055 omnino
643 5015 702 5054 se
729 5014 758 5052 a
790 4998 909 5068 plus
953 4997 1308 5053 concedendo
1339 4994 1545 5048 Latinis
1578 5008 1740 5062 quam
1791 5007 1964 5060 quan-

391 5097 504 5142 tum
555 5097 712 5142 erant
757 5087 1220 5142 conventionibus
1288 5083 1557 5154 stipulati.
1621 5082 1960 5136 Muzalonem

389 5178 558 5248 igitur
585 5179 637 5232 in
665 5178 846 5232 locum
879 5179 1170 5248 pristinum
1199 5177 1487 5245 recipiens,
1507 5174 1672 5241 jus~it
1692 5190 1756 5228 ea
1784 5173 1960 5228 solum

390 5269 721 5324 inconcussa
771 5280 958 5326 tenere
1002 5269 1057 5322 in
1092 5284 1214 5339 qua:
1241 5268 1498 5336 utrinque
1546 5280 1576 5319 a
1609 5264 1960 5321 concordiam

391 5362 755 5418 tractantibus
772 5368 1130 5418 convenerat.

393 5525 485 5580 2⁵1.
530 5523 600 5580 Ut
623 5540 688 5579 ea:
713 5524 994 5581 Occidente
1030 5525 1242 5648 tgdierit
1285 5524 1799 5594 Porphyrogenitus,‘
1827 5530 1874 5574 et
1903 5523 1966 5574 de

537 5609 544 5616 ‘
1081 5605 1335 5648 otantlza.

537 5609 544 5616 ’
1034 5605 1335 5650 Columna.

472 5733 671 5788 Eodem
706 5748 849 5787 anno
878 5732 1038 5787 rediit
1066 5746 1130 5785 ex
1164 5732 1386 5786 Oriente
1425 5731 1725 5800 imperator
1754 5732 1969 5786 Andro-

400 5828 575 5886 uicus.
613 5827 832 5882 domina
870 5826 942 5883 ibi
1000 5825 1209 5884 relicta.
1275 5825 1526 5882 Rcdierat
1557 5840 1682 5883 ante
1725 5827 1869 5882 hunc
1899 5841 1965 5879 ex

2062 4641 2181 4683 1am
2232 4641 2334 4695 pro
2382 4633 2534 4679 certo
2582 4623 2817 4678 habebat
2857 4624 3174 4688 imperator,
3242 4638 3348 4676 non
3406 4623 3632 4679 edoctus

2061 4716 2287 4771 oraculo
2342 4723 2434 4769 aut
2468 4713 2796 4768 vaticinandi
2834 4720 3179 4768 monstrante
3210 4715 3280 4777 vi,
3317 4715 3410 4767 sed
3473 4725 3631 4768 natu-

2061 4807 2162 4863 rali
2193 4806 2481 4878 prudentia
2513 4805 2657 4875 quod
2721 4814 2843 4858 erat
2895 4816 3221 4859 eventurum
3280 4809 3631 4877 praesagiens.

2063 4915 2164 4954 nec
2201 4899 2516 4967 persuaderi
2553 4895 2666 4951 sibl'
2703 4896 2892 4950 sinens
2926 4895 3164 4950 ferocem
3228 4897 3486 4962 juvenem
3547 4917 3635 4969 gu-

2064 5000 2207 5048 stata
2263 4990 2427 5044 semel
2483 4988 2758 5042 latrocinii
2815 4987 3123 5053 dulcedine,
3153 4989 3291 5042 bona
3348 4989 3453 5045 [ide
3530 4993 3632 5046 sub

2063 5084 2242 5138 alieno
2272 5082 2503 5150 imperio
2536 5081 2827 5142 victurum,
2885 5086 3386 5147 temperaturomve
3437 5083 3490 5137 in
3539 5101 3630 5140 oc-

2063 5175 2284 5228 casione
2312 5171 2687 5226 novandarum
2722 5187 2898 5225 rerum
2930 5187 2959 5224 a
3002 5170 3131 5241 jugu
3161 5175 3510 5228 excutienda.
3547 5178 3627 5230 Ah

2067 5266 2170 5321 hoc
2225 5275 2427 5327 autem,
2487 5264 2575 5318 cui
2637 5263 3006 5317 inllex'thiliter
3060 5264 3318 5326 haerebat,
3348 5269 3627 5337 proposito

2068 5359 2267 5413 frustra
2301 5357 2796 5426 Porphyrogcnitus
2828 5356 3127 5427 Augustum
3155 5359 3436 5428 dimovere
3465 5377 3627 5414 cona-

2067 5452 2244 5513 batur,
2276 5449 2464 5503 datum
2488 5465 2516 5500 a
2539 5463 2598 5502 se
2619 5446 3002 5522 jusjurandum
3041 5449 3377 5504 obtendens:
3406 5469 3627 5522 reSpon-

2067 5545 2230 5598 debat
2281 5543 2427 5595 enim
2459 5548 2611 5608 pater
2642 5540 2742 5608 ipsi
2775 5541 2840 5592 ad
2879 5518 3230 5594 conscientiae
3280 5547 3624 5601 securitatem

2069 5635 2204 5689 satis
2239 5647 2380 5695 esse,
2417 5629 2560 5699 quod
2599 5645 2698 5684 nec
2743 5631 3008 5698 prodente
3067 5647 3164 5684 uec
3217 5633 3483 5688 suadente
3535 5651 3629 5691 nec

2067 5727 2399 5781 assentiente
2450 5737 2508 5776 se
2558 5722 2854 5789 quidquam
2916 5723 2969 5775 in
3009 5721 3320 5776 dedititium
3350 5727 3510 5779 aliter
3569 5745 3630 5781 ac

2070 5826 2343 5885 sperasset
2405 5825 2789 5871 statueretur;
2832 5832 2889 5870 δυ
2938 5826 3116 5870 autem
3182 5817 3410 5880 δίηρι-οις
3448 5833 3634 5875 ωιληε-
