3964 6516
337 386 438 453 961

1267 391 1364 452 DE
1403 391 1797 452 MICHAELE
1836 390 2304 454 ΡΛΙΛΕΟΙιΟϐΟ
2344 391 2494 456 LIB.
2531 393 2633 455 VI.

3490 395 3598 460 962

340 499 716 572 στραφήσεται
744 500 884 573 πρὸς
914 498 984 554 τὰ
1024 499 1268 571 πρότερα
1289 518 1304 533 ο
1365 488 1701 572 σεϐασθῆναι
1735 503 1791 555 δὲ
1824 503 1917 557 καὶ
1947 508 1991 564 Α
2027 501 2292 571 βασιλέως
2326 503 2541 557 ἐκεῖθεν
2573 502 2893 575 ἀπάραντος
2917 503 3081 570 αὐτὸς
3117 499 3188 577 ἦν
3223 507 3337 561 ἀντ’
3391 507 3601 562 ἑκείνου

334 594 398 646 τὸ
430 592 616 663 σχῆμα
650 592 730 663 τῷ
763 592 997 663 βασιλεῖ,
1038 591 1181 645 ὥστε
1212 593 1572 662 ἀποδέχεσθαι
1595 593 1687 643 τὸν
1709 593 1924 646 ἐνδεδυ-

336 683 472 736 κότα
502 683 578 754 μὴ
607 687 891 754 τιμωρεῖν.
915 682 1105 738 Ταῦτα
1130 683 1306 752 λέγων
1328 685 1464 755 πρὸς
1494 686 1703 737 ἐκεῖνον
1733 687 1761 737 ὁ
1779 684 1923 753 Πορ-

337 776 780 846 φυρογέννητος,
816 778 913 829 καὶ
970 776 1166 847 βουλὴν
1216 777 1456 845 εἰσάγων
1518 778 1618 845 τὴν
1660 776 1922 830 δοκοῦσαν

340 869 637 934 συνοίσειν,
696 869 857 937 δῆλος
896 865 964 939 ἦν
1009 870 1265 923 ἀπολύων
1299 868 1389 941 [Ρ.
1419 868 1546 941 540]
1575 870 1921 939 ἐγκλήματος

339 957 531 1011 ἑαυτὸν
557 958 618 1011 τὸ
649 959 836 1027 μέρος,
871 960 919 1012 εί
951 962 1026 1031 μὴ
1063 962 1232 1013 ποιῶν
1276 961 1578 1013 κινδυνεύοι
1599 975 1614 990 ο
1646 961 1705 1012 τὸ
1729 960 1838 1030 γὰρ
1865 961 1920 1027 ἐξ

338 1051 505 1103 αὑτοῦ
530 1051 655 1102 ὅσον
704 1046 774 1120 ἦν
811 1050 1028 1120 βοηθεῖν
1078 1052 1325 1121 δυνατὸν,
1355 1050 1693 1121 πεπρᾶχθαι.
1749 1053 1923 1104 Κοταο

340 1142 497 1214 νίτζῃ
532 1143 632 1213 μὲν
665 1140 873 1195 οὖνκαὶ
901 1144 979 1213 τῷ
1012 1144 1251 1215 γαμὸρῷ
1285 1144 1573 1214 Τορνικίου
1609 1143 1922 1214 ὲπηρτημέ-
1966 1198 1969 1199 ,

336 1252 429 1288 νον
454 1234 548 1287 τὸν
578 1234 825 1287 κίνδυνον
858 1235 1111 1305 βλέποντι
1165 1236 1372 1304 ἀγαθὸν
1403 1237 1579 1290 ἐδόκει
1605 1238 1665 1288 τὸ
1694 1237 1920 1306 βούλευο

339 1343 440 1398 μα,
465 1328 558 1380 καὶ
576 1326 655 1397 τῷ
688 1326 1042 1397 βουλεύσαντι
1079 1330 1276 1400 χρῆται
1308 1330 1503 1400 μεσίτῃ
1531 1332 1665 1399 πρὸς
1694 1329 1919 1399 βασιλέα

337 1420 427 1489 ἐφ’
454 1412 498 1488 ᾧ
528 1420 620 1473 τὸν
646 1422 884 1491 μοναχὸν
915 1421 1231 1485 ύπενδῦναι,
1260 1423 1468 1492 κόσμον
1498 1423 1679 1476 καὶτὰ
1710 1423 1825 1491 κὸσ⁸
1855 1439 1918 1475 ου

336 1511 553 1590 χαίρειν
586 1512 773 1575 ἐάσας.
833 1512 922 1576 Ὠς
967 1513 1012 1565 δ’
1039 1513 1290 1585 ἁπῄτητο
1321 1515 1412 1567 καὶ
1452 1514 1586 1566 αὐτὸ
1619 1514 1681 1566 τὸ
1713 1515 1920 1567 τέλειον

336 1604 528 1673 σχῆμα
559 1603 865 1674 λαμϐάνειν
899 1605 994 1659 καὶ
1042 1607 1335 1659 κατένευεν
1369 1606 1592 1666 αὐτίκα.
1625 1607 1921 1670 ἀπολυθεὶς

330 1696 574 1748 τελεῖται
605 1698 675 1748 τὰ
708 1696 983 1771 μοναχῶν,
1010 1698 1108 1750 καὶ
1139 1697 1168 1750 ὁ
1199 1696 1327 1767 χθὲς
1362 1697 1644 1771 λῃστεύων
1686 1696 1920 1768 σὼςρων

333 1786 549 1857 ἑωρᾶτο
585 1790 677 1839 καὶ
703 1787 934 1852 ἄκακος,
963 1768 1103 1859 πλὴν
1128 1790 1188 1842 οὐ
1217 1793 1284 1861 τῇ
1304 1768 1608 1860 τῆςγψυχῆς
1635 1791 1914 1859 προθέσει,

2027 592 2429 665 μεταχειρίζων
2471 597 2649 651 τάκεῖ.

2024 714 2131 779 κη’.
2161 706 2429 775 Θάνατος
2457 706 2568 777 τῆς
2597 707 2927 776 δεσποίνης
2962 708 3206 779 "Ar-mc,
3236 710 3335 765 καί
3368 709 3443 765 τὰ
3467 713 3605 781 τότε

2640 780 2976 847 συμϐάντα.

2106 868 2244 923 Ἀλλ’
2272 868 2451 937 ὀλίγον
2480 868 2540 922 τὸ
2575 871 2800 938 μεταξὺ,
2828 873 2922 924 καὶ
2953 873 2985 943 ἡ
3014 872 3269 925 δέσποινα
3298 873 3399 940 μὲν
3429 873 3599 926 ’Δννα

2024 963 2143 1015 ἐκεῖ
2166 962 2395 1033 τελευτᾷ
2426 964 2519 1014 τὴν
2560 962 2695 1031 βίον,
2729 963 3054 1031 ἀγγέλλεται
3085 964 3139 1017 δὲ
3170 965 3288 1033 μετ’
3317 964 3496 1033 ὀλίγον
3520 964 3598 1034 τῷ

2026 1053 2236 1122 βασιλεῖ
2262 1070 2277 1085 ·
2328 1055 2423 1106 καὶ
2452 1052 2510 1116 ὃς
2544 1054 2768 1125 προνοίᾳ
2796 1053 2890 1106 τοῦ
2939 1055 3014 1125 μὴ
3048 1055 3241 1124 μαθεῖν
3277 1056 3369 1109 τὸν
3400 1057 3513 1109 υἱόν
3538 1074 3601 1109 τε

2023 1147 2117 1200 καὶ
2165 1145 2412 1216 βασιλέα,
2465 1146 2540 1208 ὡς
2573 1145 2659 1198 ἐπ’
2701 1148 3020 1217 ἀπορρήτῳ,
3072 1146 3278 1200 στέλλει
3316 1149 3406 1201 τὸν
3432 1147 3601 1201 αὐτοῦ

2025 1239 2123 1306 μὲν
2154 1238 2554 1308 ἀρχιδιὰκονον,
2588 1239 2688 1309 τῆς
2728 1239 3057 1310 Ἐκκλησίας
3102 1239 3157 1293 δὲ
3184 1240 3594 1312 χαρτοφύλακα,

2020 1331 2113 1385 τὸν
2159 1331 2569 1402 Μελιτηνιώτην
2613 1333 3041 1399 Κωνσταντῖνον,
3087 1332 3173 1402 ἐφ’
3202 1326 3248 1402 ᾧ
3294 1335 3599 1404 μετακομί-

2022 1425 2139 1489 ζειν
2184 1423 2277 1478 τὸν
2325 1423 2540 1495 νεκρὸν,
2572 1424 2645 1487 ὡς
2684 1426 2874 1496 ἐχρῆν,
2911 1427 2992 1489 εἰς
3046 1426 3303 1480 Νίκαιαν.
3342 1424 3492 1495 ’Λμα
3542 1427 3600 1480 δὲ

2020 1517 2212 1586 καιρδν
2266 1515 2447 1568 λαϐὼν
2486 1516 2735 1587 εὐπρεπῆ
2786 1517 2880 1569 τοῦ
2927 1517 3016 1571 τὸν
3067 1517 3601 1588 Πορφυρογέννητον,

2021 1608 2367 1662 ἀποόαλόντα
2417 1607 2507 1661 διὰ
2564 1607 2626 1661 τὸ
2665 1608 2858 1673 πένθος
2901 1610 2972 1663 τὰ
3018 1610 3248 1680 ἐρυθρὰ,
3284 1611 3357 1681 μὴ
3416 1614 3603 1680 φορεῖν

2020 1699 2209 1753 ἄλλοτε
2244 1701 2688 1770 παρασκευάσαι,
2741 1702 3069 1772 εὐτρεπίσας
3106 1702 3373 1771 ἀλλόχροα
3407 1702 3474 1755 τὰ
3502 1704 3601 1755 σὺν

2021 1791 2201 1861 λευκῷ
2229 1795 2487 1862 πορφυρᾶ
2525 1794 2711 1864 χρυσῷ
2741 1792 3016 1857 ποικιλτὰ,
3044 1793 3140 1847 καὶ
3167 1796 3253 1848 διὰ
3296 1796 3600 1866 μαργὰρων

331 1856 475 1932 ἀλλὰ
519 1880 666 1949 μόνῳ
700 1880 778 1950 τῷ
839 1856 1154 1952 φαινομένῳ
1178 1897 1193 1911 '
1235 1856 1401 1952 (ςγδι-ρ
1435 1856 1916 1952 μεμεριμνημὲνος
1952 1856 1993 1914 Β
2022 1883 2082 1936 τὸ
2113 1856 2396 1954 βαϋσιλικδν
2419 1856 2923 1957 β’ίέῌίσημεῖω
2954 1856 3079 1949 τοὺς
3111 1856 3309 1949 ἀετοὺς
3333 1856 3604 1955 περιθεὶς,

331 1978 539 2037 axon":
589 1976 683 2028 ἐπὶ
733 1975 911 2047 τούτῳ
959 1978 1052 2030 καλ⁵
1098 1977 1221 2030 λίαν
1254 1978 1424 2046 ἀπῆν,
1471 1978 1717 2045 ἀνάγκης
1742 1976 1798 2031 δὲ
1828 1976 1915 2048 ἄρ’

327 2066 578 2137 ὑπούσης
606 2067 667 2120 τὸ
705 2068 995 2137 γινόμενον
1016 2069 1267 2133 ἀσθενές.
1343 2069 1430 2132 Ἐς
1461 2071 1658 2123 ὁπόσον
1688 2069 1743 2122 δὲ
1776 2068 1917 2121 κατὰ

324 2157 521 2210 τοῦτον
556 2158 791 2231 προέϐη,
830 2158 1054 2224 ἐσαῦθις
1093 2158 1349 2229 ἐροῦμεν.
1383 2160 1442 2212 '0
1473 2159 1605 2229 γοῦν
1641 2160 1920 2229 Πορφυρο-

329 2252 594 2323 γέννητος
630 2254 723 2305 ἐπὶ
760 2251 972 2315 τούτοις
997 2253 1118 2306 κατ’
1147 2254 1413 2318 ἀνατολὰς
1440 2253 1672 2323 γίνεται,
1707 2254 1914 2305 καὶτοῦ

332 2449 441 2489 nus
466 2434 604 2490 citra
641 2434 869 2505 periurii
899 2436 1202 2506 periculum
1237 2445 1447 2507 posset,
1487 2438 1654 2506 quieti
1684 2436 1916 2506 publicae

331 2527 652 2582 consulere.
684 2526 811 2582 Haec
835 2529 1156 2598 scrupulum
1187 2545 1296 2583 non
1332 2529 1643 2584 eximebant
1678 2528 1915 2601 Porphy-

336 2620 738 2689 rogenilo;qui
773 2635 898 2675 cum
932 2622 999 2674 ab
1021 2620 1310 2675 obfirmato
1348 2621 1403 2674 in
1433 2621 1487 2675 id
1548 2621 1695 2692 quod
1748 2621 1913 2676 semel

335 2709 657 2765 decreverat
688 2711 859 2779 patris
880 2711 1065 2765 animo
1097 2711 1591 2778 impetraturumse
1615 2712 1913 2782 quidquam

331 2804 654 2872 desperaret
692 2802 1048 2872 quantislibet
1068 2818 1166 2873 pro
1200 2813 1453 2873 suscepto
1487 2819 1589 2859 suo
1636 2805 1914 2873 precibus,

328 2896 383 2951 ei
442 2895 546 2961 ipsi
599 2893 872 2965 patefacta
935 2909 995 2949 re
1029 2895 1204 2951 suasit
1260 2904 1339 2961 ut,
1365 2910 1486 2965 qua:
1511 2910 1619 2951 uua
1672 2898 1918 2952 restabat

328 2988 543 3043 vitandi
572 2988 725 3042 exitii
759 2988 917 3053 ratio,
955 2987 1275 3060 confugeret
1303 2988 1371 3042 ad
1407 2998 1644 3044 montem
1664 2987 1913 3060 Nigrum,

330 3081 557 3151 illicque
583 3080 892 3135 monastico
929 3079 1125 3135 induto
1168 3081 1355 3136 habitu
1386 3084 1560 3137 vitam
1596 3084 1912 3155 religiosam

332 3174 703 3242 proﬁteretur.
759 3172 835 3226 Ita
883 3173 1061 3228 videri
1096 3178 1212 3228 lore
1242 3187 1298 3228 ut
1343 3190 1575 3230 securus
1610 3176 1677 3232 de
1706 3193 1772 3233 eo
1798 3178 1911 3247 jam
1944 3202 1987 3260 ο
2018 3219 2109 3276 28.
2153 3219 2297 3274 Μοη

327 3266 611 3337 Augustus
633 3266 967 3323 voluntatem
987 3269 1109 3338 ejus
1124 3269 1302 3324 oculis
1324 3269 1570 3339 privandi
1597 3270 1916 3342 deponeret,

331 3363 537 3432 quippe
561 3370 616 3416 et
634 3362 884 3416 venerari
913 3378 1037 3416 eum
1068 3363 1119 3416 id
1138 3363 1373 3419 instituti
1404 3378 1598 3434 genus,
1633 3378 1686 3419 et
1706 3366 1922 3422 asemel

330 3455 594 3525 abjuncto
631 3469 660 3509 a
695 3456 861 3510 rebus
904 3456 1160 3510 humanis
1196 3455 1356 3513 facile
1410 3459 1776 3513 inducendum
1836 3461 1919 3514 vi-

331 3544 451 3598 deri
509 3560 579 3599 ne
622 3545 980 3600 rebellionem
1036 3553 1090 3600 et
1145 3546 1340 3601 civiles
1394 3548 1582 3603 turbas
1631 3558 1917 3605 metueret.

335 3637 461 3694 Ha'c
484 3654 678 3710 parum
703 3639 926 3710 quidem
948 3640 1011 3694 ad
1038 3639 1257 3711 genium
1273 3640 1579 3695 COtanitzae
1606 3641 1914 3696 faciebant:

330 3740 512 3786 tamen
546 3731 711 3787 homo
743 3731 999 3788 solertior
1049 3748 1214 3803 quam
1268 3732 1582 3801 religiosior
1630 3734 1917 3804 ingressus

333 3823 528 3880 intime
561 3824 614 3878 in
648 3838 836 3878 curam
864 3838 1047 3878 rerum
1086 3839 1306 3879 suarum
1337 3824 1417 3878 sic
1448 3833 1702 3894 reputare
1726 3838 1913 3879 secum

333 3915 558 3979 institit,
589 3915 731 3969 istud
766 3913 869 3968 sibi
898 3915 1075 3969 amice
1107 3923 1423 3985 suggestum
1475 3928 1503 3967 a
1540 3914 1919 3984 Porphyroge-

334 4007 453 4061 nilo
511 4006 809 4061 consilium
842 4004 957 4061 fore
1004 4005 1081 4060 illi
1129 4005 1272 4075 apud
1302 4019 1494 4059 omnes
1542 4004 1917 4062 excusationis

333 4099 549 4154 idonea:
579 4096 727 4161 loco,
754 4111 823 4152 ne
846 4095 1090 4166 perﬁdiae
1120 4096 1440 4165 culparetur
1467 4094 1537 4149 ob
1583 4097 1914 4150 excaeeatio-

335 4207 459 4247 uem
493 4190 686 4256 dediti,
710 4190 798 4245 cui
836 4188 1051 4245 scilicet
1105 4190 1417 4244 avertendae
1468 4187 1604 4242 nihil
1636 4188 1917 4244 omisisset

334 4285 389 4338 in
425 4292 701 4354 potestate
727 4282 897 4337 situm
947 4296 1047 4335 sua
1074 4296 1089 4344 ;
1116 4279 1221 4333 sibi
1278 4287 1459 4333 autem
1495 4280 1614 4346 uni,
1650 4280 1695 4335 si
1724 4294 1917 4351 parere

330 4377 593 4433 salutaria
626 4375 872 4429 monenti
904 4382 1182 4436 renueret,
1210 4372 1579 4427 calamitatem
1638 4373 1915 4443 imputan-

331 4472 459 4526 dum
489 4484 668 4525 suam.
701 4468 885 4534 Quare
914 4465 1082 4538 A99
1115 4481 1236 4521 cum
1270 4480 1500 4521 summa:
1556 4465 1635 4520 rei
1679 4464 1915 4519 rationi-

2020 1976 2116 2029 καὶ
2152 1976 2374 2045 πέμψας
2401 1978 2466 2029 ὲκ
2494 1980 2699 2030 τούτων
2724 1977 2916 2031 πέδιλά
2948 1994 3005 2030 τε
3046 1980 3141 2030 καὶ
3173 1978 3385 2047 χαλινὰ,
3415 1978 3601 2047 σφίσιν
3648 1994 3651 1997 '

2018 2068 2095 2131 ὡς
2126 2071 2475 2139 παρασήμοις
2501 2069 2594 2121 τὸν
2632 2068 2748 2121 υίδν
2784 2068 3149 2141 προσέταττεν
3196 2068 3600 2138 ἐμπομπεύειν,

2022 2162 2170 2228 μόνῳ
2202 2160 2312 2213 τῶν
2354 2160 2600 2232 ὲρυθρῶν
2639 2161 2909 2216 ἐκστάντα
2957 2162 3036 2232 τῷ
3071 2162 3304 2232 βασιλεῖ.
3336 2163 3506 2232 Σοφὸν
3541 2164 3600 2216 δὲ

2018 2252 2127 2322 ἄρα
2151 2254 2246 2306 καὶ
2271 2253 2333 2306 τὸ
2361 2253 2451 2307 τοῦ
2484 2253 2675 2322 καιροῦ
2710 2249 2799 2325 ἦν,
2835 2254 2910 2318 ὡς
2941 2254 3015 2325 μὴ
3055 2254 3204 2322 δόξαι
3243 2256 3313 2308 τὰ
3346 2256 3598 2327 ἐπίσημα

2018 2432 2257 2503 promite
2312 2444 2534 2490 aeterna:
2594 2436 2790 2491 salutis
2842 2452 3092 2507 scopum.
3145 2438 3432 2497 Cotanitza
3463 2454 3597 2497 sane

2020 2540 2128 2579 non
2161 2529 2469 2595 spectabat,
2499 2529 2712 2583 amoliri
2745 2530 3049 2599 periculum
3071 2533 3285 2588 instans
3315 2533 3418 2588 hoc
3440 2550 3598 2603 quasr

2020 2617 2188 2673 mimo
2219 2620 2559 2688 paenitentiae
2617 2630 2911 2677 contentus
2937 2638 2951 2687 ;
2985 2636 3051 2676 ex
3082 2638 3192 2692 quo
3223 2623 3353 2694 quid
3402 2638 3601 2679 conse-

2018 2722 2208 2765 cutum
2241 2712 2483 2782 denique
2533 2713 2629 2780 sit,
2662 2729 2765 2768 suo
2791 2714 3096 2770 referemus
3152 2716 3295 2770 loco.
3332 2715 3450 2771 Sub
3485 2717 3602 2771 htec

2020 2817 2184 2872 porro
2210 2802 2715 2876 Porphyrogenitus
2766 2807 2821 2861 in
2851 2800 3128 2863 Orientem
3161 2816 3245 2863 est
3298 2808 3601 2879 profectus,

2018 2894 2214 2962 patris,
2266 2895 2361 2965 qui
2393 2896 2555 2965 paulo
2581 2907 2707 2953 ante
2731 2897 2859 2953 inde
2918 2907 3245 2960 recesserat.
3285 2898 3435 2954 vices
3480 2900 3604 2954 obi-

2021 2998 2200 3054 turus,
2241 2990 2642 3053 sustentaudis,
2672 3004 2833 3061 prout
2874 3004 3079 3062 posset,
3136 2992 3252 3047 illic
3283 2992 3338 3046 in
3380 2992 3602 3049 ruinam

2018 3078 2208 3147 pronis
2244 3082 2409 3136 rebus
2436 3080 2677 3152 imperii.

2329 3222 2554 3276 domina:
2591 3225 2793 3291 Annua;
2823 3237 2870 3279 et
2904 3241 3021 3294 qua
3065 3236 3189 3280 tunc
3246 3226 3599 3298 contigerunt.

2088 3352 2207 3409 Non
2241 3355 2403 3425 longo
2434 3366 2553 3426 post
2585 3357 2701 3412 haec
2735 3359 3025 3414 intervallo
3076 3344 3295 3415 domina
3329 3360 3489 3414 Anna
3522 3360 3605 3413 vi-

2021 3456 2088 3501 ta:
2133 3448 2294 3501 linem
2338 3449 2547 3502 invenit
2591 3448 2704 3504 illic
2755 3451 2845 3505 ubi
2891 3466 3010 3505 eam
3062 3452 3289 3506 haesisse
3334 3452 3598 3518 diximus,

2018 3538 2140 3593 viro
2171 3554 2234 3593 ex
2266 3538 2491 3594 Oriente
2539 3556 2759 3597 reverso
2804 3543 2858 3596 in
2908 3543 3121 3598 urbem.
3158 3542 3407 3598 Perlatus
3446 3544 3600 3600 brevi

2019 3634 2087 3687 ad
2110 3634 2498 3703 imperatorem
2522 3645 2607 3689 est
2630 3635 2749 3704 ejus
2774 3637 2958 3690 acerbi
2979 3651 3141 3691 casus
3164 3642 3417 3702 nuntius,
3438 3650 3599 3707 quem

2019 3725 2066 3781 is
2101 3741 2432 3795 magnOpere
2476 3728 2666 3783 haberi
2716 3728 2929 3784 studuit
2979 3743 3282 3797 arcanum,
3320 3745 3388 3784 ne
3433 3729 3601 3785 citius

2020 3831 2185 3886 quam
2220 3833 2358 3886 opus
2404 3828 2549 3875 esset
2601 3823 2909 3890 perveniret
2956 3824 3024 3876 ad
3069 3824 3321 3878 notitiam
3356 3821 3602 3877 Junioris

2019 3913 2273 3982 Augusti,
2306 3913 2397 3966 tali
2434 3924 2612 3969 morte
2642 3916 2970 3971 charissima
3001 3932 3171 3973 uxore
3198 3916 3423 3973 viduali.
3454 3918 3602 3973 Misit

2019 4022 2150 4077 ergo
2186 4006 2477 4062 confestim
2508 4008 2561 4061 in
2587 4006 2901 4071 Orientem,
2935 4010 3106 4064 celata
3137 4011 3431 4080 diligenter
3469 4011 3594 4064 mit-

2025 4101 2173 4155 tendi
2209 4116 2398 4165 eausa,
2424 4101 2790 4156 Melitenioten
2811 4103 3260 4170 Constantinum,
3294 4119 3450 4159 suum
3478 4104 3602 4173 qui-

2018 4194 2168 4257 dem,
2202 4191 2304 4247 hoc
2331 4200 2415 4247 est
2449 4193 2673 4261 palatini
2710 4195 2839 4247 cleri
2864 4235 2878 4259 ,
2915 4194 3399 4260 arebidiaconum,
3424 4198 3598 4249 cocle-

2019 4286 2117 4341 sia:
2143 4302 2273 4340 vero
2297 4284 2805 4355 chartOphylacem,
2841 4296 2899 4339 ut
2923 4287 3156 4340 cadaver
3178 4286 3449 4341 defuncta:
3474 4303 3602 4357 por-

2021 4379 2125 4432 tari
2160 4376 2229 4432 de
2260 4394 2411 4433 more
2452 4378 2690 4432 Nicmam
2739 4388 2980 4432 curaret.
3028 4379 3203 4432 Simul
3239 4380 3403 4434 etiam
3438 4395 3599 4434 occa.

2018 4470 2227 4525 sionem
2262 4486 2324 4524 se
2350 4469 2698 4524 commodum
2736 4468 3053 4523 offerentem
3103 4473 3398 4539 prudenter
3442 4469 3605 4540 500

329 4565 433 4619 bus
459 4563 743 4617 subductis
772 4577 882 4616 non
910 4561 1015 4614 alia
1048 4559 1253 4614 certior
1284 4566 1575 4630 appareret
1609 4559 1696 4613 via
1750 4558 1919 4613 decli-
1948 4570 1993 4627 ι)
2019 4563 2251 4632 arripuit
2287 4562 2565 4632 redigendi
2602 4563 2669 4616 ad
2704 4563 3116 4617 convenientem
3154 4563 3413 4634 deinceps
3434 4580 3601 4618 urna-

330 4654 524 4708 nanda:
542 4651 716 4723 pestis
754 4652 877 4722 ejtts
904 4652 1136 4721 gemina:
1185 4663 1307 4719 quae
1343 4646 1611 4703 Joannem
1666 4646 1913 4702 Tornicii

329 4762 596 4819 generum
635 4760 812 4814 nuper
844 4750 1218 4815 oppresserat,
1253 4752 1493 4798 mentem
1540 4742 1607 4797 ad
1657 4757 1917 4798 necessa—

329 4840 474 4894 rium
543 4839 840 4894 consilium
893 4837 1196 4906 appellens,
1251 4836 1370 4906 ipso
1447 4834 1915 4906 Porphyrogenito

328 4933 630 5003 interprete
676 4932 892 4986 veniam
951 4930 1023 4985 ab
1086 4930 1332 4998 Augusto
1392 4928 1619 4982 abstulit
1650 4927 1914 4998 sequendi

331 5028 479 5095 quod
507 5024 926 5081 ostendebatur.
954 5021 1203 5091 Cumque
1227 5019 1457 5089 petitum
1494 5019 1564 5075 ab
1617 5020 1738 5090 ipso
1767 5029 1917 5075 esset

333 5130 395 5174 ut
426 5120 605 5190 ipsum
636 5117 887 5173 habitum
944 5114 1309 5185 professionis
1366 5116 1490 5167 vitae
1529 5112 1789 5182 perfectae
1828 5114 1917 5168 in-

331 5214 511 5269 dicem
563 5220 830 5275 sumeret,
867 5210 1054 5266 statim
1107 5209 1318 5271 annuit,
1347 5216 1401 5261 et
1450 5207 1654 5260 mundo
1683 5208 1802 5261 vale
1834 5208 1917 5261 di-

331 5323 466 5363 cens
487 5310 542 5360 in
569 5320 781 5361 sacram
815 5318 875 5359 se
900 5299 1251 5369 transcripsit
1302 5300 1578 5363 militiam,
1612 5300 1915 5355 mutatiOne

332 5400 473 5454 mira
527 5412 593 5452 ex
647 5397 906 5451 hesterno
968 5392 1182 5447 latrone
1235 5390 1535 5445 hodiernus
1589 5390 1913 5455 monachus,

330 5489 666 5549 innocentiae
713 5504 779 5542 ac
820 5485 1195 5555 temperantia:
1219 5482 1383 5538 modo
1438 5481 1688 5545 studens,
1755 5483 1916 5554 longe

331 5586 493 5640 aliter
554 5584 740 5637 vivere
796 5593 973 5649 nuper
1009 5554 1306 5632 .assuetus.
1372 5574 1479 5630 Sed
1545 5590 1736 5630 verum
1765 5576 1915 5633 intus

333 5673 677 5746 propositum
720 5670 789 5725 ad
825 5677 1001 5724 ratam
1058 5667 1379 5737 religionem
1434 5667 1812 5722 necessarium
1840 5671 1916 5725 si-

333 5766 592 5822 mulatori
622 5765 813 5821 deerat
844 5763 1054 5817 animo.
1089 5760 1360 5814 himirum
1388 5774 1548 5828 quem
1591 5760 1796 5815 intueri
1825 5776 1916 5816 so-

332 5862 445 5917 ient
475 5860 568 5931 qui
629 5867 826 5929 sponte
874 5856 1012 5931 liqut
1072 5853 1351 5920 monachi,
1413 5851 1587 5908 divini
1648 5857 1832 5913 cultus
1858 5863 1913 5914 et

2021 4665 2133 4710 tum
2162 4654 2623 4726 Porphyrogeniti
2675 4655 3025 4711 Constantini
3081 4656 3312 4711 minoris
3346 4657 3428 4710 sui
3470 4656 3597 4722 lilii;

2020 4748 2111 4803 cui
2149 4748 2293 4818 quod
2328 4748 2600 4804 hactenus
2646 4748 2975 4810 indulserat,
3025 4756 3085 4802 ut
3131 4748 3315 4803 rubris
3354 4749 3601 4804 vestibus

2020 4840 2297 4907 etiamque
2322 4837 2522 4892 calceis
2543 4837 2799 4892 similiter
2830 4847 2994 4908 atque
3018 4838 3135 4908 ipse
3169 4848 3433 4905 uteretur,
3465 4849 3601 4893 tem-

2018 4933 2289 5002 pestivum
2326 4932 2562 5001 amplius
2595 4947 2702 4986 non
2735 4940 2875 4996 erat,
2906 4932 3090 4986 adulto
3116 4942 3169 4985 et
3201 4931 3268 4984 ad
3303 4934 3602 4999 imperato-

2020 5024 2156 5077 riam
2176 5032 2369 5078 evecto
2389 5024 2707 5095 dignitatem
2736 5025 3102 5094 prituogenilu
3120 5024 3242 5090 ejus
3261 5025 3599 5080 Androaico:

2019 5122 2273 5187 poterant
2296 5116 2443 5170 enim
2473 5114 2854 5169 temulatiunes
2886 5124 2942 5169 et
2973 5114 3283 5169 ambitiosae
3316 5130 3441 5184 spes
3473 5115 3603 5170 inde

2020 5221 2163 5264 natae
2198 5207 2399 5262 fratres
2433 5208 2798 5273 committere,
2850 5222 2973 5261 cum
3033 5207 3452 5277 perturbatione
3504 5224 3605 5278 pu-

2018 5299 2176 5355 blicae
2221 5297 2662 5369 tranquillitatis.
2714 5296 2786 5352 Ut
2846 5298 3038 5369 igitur,
3080 5300 3228 5369 quod
3282 5302 3600 5356 necessario

2018 5392 2333 5448 faciendum
2390 5400 2532 5455 erat,
2597 5405 2763 5459 quam
2813 5394 3037 5447 minime
3089 5394 3325 5447 moleste
3377 5404 3599 5461 captato

2017 5495 2140 5554 apte
2166 5494 2473 5553 Opportuno
2506 5492 2751 5552 tempore
2778 5483 2957 5549 fieret,
2990 5484 3135 5538 hunc
3178 5498 3358 5537 rerum
3389 5486 3600 5539 articu-

2019 5579 2131 5633 lutn
2186 5574 2822 5630 accomtnmlatissituutn
2879 5576 2945 5629 ad
2999 5574 3049 5628 id
3104 5586 3281 5641 ratus,
3330 5592 3437 5645 quo
3484 5577 3601 5647 ipse

2020 5671 2163 5725 ultro
2181 5667 2575 5724 Constantinus
2594 5672 2818 5735 prOpter
2848 5668 3055 5722 luctum
3080 5668 3340 5740 Augusta:
3375 5682 3603 5725 mortua:

2016 5764 2184 5820 rubra
2229 5759 2600 5830 deposuisset,
2649 5760 2821 5829 jussit
2869 5763 3172 5833 impr-ratur
3222 5763 3625 5819 Melitenioten'

2018 5857 2095 5913 illi
2132 5870 2164 5912 a
2191 5870 2250 5913 se
2281 5852 2480 5911 olferrc
2508 5851 2699 5922 quales
2734 5864 2948 5923 gestare
2974 5857 3123 5911 illum
3155 5857 3415 5927 dtineeps
3442 5873 3607 5927 opor-
