3964 6532
1871 286 1895 298 ι,

1175 400 1272 490 ne
1311 396 1703 458 MICHAELE
1742 395 2204 455 ΡΑιιΕοιοου
2244 395 2392 460 LIB.
2429 362 2533 459 vi.

281 403 388 468 953

3431 370 3544 461 ac

297 515 450 582 τάχει
486 514 706 567 τάκεῖσε
726 511 1134 581 καταλαμϐάνει
1159 511 1582 581 διαπεραιωθεὶς
1608 512 1699 562 τὸν
1728 509 1865 575 Σάγο
1899 517 1941 566 Α
1973 507 2021 559 οἳ
2058 507 2122 574 δὴ
2155 508 2548 576 γλισχρότητος
2585 505 2697 576 μὲνκ
2731 507 3028 578 ἡττημένοι
3077 507 3406 578 λημμάτων,
3436 509 3545 561 δέει

283 623 468 674 γαριν.
514 606 648 658 Τότε
679 605 858 658 τοίνυν
900 603 1114 673 βλέπων
1145 603 1242 674 τὴν
1293 601 1534 665 Σκυθῶν,
1581 601 1727 653 εἴποι
1755 617 1860 662 τις,

284 700 519 770 ἐρημίαν
578 700 696 750 ἐκεῖ
736 697 961 766 μονονοὺ
995 696 1189 766 τρίχας
1237 689 1434 748 ἔτιλλε.
1485 691 1865 761 Κ-ατῳκτίζετο

293 794 388 861 μὲν
419 792 531 860 γᾴρ
571 790 817 852 ἐκτόπως
844 789 935 842 τὸν
969 789 1157 852 τόπον,
1193 788 1286 838 καὶ
1325 785 1422 854 τὴν
1451 783 1650 854 χλεύην
1685 799 1862 834 κατω-

284 883 477 953 δύρετο
501 883 607 934 τῶν
642 881 807 933 ἰδίων.
842 880 984 950 Πρὸς
1011 880 1065 931 δέ
1098 896 1159 946 γε
1195 877 1287 929 τὸν
1325 872 1730 943 Ἀλεξανδρείας
1763 888 1868 924 πα-

292 975 584 1044 τριάρχην,
618 973 794 1024 ἐκεῖσε
829 972 970 1024 κατὰ
1009 969 1361 1039 παραμυθίαν
1389 967 1465 1037 τῷ
1501 966 1711 1036 βασιλεῖ
1742 983 1865 1016 συν-

287 1067 564 1134 διάγοντα,
594 1063 697 1134 τὴν
731 1063 824 1116 τοῦ
868 1063 1021 1116 ταῦτ’
1052 1059 1386 1132 ἠρημῶσθαι
1419 1060 1598 1112 αἰτίαν
1634 1057 1865 1126 καρδίας

289 1155 616 1223 στεναγμοῖς
667 1151 996 1222 ἰσχυρίζετο,
1039 1150 1134 1204 τοῦ
1164 1151 1330 1203 τόπου
1383 1147 1480 1218 μὲν
1518 1145 1865 1216 μεμνημένος

285 1248 363 1308 ὡς
417 1242 529 1314 εἶχε
587 1242 645 1294 τὸ
693 1243 983 1310 πρότερον,
1029 1242 1118 1293 ὅτε
1161 1237 1281 1291 κατ’
1336 1237 1662 1305 ὲπιτροπίαν
1705 1234 1868 1296 αὐτὸς

287 1336 639 1406 ἐστρατήγει,
669 1334 726 1395 ἐς
775 1334 974 1386 ὁπόσον
1003 1333 1060 1385 δὲ
1099 1331 1386 1398 συμφορᾶς
1423 1328 1758 1397 ,κατηντήκει
1790 1323 1868 1394 τῷ

286 1429 410 1480 τότε
462 1427 700 1496 βλέπων,
729 1427 803 1487 ὡς
843 1424 977 1494 μηδὲ
1024 1423 1184 1493 βατὺν
1220 1421 1525 1492 ἀνθρώποις
1569 1417 1870 1481 εἶναι,δένο

285 1519 471 1588 δρεσιν
523 1516 813 1585 causam;
859 1514 1322 1583 κατειλημμένον.
1353 1512 1426 1566 Τὸ
1467 1511 1511 1564 δ’
1541 1510 1732 1573 αἴτιον,
1763 1527 1868 1579 φη-

288 1612 397 1670 σὶν.
454 1612 485 1679 ἡ
521 1610 630 1661 τῶν
674 1608 932 1678 ζηλωτῶν
986 1607 1253 1672 ἐπίθεσις,
1287 1605 1381 1658 καὶ
1421 1600 1869 1671 τὸ-ὲκπολεμοῦν

287 1700 500 1768 βασιλεῖ
536 1699 596 1751 τὸ
625 1700 867 1769 ὑπήκοον
923 1698 1198 1761 σπεύδειν,
1243 1697 1316 1760 ὡς
1348 1699 1414 1748 τὰ
1441 1697 1533 1747 καὶ
1566 1696 1633 1747 τὰ
1650 1697 1872 1772 ετέπρα·

285 1811 414 1847 κται
444 1792 723 1858 λέγοντας,
774 1793 868 1844 καὶ
897 1791 972 1852 ὡς
1003 1789 1354 1858 παρανομοίη
1389 1791 1416 1842 ὁ
1465 1788 1737 1858 βασιλεὺς,
1775 1786 1869 1838 καὶ

284 1886 458 1939 τᾶλλα
481 1880 562 1945 οἷς
593 1887 689 1946 τὰς
719 1883 947 1954 καρδίας
973 1882 1084 1935 τῶν
1116 1881 1418 1951 ἀνθρώπων
1463 1880 1868 1951 ἀλλοτριοῦντες

282 1980 383 2031 τοῦ
420 1977 802 2048 βασιλεύοντος
852 1975 1070 2030 ἰποίουν
1116 1978 1207 2028 καὶ
1245 1975 1473 2045 βασιλέα
1513 1976 1639 2045 περὶ
1689 1973 1870 2043 ἐαυτῷ

281 2071 606 2132 δεδοικέναι,
659 2070 753 2123 καὶ
803 2070 902 2139 τὴν
945 2067 1066 2121 καθ’
1095 2068 1290 2121 ἑαυτὸν
1341 2067 1608 2136 ὀρρωδίαν
1655 2067 1872 2128 πάντως

281 2155 517 2232 καρδίας
546 2159 712 2230 οὔσης
738 2161 807 2212 τὰ
840 2160 978 2230 μέλη
1009 2160 1504 2227 συγκατασπᾶσθαι
1537 2157 1866 2222 ξυνέϐαινεν.

279 2254 499 2308 Αὐτίκα
530 2254 638 2320 γὰρ
687 2251 948 2319 μέλλησις
974 2249 1282 2321 ἠκολούθει,
1318 2250 1414 2302 καὶ
1457 2251 1519 2301 τὸ
1546 2250 1873 2318 ὲπιτροπαίς

285 2343 616 2416 στρατηγῶν
651 2349 747 2396 καὶ
784 2345 970 2413 μόναις
1008 2340 1329 2396 διοικεῖσθαι
1367 2341 1434 2394 τὰ
1464 2341 1602 2393 κατὰ
1649 2341 1870 2403 τόπους,

283 2523 426 2594 quin
475 2522 613 2592 pilos
662 2522 778 2592 ipse
809 2522 913 2577 sibi
956 2522 1155 2591 capitis
1208 2523 1452 2576 velleret.
1512 2519 1874 2574 Miserabatur

284 2629 438 2667 t‘ltllll
484 2614 883 2668 incredibiliter
924 2615 1294 2668 calamitatem
1329 2613 1578 2668 locorum
1613 2613 1869 2675 illorum;

285 2712 348 2756 ‹·ι
389 2714 496 2756 tam
529 2705 750 2772 impune
787 2704 861 2758 ibi
913 2719 1043 2757 suos
1079 2703 1315 2759 ludibrio
1365 2720 1485 2758 esse
1517 2703 1766 2760 barbaris
1804 2703 1871 2755 ad

290 2796 573 2864 propriam
627 2795 798 2862 ipsius
854 2793 1129 2862 pertinere
1175 2794 1530 2864 ignominiam
1584 2794 1876 2862 reputabat

289 2904 557 2943 manens.
595 2888 802 2942 Aderat
825 2887 873 2940 ei
910 2887 1075 2954 hujus
1111 2887 1480 2956 expeditionis
1515 2887 1581 2939 ad
1615 2886 1871 2939 solatium

287 3001 486 3041 comes
519 2984 922 3039 Alexandrinus
947 2983 1282 3052 patriarcha.
1307 2982 1462 3052 Apud
1501 2984 1644 3037 hunc
1673 2999 1878 3037 exone-

291 3093 426 3131 rans
476 3079 747 3140 animum,
788 3090 896 3128 non
950 3075 1068 3130 sine
1121 3075 1247 3129 aliis
1296 3091 1326 3130 e
1377 3075 1544 3130 corde
1594 3075 1873 3143 suspiriis,

287 3170 600 3223 afﬁrmabat
638 3177 975 3235 compertam
1012 3181 1136 3221 sero
1173 3167 1274 3220 sibi
1313 3182 1494 3221 veram
1527 3182 1752 3221 causam
1781 3167 1879 3219 ob-

292 3259 570 3312 versatilis
593 3258 771 3312 oculis
794 3256 1172 3320 desolationis,
1204 3271 1326 3324 qua?
1360 3267 1564 3325 quanta
1599 3271 1877 3325 quamque

292 3352 632 3406 miserabilis
666 3362 812 3403 esset
856 3353 976 3418 ipse
1013 3349 1218 3417 optime
1250 3350 1496 3402 omnium
1546 3363 1755 3413 nosset,
1786 3349 1882 3404 ad-

281 3457 444 3540 jutus
477 3448 546 3502 ad
579 3447 631 3500 id
678 3444 942 3498 memoria
1009 3441 1256 3500 ﬂorentis
1298 3443 1573 3510 quondam
1624 3459 1687 3496 ac
1735 3443 1879 3497 beati

292 3535 588 3608 regionum
623 3535 820 3590 harum
855 3543 1074 3597 status,
1107 3535 1324 3602 qualem
1371 3550 1429 3588 se
1459 3541 1744 3601 spectasse
1793 3550 1882 3589 re-

289 3628 648 3692 cordabatur,
701 3642 826 3680 cum
863 3635 1156 3695 antequam
1190 3627 1244 3679 in
1291 3626 1578 3694 imperium
1627 3627 1886 3680 evehere-

292 3733 409 3780 tur,
448 3717 717 3776 Romanis
754 3717 925 3787 copiis
957 3717 1030 3770 ibi
1068 3728 1351 3786 praeesset.
1385 3716 1726 3785 Comparans
1753 3732 1896 3784 ergo-

291 3810 486 3865 animo
519 3826 682 3880 quam
719 3809 938 3873 uberes,
969 3823 1133 3875 quam
1182 3806 1502 3876 frequentes
1532 3810 1664 3862 olim
1705 3807 1882 3862 fclici-

294 3905 404 3958 bus
449 3902 643 3957 incolis
679 3911 857 3964 terra',
893 3900 946 3953 in
977 3908 1239 3968 quantam
1275 3913 1445 3961 nunc,
1481 3914 1602 3968 qua:
1633 3913 1884 3952 cernere-

295 4007 410 4061 tur,
433 3995 802 4048 calamitatem
836 3992 1199 4054 devertissent,
1225 4002 1285 4044 ut
1315 4004 1423 4044 non
1455 3991 1734 4052 exhausta:
1753 3991 1883 4046 ciii-

297 4091 404 4143 bus
436 4090 762 4156 colonisque
786 4087 991 4152 solum,
1023 4086 1116 4140 sed
1164 4099 1231 4139 ne
1283 4083 1480 4152 pervia:
1517 4085 1735 4153 quidem
1770 4083 1882 4153 jam

297 4181 624 4234 hominibus
667 4187 878 4244 essent,
929 4177 1081 4232 nullo
1120 4178 1324 4246 passim
1374 4175 1599 4243 vestigio
1633 4175 1881 4240 viarum,

297 4278 572 4346 stirpibus
620 4286 789 4346 atque
837 4277 1079 4330 arbustis
1128 4275 1318 4329 densis
1349 4282 1516 4342 atque
1547 4273 1674 4326 altis
1703 4280 1883 4325 enatis

299 4371 508 4439 ubique
535 4380 760 4425 temere.
817 4370 1016 4431 Causa,
1066 4369 1365 4435 inquiebat,
1409 4367 1537 4420 mali
1589 4368 1720 4419 tanti
1776 4366 1888 4420 haec

302 4463 528 4516 demum
557 4470 660 4526 est,
684 4462 900 4530 eruptio
930 4460 1226 4516 inconsulti
1255 4460 1353 4512 zeli
1383 4459 1634 4514 subditos
1656 4455 1886 4512 efferens

1965 597 2025 650 δὲ
2054 598 2146 650 τού
2189 600 2262 666 μή
2293 615 2347 650 τι
2376 599 2528 668 παρὰ
2565 598 2828 668 βασιλέως
2875 599 3068 653 παθεῖν
3099 600 3174 663 ὡς
3201 599 3352 670 παρὰ
3386 601 3447 651 τὸ
3470 603 3546 652 εί-

1969 689 2065 751 κδς
2096 689 2568 759 ὲλλελειμμένους,
2598 691 2665 742 τὰ
2698 689 3015 760 πταίσματα
3049 691 3541 759 συγκαλύπτοντες,

1967 780 2050 850 τῷ
2081 781 2223 834 κατὰ
2251 783 2393 849 σφᾶς
2423 782 2573 833 ἀδεεῖ
2598 780 2773 852 ψευδῆ
2805 783 3128 852 γράφοντες,
3158 784 3408 854 ἠρήμουν
3447 783 3546 853 τὴν

1968 871 2154 940 χώραν
2189 876 2282 924 καὶ
2316 873 2469 934 τέλος
2500 872 2705 941 ἔρημον
2733 871 2830 942 τὴν
2873 875 3198 943 οἰκουμένην
3234 875 3543 944 ἀπέφηναν.

1968 964 2154 1017 Ταῦτα
2184 964 2378 1031 λέγων,
2405 964 2618 1035 τρυφὰς
2653 964 2936 1034 βασιλικὰς
2981 965 3219 1033 ἀφεικὼς
3256 965 3352 1019 καὶ
3382 966 3545 1038 θερα-

1967 1058 2132 1111 πείαν
2177 1058 2416 1122 ἃπασαν,
2451 1058 2528 1121 ὡς
2572 1059 2838 1112 σιτεῖσθαι
2871 1060 2963 1112 καὶ
3006 1061 3119 1121 τοῖς
3164 1059 3407 1129 τυχοῦσι,
3435 1060 3544 1112 τῶν

1971 1149 2208 1217 πρεεσθεν
2235 1150 2312 1211 ὼς
2338 1143 2484 1218 εἶχεν
2521 1150 2799 1201 ἐπέὁαινε.
2831 1149 3154 1219 Πέρσαςδὲ,
3188 1151 3320 1202 ὅσον
3342 1153 3547 1214 ἐκεῖνος

1970 1240 2339 1310 προσεχώρει,
2379 1239 2494 1306 ὑπὸ¹
2518 1243 2653 1294 ποδα
2687 1240 2772 1311 [Ρ.
2803 1242 2930 1312 545]
2961 1245 3157 1311 χωρεῖν
3185 1245 3302 1294 ἐκεῖ
3326 1243 3419 1294 τοῦ
3451 1241 3550 1311 βα-

1971 1333 2158 1395 σιλέως
2184 1333 2626 1402 διημερεύοντος,
2661 1333 2736 1395 ὡς
2768 1335 2865 1387 καὶ
2896 1335 2975 1386 ἔτι
3000 1334 3208 1403 θερμὰς
3234 1335 3330 1396 τὰς
3364 1335 3548 1398 ἑστίας

1972 1426 2196 1478 ἐκείνων
2221 1425 2753 1496 καταλαμϐάνοντος,
2782 1427 2916 1480 ὅπου
2941 1427 2996 1480 δὲ
3020 1427 3274 1496 βασιλεὺς
3305 1428 3551 1498 ἐφειστήο

1971 1533 2081 1580 κει,
2131 1515 2345 1568 ἐκεῖθεν
2393 1516 2502 1585 πρὸ
2560 1519 2689 1584 μιᾶς
2742 1517 3054 1586 φθανόντων
3106 1518 3396 1588 έκείνωνῆ
3457 1519 3548 1570 καὶ

1970 1606 2237 1677 δευτέρας
2270 1607 2672 1678 μετασκηνοῦν.
2722 1609 2928 1674 Πλῆθος
2961 1609 3004 1661 δ’
3033 1605 3101 1680 ἦν
3128 1609 3359 1677 ὀπωρῶν
3393 1611 3552 1662 ὲκκε-

1973 1699 2225 1769 χυμένων
2264 1699 2416 1774 κάτω
2465 1700 2572 1753 τῶν
2615 1699 2866 1772 δένδρων,
2915 1701 2992 1764 ὡς
3032 1685 3241 1755 ἐκεῖθεν
3282 1701 3342 1754 τὸ
3391 1702 3550 1754 πλέον

1974 1790 2067 1842 τοῦ
2115 1791 2516 1862 στρατιωτικοῦ
2571 1791 2914 1855 σιτίζεσθαι·
2963 1792 3025 1845 τὸ
3071 1792 3181 1863 γὰρ
3230 1793 3551 1864 εἰσαχθῆναί

1973 1899 2079 1934 τισι
2113 1882 2220 1935 τῶν
2271 1882 2551 1952 ἐδωδίμων
2579 1885 2695 1936 ἐκεῖ
2735 1885 2831 1937 καὶ
2873 1882 2994 1935 λίαν
3025 1882 3110 1936 διὰ
3143 1885 3203 1936 τὸ
3233 1885 3350 1945 δέος
3394 1884 3550 1937 ἀπώ-

1977 1989 2139 2042 μοτον
2169 1969 2260 2044 ἦν.
2299 1975 2463 2027 Ὅθεν
2503 1975 2601 2027 καὶ
2653 1975 2916 2039 πολλάκις
2952 1978 3191 2047 πέμπων
3224 1977 3251 2027 ὁ
3296 1975 3552 2045 βασιλεὺς

1973 2066 2042 2118 τὰ
2073 2067 2170 2135 τῆς
2193 2067 2477 2138 τραπέζης
2519 2067 2722 2139 τρύφη,
2749 2069 2842 2121 τὸν
2888 2068 3126 2139 σκληρὸν
3170 2071 3428 2140 πιτυρίαν
3461 2069 3553 2121 καὶ

1977 2158 2204 2227 μέλανα,
2243 2161 2466 2226 γυναικί
2517 2178 2576 2214 τε
2612 2163 2730 2230 ἅμα
2775 2163 2870 2215 καὶ
2915 2162 3156 2233 πενθερᾷ
3211 2163 3301 2215 καί
3335 2178 3398 2228 γε
3447 2177 3554 2212 πα-

1975 2249 2214 2322 τριάρχῃ
2259 2253 2354 2303 καὶ
2385 2254 2499 2313 τοῖς
2539 2253 2839 2322 γνωρίμοις
2876 2255 3119 2322 παρίστα
3165 2253 3225 2306 τὸ
3258 2251 3552 2315 δυσπειθὲς,

1974 2342 2204 2413 γράφων
2238 2345 2360 2414 μηδ’
2393 2344 2558 2398 αὐτοῦ
2602 2345 2906 2417 πηγιμαίου
2943 2346 3133 2409 ὕδατος
3178 2347 3454 2415 εὐπορεῖν,
3496 2346 3556 2397 τὸ

1976 2520 2172 2583 malis;
2211 2523 2338 2576 hinc
2367 2523 2590 2594 defungi
2619 2525 2955 2596 cogebamur
2991 2525 3385 2596 perfunctoriis
3423 2541 3556 2596 pro-

1977 2613 2310 2675 visionibns,
2359 2615 2642 2670 mittendis
2684 2615 2800 2671 haec
2861 2617 2915 2672 in
2965 2619 3082 2673 loca
3116 2618 3409 2687 praefectis.
3447 2633 3556 2689 quo

1982 2705 2169 2759 venire
2207 2705 2356 2774 ipsos
2407 2722 2504 2762 nos
2551 2717 2899 2776 oportuerat.
2945 2710 3009 2763 Et
3043 2713 3410 2775 venissemus,
3448 2713 3554 2766 nisi

1981 2795 2135 2849 falsis
2169 2793 2258 2848 isti
2305 2797 2510 2852 nuntiis
2542 2801 2922 2852 necessitatem
2954 2801 3127 2855 nostri
3162 2803 3429 2854 adventus
3458 2803 3556 2855 ab-

1981 2888 2330 2943 scondet-ent.
2358 2889 2527 2943 Erant
2549 2891 2599 2944 lii
2633 2890 2884 2947 homines
2906 2893 3074 2954 avari,
3105 2894 3310 2963 rapinis
3339 2893 3554 2948 intenti:

1930 3031 1940 3051 ί
1980 2981 2283 3048 praedarum
2334 2996 2555 3036 suarum
2599 2992 2654 3036 et
2695 2985 3119 3040 concussionum
3167 2988 3252 3043 hic
3285 2989 3558 3042 exercita-

1980 3087 2101 3124 ruin
2136 3081 2302 3126 testes
2343 3072 2544 3129 habere
2578 3075 2810 3145 Augusti
2845 3077 3134 3144 prasentis
3165 3077 3354 3131 oculos
3400 3069 3560 3132 lime-

1905 3196 1947 3249 ο
1983 3164 2133 3218 bant.
2161 3163 2287 3218 Ideo
2316 3165 2511 3220 litteris
2532 3165 2820 3220 fallacibus
2849 3167 3198 3221 occultabant
3226 3167 3559 3222 offensiones

1989 3256 2113 3312 belli
2143 3260 2441 3327 ruinasque
2468 3259 2743 3323 locorum,
2785 3274 2852 3313 ne
2880 3260 3182 3315 remedium
3222 3261 3310 3325 iis,
3343 3264 3385 3317 si
3423 3275 3562 3318 noue

1989 3350 2247 3412 fuissent,
2292 3349 2660 3404 adhibendum
2707 3367 2736 3404 a
2770 3352 2928 3405 nobis
2962 3353 3269 3407 rationibus
3317 3355 3558 3426 ipsorum

1989 3443 2216 3514 privatis
2245 3445 2706 3499 incommodaret.
2732 3445 2876 3516 Ergo
2900 3455 2956 3500 ut
2988 3448 3210 3516 impune
3233 3449 3366 3516 ipsis
3391 3457 3560 3511 esset,

1991 3545 2050 3590 ut
2084 3536 2442 3589 violentarum
2491 3538 2874 3593 cxtorsionum
2923 3553 3114 3607 parmis
3161 3557 3268 3593 non
3321 3541 3558 3614 luerent,

1991 3629 2348 3684 mendacibus
2381 3646 2480 3684 nos
2523 3630 2787 3686 lactantes
2837 3631 3060 3700 scriptis
3096 3634 3370 3701 regionem
3418 3634 3562 3686 hanc

1992 3731 2301 3787 vastarunt,
2333 3732 2388 3778 ct
2419 3725 2470 3776 in
2504 3725 2776 3793 frequenti
2818 3727 2946 3779 olim
2984 3741 3048 3781 ac
3084 3728 3286 3795 passim
3321 3724 3560 3779 habitata

1995 3821 2134 3866 terra
2166 3812 2538 3876 solitudinem,
2571 3828 2734 3881 quam
2764 3823 3043 3882 gementes
3081 3817 3382 3878 cernimus,
3421 3815 3565 3868 fece-

1993 3915 2140 3957 runt.
2173 3901 2298 3957 Ηιιεο
2332 3904 2644 3973 deplorans,
2683 3907 2904 3959 omissis
2946 3906 3158 3960 deliciis
3189 3907 3374 3975 regiis,
3412 3905 3560 3959 cultu

1992 4013 2054 4051 ac
2104 3996 2247 4050 fastu
2306 3997 2587 4066 principali
2635 3999 2927 4066 neglectis,
2975 4000 3204 4051 curandi
3238 4000 3366 4067 quin
3400 4007 3561 4052 etiam

1993 4091 2240 4158 corporis
2273 4094 2407 4144 adeo
2452 4091 2743 4144 immemor
2777 4099 2833 4143 ut
2879 4092 3056 4145 obviis
3102 4093 3410 4161 quibusque
3447 4094 3565 4144 sine

1992 4182 2202 4238 delectu
2239 4189 2333 4235 aut
2369 4191 2630 4252 apparatu
2663 4192 2999 4249 vesceretnr,
3023 4182 3163 4236 ultra
3186 4183 3362 4250 quoad
3391 4187 3566 4252 potuit

1995 4273 2272 4328 tendebat.
2313 4272 2615 4343 Coegitque
2650 4283 2760 4326 tum
2798 4273 3014 4338 Persas,
3051 4284 3315 4347 quantum
3342 4285 3426 4330 est
3451 4278 3566 4345 ipse

1995 4377 2339 4435 pregressus,
2398 4364 2761 4420 retrocedere.
2823 4363 2948 4419 Erat
2997 4376 3178 4420 autem
3236 4355 3448 4420 itineris
3503 4380 3566 4418 ea

1997 4465 2127 4510 tunc
2163 4453 2325 4517 ratio,
2357 4463 2415 4507 ut
2444 4454 2536 4507 ubi
2581 4455 2907 4524 prwcedenti
2955 4471 3182 4525 vespere
3231 4456 3404 4511 Persae
3449 4453 3567 4506 fue-

307 4557 363 4608 in
414 4565 647 4608 conatus
701 4555 937 4609 rebelles
988 4553 1343 4623 impugnandi
1401 4551 1700 4622 principem
1729 4568 1742 4614 ;
1794 4551 1882 4604 tibi
1915 4560 1968 4619 D
1997 4558 2135 4608 rant,
2170 4555 2444 4616 posterum
2478 4544 2550 4600 ibi
2583 4545 2726 4600 diem
2763 4548 3058 4617 imperator-
3088 4549 3348 4618 cxigeret,
3380 4553 3432 4602 iu
3471 4549 3567 4602 ho-

308 4647 529 4714 prodire
567 4645 726 4699 aliter
756 4646 808 4698 in
844 4660 957 4697 rem
997 4658 1103 4698 non
1139 4652 1388 4710 possunt,
1419 4641 1714 4694 maledicas
1743 4641 1883 4692 inci-

310 4746 491 4790 tantes
516 4737 730 4805 linguas
754 4739 821 4789 ad
845 4735 1109 4789 seditiose
1135 4734 1590 4787 murmurandum
1621 4733 1886 4786 adversus

305 4829 690 4895 imperantem,
729 4827 844 4882 haec
895 4835 948 4880 et
999 4825 1089 4880 illa
1139 4825 1260 4893 ejus
1305 4833 1426 4878 aeta
1478 4832 1888 4888 percensentes,

306 4934 428 4984 qua:
461 4934 627 4986 prava
655 4934 778 4974 esse
809 4918 1172 4976 contendunt.
1207 4927 1261 4971 et
1291 4933 1440 4970 reum
1479 4916 1632 4969 illutn
1662 4915 1891 4969 violata-

309 5026 432 5062 rum
477 5014 656 5079 legunt
709 5020 764 5064 et
817 5010 1138 5080 reipublicae
1195 5011 1436 5079 pessime
1492 5007 1888 5061 adminisuatze

311 5104 668 5158 licentissime
712 5113 1010 5173 peragunt;
1047 5101 1206 5172 503
1244 5117 1340 5171 per
1375 5103 1491 5154 inec
1521 5101 1589 5154 ab
1645 5115 1710 5165 eo
1758 5100 1892 5153 alie-

309 5209 506 5250 nantes
556 5196 770 5254 animos
819 5195 1128 5257 hominum,
1173 5205 1226 5248 et
1279 5203 1523 5247 metuere
1571 5191 1749 5260 ipsum
1785 5191 1889 5245 s.bi

310 5297 573 5356 (egernes
607 5301 619 5335 :
658 5285 909 5340 naturale
941 5287 1144 5355 quippe
1175 5283 1374 5352 cuique
1402 5290 1488 5337 est
1515 5281 1584 5336 ad
1611 5282 1889 5351 objectuin

313 5392 482 5446 grave
519 5379 639 5430 vitae
689 5392 748 5431 ac
803 5386 984 5432 status
1034 5376 1242 5446 pr0prii
1285 5376 1587 5445 periculum
1641 5376 1887 5429 horrere.

313 5467 452 5521 llinc
489 5471 668 5536 capite
701 5471 1010 5538 reipublu-at
1038 5470 1105 5523 de
1137 5485 1199 5524 se
1238 5471 1497 5536 sollicito,
1532 5479 1587 5524 et
1609 5483 1678 5522 ea
1703 5483 1897 5522 neces-

312 5563 458 5614 saria
521 5565 604 5615 sui
655 5578 783 5614 cura
833 5579 860 5616 a
916 5562 1258 5616 consulendo
1304 5561 1596 5617 efﬁcaciter
1655 5561 1894 5616 subditis

312 5669 531 5715 averso,
589 5656 834 5708 membra
885 5655 1100 5723 imperii
1153 5655 1389 5723 discerpi
1449 5654 1701 5723 contigit.
1752 5652 1893 5709 Hinc

317 5756 523 5813 torpor,
561 5745 814 5808 addebat,
852 5746 1092 5814 obrepsit
1121 5747 1315 5810 nobis;
1363 5747 1490 5799 hinc
1525 5745 1664 5798 tardi
1707 5761 1768 5798 ac
1803 5761 1916 5800 se-.

319 5853 452 5901 gues
485 5834 686 5901 fuimus
733 5835 784 5888 in
815 5837 1158 5889 υιςριιιιιιιιείο
1203 5851 1298 5904 per
1334 5851 1432 5888 nos
1479 5835 1887 5903 provinciarum

1993 4641 2176 4709 Spitiu,
2229 4638 2430 4709 quibus
2481 4636 2557 4690 iiii
2603 4648 2762 4692 erant
2796 4641 2902 4703 usi,
2943 4640 3079 4696 focis
3113 4643 3289 4694 adhuc
3325 4641 3565 4708 ipsorum

1991 4731 2257 4786 fumantia
2289 4733 2611 4787 succedens.
2667 4732 2854 4802 Itaque
2893 4735 3120 4788 diecula:
3163 4735 3250 4787 vix
3285 4737 3446 4789 unius
3477 4745 3571 4786 aut

1993 4838 2269 4877 summum
2306 4823 2458 4877 bidui
2487 4825 2778 4878 intervallo
2813 4826 2965 4880 locus
2997 4827 3138 4880 idem
3169 4836 3221 4881 et
3265 4828 3457 4880 l’ersas
3491 4827 3572 4880 iii-

1995 4920 2219 4972 miserat
2251 4918 2439 4987 pedem
2482 4933 2575 4972 sua
2613 4935 2806 4972 versus
2843 4919 3141 4973 referentes
3182 4929 3235 4972 et
3271 4921 3567 4974 instantem

1994 5010 2237 5078 vestigiis
2267 5009 2510 5079 ipsorum
2535 5011 2840 5080 exepiebat
2872 5013 3196 5081 Augustum.
3223 5013 3572 5078 Apparehaut

1995 5110 2176 5154 autem
2220 5109 2331 5154 tota
2375 5117 2577 5168 passnn
2615 5103 2832 5171 regione
2854 5112 3028 5155 strata
3065 5103 3179 5156 suis
3208 5118 3436 5173 qua-que
3469 5104 3573 5157 Sub

1997 5190 2289 5246 arboribus
2326 5207 2485 5260 poma
2532 5192 2762 5246 decidua
2802 5194 3120 5262 fructusque
3153 5192 3332 5246 omnis
3356 5197 3574 5262 generis

1998 5285 2221 5346 maturi,
2252 5293 2404 5337 tanta
2431 5285 2585 5352 copia
2619 5294 2677 5337 tit
2717 5286 2910 5353 majori
2944 5286 3214 5339 exercitus
3252 5285 3387 5351 parti
3415 5287 3575 5338 cibus

1999 5374 2125 5428 inde
2160 5375 2456 5429 sufﬁceret.
2489 5375 2619 5427 Nam
2658 5377 2759 5428 alia
2794 5378 3004 5430 ratione
3041 5376 3268 5445 pra-beri
3307 5377 3481 5429 forum
3520 5387 3576 5430 et

1991 5465 2188 5520 inferri
2223 5469 2420 5521 castris
2455 5467 2562 5521 illis
2591 5477 2959 5520 cmumeatum
2990 5510 3002 5532 ,
3042 5467 3335 5520 inti-rdicm
3365 5468 3437 5519 du
3464 5472 3572 5521 Tum

1997 5561 2048 5614 vi
2080 5575 2142 5615 ac
2177 5571 2320 5614 metu
2355 5561 2533 5614 hostili
2570 5578 2663 5630 per
2703 5561 2865 5632 505,
2900 5577 3115 5615 omnem
3155 5562 3297 5615 hunc
3331 5562 3434 5615 late
3468 5573 3577 5615 tra-

1998 5661 2142 5706 ctum
2162 5655 2516 5717 commercio,
2541 5656 2870 5722 Sperundum
2901 5653 3040 5706 haud
3066 5662 3204 5707 exat.
3223 5651 3410 5722 Itaque
3436 5670 3578 5722 s;t'pe

2001 5744 2054 5796 in
2091 5745 2363 5812 specimen
2396 5744 2582 5797 miseri
2619 5761 2730 5814 quo
2763 5754 2893 5798 tunc
2931 5745 3184 5798 utebatur
3218 5747 3394 5810 vietus
3427 5755 3576 5797 m:s:t

2002 5835 2300 5902 imperator
2327 5834 2392 5888 ad
2431 5835 2727 5903 August-au:
2755 5849 2807 5890 et
2839 5852 3078 5903 socrum,
3109 5839 3172 5889 ad
3210 5838 3572 5906 patriarchain
