3964 6514
440 353 544 415 967

1545 379 1554 386 ·
1647 365 1975 427 GEORGII
2014 367 2505 432 PACHYMERIE

3577 379 3682 445 968

433 467 490 521 δέ
523 484 586 535 γε
614 468 862 538 ποταμοῦ
892 468 1175 540 τρυγοὶπῳ
1208 470 1563 545 διηθούμενον
1602 476 1698 529 καὶ
1739 477 2017 548 ἐξαιθρια-
2042 482 2092 541 Α
2121 480 2228 532 τῶν
2248 481 2358 556 ,τῆς
2414 483 2665 556 Προύσης
2699 483 2882 556 μερῶν
2925 485 3204 555 ἀνάγεται,
3246 488 3314 541 τά
3362 488 3461 559 τῆς
3503 490 3682 544 αὐτῶν

436 560 666 627 ξάμενον
718 560 874 629 μόλις
932 563 1192 632 προσιτὸν
1242 561 1382 618 εἶναί
1427 567 1479 618 οί
1531 569 1716 622 ποτόν.
1745 567 1836 637 Μὴ
1875 567 2017 636 ,γοῦν

2119 575 2486 644 ἐπισκέψεως,
2517 575 2657 630 ὥστε
2691 579 2786 630 καὶ
2801 579 2908 632 τῶν
2929 579 3141 650 ἐχθρῶν
3162 580 3361 647 τελέως
3383 583 3682 656 ἐκδιωχθῆο

437 652 637 716 ἱκανῶς
678 653 816 722 ἔχων
846 654 969 707 τότε
1016 654 1236 708 διώκειν
1277 655 1335 709 ἐν
1371 655 1702 728 δυσχωρίαις
1724 658 1785 712 τδ
1818 659 2018 729 Περσι·
2118 681 2230 730 ναι,
2260 667 2339 730 είς
2360 668 2552 740 καιρὸν
2584 667 2802 724 εὔθετον
2833 671 3186 742 ἀναθέμενος.

435 742 564 806 κον,
592 742 769 804 ἄλλως
801 759 860 796 τε
897 744 991 797 καὶ
1045 744 1253 807 ἐνδείας
1309 746 1668 818 ἐπικειμένης
1713 748 1822 802 τῶν
1851 750 2019 818 ἀναγ-

405 819 630 900 ’καίων,
659 836 721 889 τὸ
746 837 886 900 τέως
931 837 1074 905 ἐγνω
1101 838 1193 890 τὸν
1237 841 1404 892 τόπον
1442 840 1797 912 κατοχυροῦν,
1827 843 1924 895 καὶ
1950 841 2017 912 δὴ
2115 819 2183 878 λ’·
2239 822 2314 876 τὰ
2364 824 2517 879 κατά
2572 824 2712 912 toi":
2763 827 2916 894 πρὸς
2972 828 3080 912 ﬂ?"
3132 829 3342 888 πάδων
3383 831 3686 901 Μαρτῖνον

434 927 719 998 φρουρίοις
780 928 896 999 pta
914 932 1132 998 συχνοῖς
1179 934 1244 984 τὰ
1287 930 1418 1004 παρ’
1447 933 1682 1003 ἐκάτερα
1709 934 1801 987 τοῦ
1843 951 2016 990 ποτα-

435 1018 540 1088 μοῦ
571 1019 920 1090 διελάμϐανε,
952 1021 1021 1074 τά
1052 1022 1150 1091 μὲν
1180 1023 1526 1092 πεπονηκότα
1558 1024 1636 1094 τῷ
1680 1026 1856 1096 χρόνῳ
1895 1027 2017 1078 ἐπι-

435 1110 716 1172 σκευάζων
736 1114 828 1164 καὶ
856 1111 1144 1176 συνιστῶν,
1171 1112 1304 1165 ἀλλα
1323 1113 1380 1165 δὲ
1414 1113 1575 1177 αὐτὸς
1600 1115 1853 1180 άνιστῶν,
1878 1115 2010 1170 ὅπου

432 1203 528 1256 τοῦ
552 1204 800 1273 ποταμοῦ
838 1204 1253 1277 λειψυδροῦντος
1277 1207 1443 1278 πόρον
1467 1207 1574 1258 ἔδει
1599 1207 1902 1275 γίγνεσθαι,
1935 1208 2011 1272 ὡς

431 1297 498 1350 ἂν
542 1297 660 1368 ἅμα
712 1299 809 1368 μὲν
857 1301 925 1371 τῇ
975 1299 1084 1352 τῶν
1111 1301 1389 1370 φρουρίων
1433 1300 1753 1368 πυκνότητι,
1806 1300 1921 1369 ἅμα
1953 1298 2012 1352 δὲ

435 1393 531 1442 καὶ
563 1392 684 1454 ταῖς
705 1391 814 1444 τῶν
835 1393 1150 1460 ἀναγκαίων
1173 1394 1355 1446 τόπων
1384 1394 1751 1461 προκατοχαῖς
1784 1393 1840 1444 ἐν
1865 1393 2012 1462 ἀμη-

433 1483 620 1550 χάνοις
657 1484 726 1534 τά
757 1482 866 1535 τῶν
915 1482 1141 1548 Περσῶν
1193 1483 1470 1552 γίνωνται.
1504 1482 1786 1536 Συστεῖλαι
1813 1481 1871 1535 δέ
1910 1481 2010 1534 θέ-

432 1571 541 1623 λων
567 1572 662 1624 καὶ
708 1572 807 1634 τὰς
858 1573 1084 1641 ἐφόδους
1116 1574 1224 1626 τῶν
1270 1575 1534 1628 ἐπιόντων
1575 1573 1650 1636 ὡς
1693 1575 1766 1645 μὴ
1815 1572 2008 1642 ἀνέδην

430 1661 628 1714 ὁπόθεν
663 1663 938 1728 βούλοιντο
981 1665 1287 1719 διεκπαίειν
1324 1667 1419 1720 καὶ
1453 1667 1834 1718 ἐπεισπίπτειν
1873 1663 2008 1732 ἀδή-

429 1750 558 1814 λως,
606 1751 969 1822 ἀξινηφὸρους
1017 1755 1076 1817 ἐς
1119 1755 1254 1809 πολὺ
1303 1755 1505 1825 πλῆθος
1554 1755 2008 1824 συναθροισθῆναι

2637 897 3158 967 ἀποκρισιαρίους.

2193 1025 2279 1098 [Ρ.
2311 1026 2440 1101 3H]
2485 1027 2694 1101 Ξυνέϐη
2742 1031 2798 1084 δέ
2826 1031 2936 1085 τότ’
2972 1033 3077 1087 ἀνὰ
3136 1034 3385 1107 Προῦσαν
3441 1036 3684 1106 διάγοντι

2115 1118 2212 1172 καὶ
2244 1118 2312 1172 τά
2343 1119 2484 1174 κατά
2509 1121 2599 1174 τὸν
2638 1123 2868 1178 πάππαν
2901 1124 3111 1193 μαθεῖν,
3144 1126 3204 1190 δς
3235 1127 3298 1197 δὴ
3344 1129 3433 1182 καὶ
3471 1129 3686 1202 Maps?-

2112 1225 2203 1273 νος
2230 1211 2367 1280 μετὰ
2397 1212 2664 1267 Νικόλαον
2691 1209 2780 1285 ἦν.
2813 1216 2957 1287 Πρὸς
2986 1216 3092 1288 γὰρ
3118 1217 3280 1272 αὑτὸν
3307 1219 3508 1289 ἔφθασε
3539 1221 3685 1291 πέμο

2111 1299 2212 1369 ψαι
2270 1302 2362 1354 τόν
2403 1318 2464 1354 τε
2527 1301 2857 1373 Ἡρακλείας
2904 1295 3110 1361 Λέοντα
3165 1308 3263 1362 καὶ
3306 1309 3400 1362 τὸν
3445 1309 3683 1373 Νικαίας

2111 1392 2414 1463 Θεοφάνην.
2451 1393 2515 1447 Oi
2551 1394 2614 1466 δὴ
2665 1397 2760 1451 καὶ
2808 1399 3131 1465 ἐπιστάντες
3160 1401 3223 1454 οὺ
3270 1401 3391 1456 κατ’
3435 1402 3684 1465 ἐλπίδας.

2110 1481 2179 1545 ἃς
2230 1479 2378 1552 εἶχον
2425 1485 2902 1556 ἀποστελλόμενοι,
2950 1489 3080 1560 παρ’
3133 1492 3358 1545 ἐκείνων
3406 1493 3680 1562 ἐδέχοντο.

2110 1570 2250 1624 ἀλλά
2282 1572 2594 1629 τούναντίον
2627 1575 2797 1630 suav.
2832 1577 2912 1632 Τά
2947 1578 3058 1650 γὰρ
3101 1580 3222 1634 καθ’
3249 1582 3393 1652 ἡμᾶς
3426 1583 3502 1644 ὡς
3532 1579 3682 1654 εἶχον

2113 1660 2398 1729 μαθόντες,
2447 1667 2542 1717 καὶ
2589 1664 2727 1735 ὅπερ
2768 1661 2835 1737 ἦν
2889 1669 3351 1737 ὑποτοπάσαντες,
3392 1673 3588 1743 χλεύην
3622 1676 3683 1726 τὸ

2109 1755 2336 1822 γεγονὸς
2361 1757 2456 1810 καὶ
2480 1759 2580 1811 οὐκ
2606 1758 2864 1830 ἀλήθειαν
2894 1763 3154 1834 ἄντικρυς
3181 1765 3355 1836 (παρά
3383 1767 3543 1835 μόνον
3567 1768 3680 1836 γάρ

430 1843 666 1908 κελεύει,
697 1847 792 1896 καὶ
825 1846 997 1914 μῆκος
1030 1846 1126 1915 μέν
1167 1850 1604 1917 παραμετρῆσας
1633 1844 1725 1898 τοῦ
1758 1844 2004 1914 ποταμοῦ
2035 1831 2078 1887 Β
2107 1843 2329 1914 βασιλέα
2358 1849 2452 1901 καὶ
2489 1850 2840 1922 πατριάρχην
2865 1853 2959 1907 καί
2995 1831 3147 1918 τινας
3181 1831 3298 1909 τῶν.
3323 1831 3453 1928 περὶ
3478 1831 3680 1922 αὐτοὺς

429 1935 553 1988 ὅσον
590 1932 658 2006 ἦν
685 1938 983 2004 ἀναγκαῖον
1004 1938 1462 2008 κατοχυροῦσθαι,
1492 1938 1692 2000 πλάτος
1717 1937 1773 1990 δὲ
1800 1939 1861 1988 τὸ
1889 1939 2008 1988 lxa-

431 2028 520 2080 νὸν
554 2027 932 2099 λογισάμενος,
971 2029 1178 2098 σπουδῇ
1212 2032 1278 2082 τά
1326 2030 1520 2100 δένδρα
1562 2029 1860 2090 κόπτοντας
1889 2029 2008 2078 ἐπι-

431 2120 614 2173 τάττει
659 2123 1114 2175 ἐπικαταϐάλλειν
1161 2121 1219 2175 ἐν
1245 2123 1332 2190 ἐφ’
1363 2123 1463 2184 ἐνὶ,
1517 2123 1611 2176 καὶ
1659 2120 1801 2173 οὕτω
1835 2136 2004 2173 κατα-

432 2211 713 2264 πυκνῶσαι
740 2215 851 2276 τοῖς
877 2212 1047 2266 κλωσὶ
1069 2213 1177 2266 τῶν
1215 2213 1447 2284 δένδρων
1474 2213 1564 2265 τὸν
1599 2213 1760 2266 τόπον
1782 2211 1857 2274 ὡς
1880 2210 2004 2282 μηδ’

431 2304 558 2369 ὅφιν
587 2298 699 2357 οἷόν
731 2305 779 2356 τ’
811 2299 951 2358 εἶναι
984 2295 1170 2375 σχεδὸν
1200 2305 1530 2376 διέρχεσθαι.
1560 2302 1745 2356 Ταῦτα
1777 2302 1912 2372 πρὸς
1942 2301 2004 2355 τὸ

429 2396 604 2463 παρὸν
632 2395 894 2461 ἐπιτάξας
925 2414 983 2449 τε
1013 2397 1110 2451 καλ⁵
1145 2396 1567 2462 κατασκευάσας
1615 2395 1692 2465 τῷ
1727 2397 2002 2465 ἐπιμεῖναι

428 2485 970 2554 ταλαιπωρούμενος,
1015 2486 1168 2548 τέλος
1232 2487 1571 2555 σιταρκήσας
1622 2487 1735 2550 τοῖς
1794 2487 1851 2537 ἐν
1889 2487 2000 2548 τοῖς

429 2573 710 2644 φρουρίοις
746 2575 810 2627 τὸ
856 2573 1062 2640 ἰκανὸν,
1091 2575 1245 2646 παρά
1283 2576 1374 2630 τὸν
1424 2573 1668 2646 ποταμὸν
1713 2575 1876 2645 μέχρι
1905 2573 2001 2628 καὶ

425 2756 592 2810 etiam
614 2763 669 2810 et
697 2753 834 2810 alios
854 2753 1176 2820 familiares,
1207 2752 1549 2809 furfurosum
1575 2768 1768 2823 panem
1800 2752 1996 2808 durum

425 2856 482 2903 et
511 2857 718 2911 atrum,
757 2847 858 2902 bas
889 2863 1015 2903 esse
1047 2846 1298 2904 scribens
1331 2847 1574 2900 lautitias
1603 2860 1717 2901 suae
1751 2859 1996 2909 mensae;

423 2949 483 2997 et
523 2940 852 3012 atljungebat
900 2941 1095 2996 iisdem
1150 2940 1350 2996 litteris
1396 2955 1466 2995 ne
1501 2938 1739 2995 fontanae
1776 2937 1996 3008 quidem

423 3032 532 3088 sibi
569 3048 729 3102 aqua:
757 3034 973 3103 copiam
1005 3032 1073 3087 ad
1105 3041 1291 3102 potum
1323 3040 1641 3102 suppetere,
1671 3028 1767 3085 sed
1809 3044 1841 3085 e
1881 3040 1999 3084 tur-

422 3125 553 3180 bido
608 3127 870 3181 haustum
914 3123 1160 3191 ﬂumine,
1215 3125 1322 3180 coli
1367 3123 1787 3180 transmissione
1819 3122 1996 3177 obiter

420 3226 711 3286 purgatum
731 3216 1226 3285 refrigeratamque
1251 3215 1356 3270 sub
1381 3215 1494 3282 dio,
1517 3230 1680 3285 quem
1704 3214 1996 3270 sitibunda:

421 3305 612 3361 fauces
643 3321 785 3375 aegre
810 3305 1189 3372 admitterent,
1219 3305 1488 3374 liquorem
1522 3306 1822 3376 prepinaii.
1855 3303 1993 3360 Cum

420 3407 608 3454 autem
642 3398 832 3454 hostes
858 3397 939 3453 sic
988 3399 1246 3454 instando
1275 3399 1641 3455 contrusisset
1670 3399 1726 3453 in
1764 3413 1994 3471 asperos

414 3492 531 3561 jam
565 3505 665 3546 nec
689 3490 848 3546 facile
886 3490 1103 3560 pervios
1133 3489 1321 3547 limitis
1355 3492 1598 3560 ipsorum
1628 3492 1823 3558 saltus,
1851 3494 1995 3550 haud

421 3597 482 3636 se
515 3580 732 3636 idoneis
768 3582 1098 3636 instructum
1129 3582 1304 3653 copiis
1348 3574 1592 3638 sentiens
1625 3584 1693 3639 ad
1721 3599 1816 3640 eos
1849 3587 1995 3641 ulte-

422 3674 540 3726 rius
563 3673 996 3743 persequendos,
1018 3682 1071 3728 et
1100 3675 1323 3730 aliunde
1346 3689 1528 3730 rerum
1556 3677 1992 3734 necessariarum

423 3767 653 3834 penuria
686 3774 937 3836 urgente,
984 3768 1229 3838 cogitare
1277 3768 1344 3822 de
1375 3769 1552 3824 reditu
1580 3779 1808 3826 coactus
1840 3774 1994 3842 prius

421 3866 630 3925 tamen,
660 3859 840 3928 quoad
877 3874 964 3915 res
996 3860 1234 3928 sinebat,
1272 3861 1490 3916 munire
1521 3861 1753 3918 limitem
1783 3866 1996 3920 studuit

420 3951 643 4005 arcibus
683 3949 752 4002 ad
790 3958 1079 4020 utramque
1119 3950 1362 4007 fluminis
1412 3951 1586 4023 ripam
1642 3957 1897 4011 excitatis
1939 3967 1994 4011 et

423 4040 678 4112 praesidio
732 4040 962 4096 insessis
1001 4042 1272 4112 plurimis.
1305 4043 1547 4110 Quarum
1588 4045 1803 4116 aliquas
1831 4057 1990 4103 vetu-

419 4139 565 4188 state
594 4148 658 4187 ac
687 4138 1003 4202 temporum
1023 4133 1239 4204 injuriis
1257 4137 1550 4192 semirutas
1569 4136 1760 4192 refecit
1787 4141 1994 4194 instru-

417 4225 628 4294 xitque,
654 4238 822 4278 novas
855 4223 970 4294 ipse
985 4224 1198 4296 aliquas
1229 4226 1555 4298 adjungens,
1587 4228 1661 4284 ibi
1684 4231 1988 4300 praesertim

419 4314 513 4368 ubi
550 4316 768 4384 parcior
797 4329 954 4384 aqua:
991 4317 1171 4373 amnis
1204 4319 1343 4374 vado
1372 4318 1549 4388 trajici
1589 4328 1782 4390 potest,
1818 4331 1877 4376 ut
1907 4323 1992 4380 sic

416 4413 473 4459 et
500 4404 797 4458 crebritate
827 4406 1210 4474 praesidiorum
1245 4416 1306 4465 'et
1331 4414 1806 4482 praeoccupatione
1833 4414 1986 4470 loco-

2106 1937 2306 2000 πάντες
2336 1941 2720 2010 ἐδυσμέναινον
2744 1947 2810 2016 τῇ
2843 1949 3060 2018 εἰρήνῃ,
3107 1948 3202 2002 καὶ
3238 1949 3437 2020 μᾶλλον
3469 1951 3551 2005 ὅτι
3579 1956 3680 2009 καὶ

2104 2033 2316 2093 ποιναῖς
2362 2031 2670 2098 ἀλλοκότοις
2719 2035 2911 2106 ἤθελεν
2956 2037 3353 2107 ἀσφαλίζεσθαι
3390 2041 3599 2111 ταύτην
3651 2046 3678 2095 ό

2106 2123 2406 2193 βασιλεὺς).
2460 2127 2703 2191 ἐκείνους
2735 2129 2836 2198 μὲν
2881 2132 2939 2184 ἐν
2969 2132 3186 2203 ἀτίμοις
3235 2129 3400 2205 εἷχον,
3439 2137 3533 2189 καὶ
3574 2137 3678 2205 τὴν

2103 2215 2184 2277 είς
2227 2215 2320 2270 τὸν
2347 2217 2578 2272 πάππαν
2617 2221 2880 2291 πρόσοδον
2920 2224 3017 2295 όψέ
3061 2227 3154 2280 καὶ
3198 2227 3352 2298 μόλις
3389 2231 3673 2299 παρεῖχον,

2101 2308 2254 2374 τέλος
2283 2310 2341 2365 δέ
2375 2311 2598 2382 βασιλέα
2629 2315 2728 2382 μὲν
2755 2318 2995 2380 καὶτοὺς
3025 2319 3163 2390 ἀμφ’
3192 2321 3454 2385 αὐτδνώς
3478 2322 3677 2392 χλευαο

2105 2403 2235 2464 στάς
2270 2404 2568 2475 ἐπιτιμίοις
2598 2409 2692 2460 καὶ
2734 2410 2810 2479 μὴ
2843 2409 3126 2479 ἀληθείαις
3164 2413 3511 2484 άτοιχοῦντας
3543 2415 3678 2483 dipo-

2104 2498 2326 2565 ρισμοῖς
2380 2497 2784 2564 καθυπὲϐαλον,
2845 2502 2969 2565 τοὺς
3023 2501 3081 2556 δέ
3138 2503 3397 2574 πρέσϐεις
3450 2504 3675 2574 μηδενὸς

2100 2585 2436 2653 ἀξιώσαντες
2467 2588 2579 2643 τῶν
2617 2591 2844 2645 εἰκότων
2893 2593 3245 2664 ἀπέπεμπον.
3280 2594 3469 2649 Ταῦτα
3511 2596 3670 2664 γνοὺς

2100 2780 2242 2821 nona
2277 2766 2330 2820 in
2359 2781 2516 2823 arces
2551 2777 2756 2839 quanta
2780 2785 2918 2840 opus
2942 2781 3061 2828 erat
3096 2771 3268 2836 illata,
3294 2774 3478 2845 legens
3503 2774 3672 2830 ﬂumi-

2101 2856 2189 2910 nis
2227 2856 2402 2928 ripam
2427 2859 2612 2914 Prusae
2647 2863 2894 2930 partibus
2930 2879 2991 2918 se
3017 2865 3311 2930 admovet,
3337 2865 3666 2933 diligentiori

2100 2947 2440 3016 inspectione
2483 2949 2730 3005 iocorum
2765 2956 3108 3018 eorumdem,
3141 2953 3219 3008 uti
3269 2961 3324 3010 et
3361 2955 3526 3026 plena
3573 2971 3668 3012 ex-

2098 3039 2353 3109 pulsione
2380 3039 2506 3096 inde
2535 3041 2775 3098 hostium
2799 3081 2816 3109 ,
2851 3043 2905 3098 in
2935 3052 3148 3115 tempus
3181 3053 3552 3117 opportunum
3584 3047 3668 3103 di-

2099 3135 2250 3190 latis.

2131 3283 2220 3340 30.
2265 3283 2340 3339 De
2372 3286 2736 3354 apocrisiariis
2773 3287 2842 3343 ad
2865 3257 3055 3358 papam
3099 3287 3394 3345 Martinam
3431 3290 3628 3346 missis.

2165 3423 2405 3494 Contigit
2455 3434 2635 3480 autem
2688 3435 2823 3482 tunc
2868 3427 3012 3497 apud
3062 3427 3292 3485 Prusam
3347 3428 3660 3499 imperatori

2095 3515 2458 3569 commoranti
2483 3515 2664 3571 all‘erri
2696 3518 2950 3573 nuntium
2980 3519 3048 3574 de
3066 3526 3210 3575 statu
3235 3535 3414 3574 rerum
3441 3537 3661 3576 suarum

2095 3611 2235 3676 apud
2291 3624 2511 3680 papam.
2563 3609 2832 3668 Martinus
2868 3613 2956 3669 hic
2984 3621 3118 3679 erat,
3148 3614 3509 3685 quiNicolao
3540 3631 3662 3671 sue-

2094 3712 2360 3756 cesserat.
2395 3702 2476 3757 Ad
2515 3701 2663 3756 hunc
2689 3714 3061 3760 maturaverat
3088 3707 3308 3761 mittere
3334 3704 3660 3762 Heracleen-

2094 3805 2207 3846 sem
2235 3792 2552 3862 episcopum
2586 3793 2824 3850 Leonem
2851 3807 2908 3852 et
2937 3795 3212 3852 Nicaeuum
3249 3795 3654 3868 Theophanem.

2093 3873 2294 3930 Verum
2321 3878 2374 3932 hi
2407 3881 2618 3950 appulsi
2649 3897 2760 3952 quo
2787 3883 3169 3947 mittebant-ur,
3190 3886 3333 3941 haud
3361 3887 3657 3942 secundum

2091 3971 2562 4038 exspectationem
2599 3973 2844 4043 ipsorum
2901 3977 3025 4031 istic
3071 3987 3201 4032 sunt
3237 3981 3476 4048 excepti.
3529 3983 3654 4050 quin

2092 4059 2274 4112 omnia
2309 4061 2492 4129 potius
2520 4064 2755 4132 speratis
2798 4068 3010 4134 experti
3049 4070 3350 4122 contraria.
3393 4066 3654 4123 Nimirum

2091 4151 2269 4208 edocti
2299 4155 2369 4216 ad
2409 4170 2596 4212 verum
2633 4159 2863 4214 Romani
2896 4161 2964 4215 de
2991 4165 3152 4219 rebus
3179 4166 3403 4230 ll0\ll'is,
3439 4179 3488 4222 et
3519 4168 3654 4236 quod

2095 4261 2180 4300 res
2197 4249 2610 4318 eratsuspicati,
2636 4253 2815 4316 istam,
2839 4269 2958 4322 qua:
2981 4270 3306 4325 magnopere
3324 4257 3652 4327 jactabazur,

2093 4350 2280 4404 pacem
2313 4339 2449 4394 nihil
2475 4343 2692 4396 demum
2731 4344 2879 4398 aliud
2911 4346 3014 4399 nisi
3058 4347 3242 4403 fucum
3275 4359 3330 4402 et
3363 4352 3652 4406 ludibrium

2092 4442 2213 4494 esse
2244 4429 2464 4498 (praeter
2490 4433 2693 4504 quippe
2721 4435 3106 4505 imperatorem
3139 4439 3314 4494 solum
3345 4449 3402 4494 et
3429 4445 3655 4509 patriar-

419 4511 541 4548 rum
575 4497 1022 4552 necessariorum
1051 4537 1069 4563 ,
1106 4501 1300 4571 inopes
1335 4504 1552 4559 consilii
1583 4503 1764 4560 Persae
1789 4507 1989 4562 redde-

419 4601 495 4604 -η
522 4596 607 4604 .--μ
665 4583 707 4604 η
762 4603 769 4604 ,
984 4589 1016 4604 _.
1159 4591 1170 4604 .
1351 4595 1361 4604 .
1872 4599 1881 4604 _
1910 4600 1920 4604 _

2102 4519 2254 4575 cham
2278 4497 2655 4596 quosdamque
2676 4497 2813 4580 cum-
2838 4528 2923 4583 his
2946 4531 3223 4595 assiduos,
3245 4497 3476 4589 exteros
3504 4536 3652 4604 plane

416 4596 629 4640 rentur.
663 4583 909 4654 Quorum
947 4589 1108 4644 etiam
1157 4591 1504 4650 incursiones
1530 4610 1784 4652 coercere
1831 4599 1990 4656 obice

301 4670 303 4672 ’
415 4678 672 4750 opposito
696 4679 947 4746 studens,
977 4697 1044 4737 ne
1068 4693 1126 4737 ut
1149 4693 1307 4741 antea
1342 4688 1684 4757 praelicenter
1709 4691 1848 4744 citra
1875 4707 1988 4748 me-

415 4778 532 4824 tum
562 4769 712 4848 illum
743 4786 852 4839 quo
880 4772 1100 4828 iubebat
1131 4773 1525 4846 irrumperent,
1561 4777 1895 4835 inobservati
1918 4796 1981 4836 ex

415 4862 716 4932 improviso
766 4861 1068 4932 irruentes,
1122 4870 1463 4940 securigeras
1515 4886 1713 4942 magno
1759 4889 1986 4931 numera

414 4954 740 5026 congregari
780 4957 1046 5028 praecipit,
1087 4969 1140 5014 et
1169 4959 1564 5030 longitudinem
1597 4963 1987 5024 ﬂuvii'ditnen-

419 5059 520 5100 sus
571 5056 830 5116 quantam
891 5051 1215 5120 expediebat
1245 5067 1411 5122 opere
1449 5056 1692 5124 muniri,
1747 5058 1985 5130 huicque

418 5133 616 5191 idonea
667 5137 962 5194 latitudine
1004 5141 1164 5210 juxta
1217 5157 1513 5215 congruam
1574 5151 1982 5218 proportionem

416 5231 853 5297 accommodata,
908 5232 1166 5290 festinato
1230 5249 1402 5292 caesas
1465 5239 1696 5296 arbores
1751 5242 1983 5300 invicem

411 5322 725 5376 coacervari
761 5337 869 5376 una
905 5323 999 5377 uni
1036 5328 1379 5397 superposita
1404 5328 1590 5397 jussit,
1626 5333 1985 5405 colligarique

410 5425 603 5471 mutuo
647 5416 946 5486 implicatis
997 5418 1239 5488 ipsarum
1276 5419 1436 5493 505
1470 5425 1662 5490 ramis,
1709 5425 1984 5484 densitate

407 5514 555 5562 tanta
590 5516 651 5562 ut
688 5522 755 5562 ne
785 5509 948 5578 angui
986 5511 1206 5580 quidem
1238 5512 1352 5568 fere
1393 5516 1642 5584 quaedam
1690 5515 1808 5572 haec
1834 5519 1982 5574 velut

406 5614 563 5668 stipes
587 5601 855 5669 praeberet
877 5604 1191 5660 transitum.
1227 5602 1324 5660 His
1355 5605 1410 5659 in
1444 5621 1684 5676 praesens
1713 5609 1983 5669 ordinatis

406 5702 458 5746 ct
521 5694 776 5761 provisis,
827 5711 951 5750 cum
1005 5697 1319 5752 ulteriorem
1357 5700 1481 5754 istic
1517 5715 1728 5755 moram
1778 5703 1980 5760 incom.

407 5788 566 5840 inoda
602 5793 980 5851 gravescentia
1031 5807 1138 5847 non
1193 5792 1588 5864 permitterent,
1627 5795 1846 5852 tandem
1873 5814 1978 5856 au-

2098 4625 2293 4666 omues
2333 4614 2531 4670 taedere
2563 4617 2917 4689 concordiae),
2960 4621 3184 4690 insuper
3219 4623 3383 4676 etiam
3427 4624 3550 4678 illas
3588 4625 3652 4677 ab

2097 4700 2430 4771 imperatore
2457 4705 2522 4760 ad
2560 4706 2716 4761 iidem
2745 4709 2895 4776 pacis
2934 4711 3150 4765 sincere
3179 4713 3325 4766 inita:
3351 4713 3649 4768 faciendam

2091 4789 2372 4849 aﬂ'ectatas
2405 4810 2687 4863 pmnarum
2716 4798 2782 4850 ab
2808 4795 3064 4856 Ecclesiae
3090 4805 3508 4859 mansuetudine
3535 4808 3652 4860 alie-

2091 4899 2289 4940 narum
2325 4888 2652 4945 atrocitates
2681 4889 3077 4960 improbantes,
3113 4894 3306 4964 frigide
3336 4895 3551 4966 legatos
3591 4912 3651 4953 ac

2090 4981 2449 5048 contemptim
2484 4980 2742 5046 habuere.
2775 4999 2875 5040 nec
2901 4999 2997 5041 eos
3027 4986 3130 5042 nisi
3169 5003 3294 5045 sero
3318 4991 3406 5044 vix
3439 4991 3646 5047 tandem

2091 5080 2146 5126 et
2172 5087 2317 5140 aegre
2341 5073 2406 5128 ad
2438 5087 2635 5145 papam
2671 5076 3136 5146 introduxerunt,
3169 5095 3236 5136 eo
3267 5080 3488 5138 demum
3529 5099 3650 5140 suc-

2089 5176 2250 5219 cessu
2284 5164 2599 5236 legationis,
2633 5177 2692 5223 ut
2724 5169 3021 5238 imperator
3065 5186 3190 5227 cum
3239 5176 3356 5230 suis
3395 5184 3644 5246 tanquam

2090 5253 2366 5320 iilusores,
2392 5265 2448 5314 et
2473 5260 2934 5319 ostentatiouibus
2965 5265 3361 5336 suppliciorum
3389 5267 3457 5322 ad
3481 5269 3646 5322 simu-

2086 5343 2328 5412 landam,
2350 5363 2514 5418 quam
2541 5365 2664 5406 vere
2682 5365 2790 5406 non
2818 5351 3078 5419 inierant,
3097 5357 3448 5412 concordiam
3473 5357 3643 5422 abusi,

2090 5429 2428 5492 anathemati
2458 5437 2882 5512 subjicerentur.
2912 5439 3032 5509 Quo
3076 5443 3222 5500 facto
3251 5446 3473 5516 legatos
3502 5449 3642 5502 nulla

2088 5525 2346 5596 digitalos
2394 5529 2787 5586 benevolentiae
2829 5542 2920 5586 aut
2976 5535 3201 5590 honoris
3247 5537 3643 5607 significatiOne

2087 5619 2439 5676 dimiserunt.
2481 5619 2644 5692 506
2685 5622 2814 5679 Haec
2858 5625 2950 5680 ubi
2984 5630 3294 5682 renuntiata
3337 5629 3642 5700 imperatori

2087 5725 2185 5781 per
2211 5709 2490 5768 Nicaeuum
2515 5725 2645 5771 sunt
2669 5723 2814 5786 (nam
2854 5716 3169 5774 Heracleota
3199 5736 3264 5775 eo
3286 5721 3482 5776 itinere
3507 5721 3644 5775 obie-

2091 5803 2197 5872 rat)
2235 5803 2614 5874 indignissime
2645 5809 2790 5873 tulit,
2817 5809 2954 5866 adeo
2977 5817 3036 5864 ut
3065 5827 3185 5866 cum
3223 5813 3365 5869 inter
3395 5829 3550 5870 sacra
3578 5813 3640 5867 de
