3964 6512
239 391 352 454 9Ἶ9

1180 389 1276 449 DE
1318 387 1707 447 MICHAELE
1749 385 2211 446 PALJEOLOGO
2247 387 2390 446 LIB.
2433 389 2535 449 VI.

3385 365 3490 424 970

239 499 495 567 βασιλεὺς
529 515 596 550 πα
612 497 678 566 ρὰ
709 497 796 550 τοῦ
827 497 1058 558 Num-Ta;
1086 500 1394 560 inundate;
1421 499 1467 566 (ὁ
1498 499 1602 566 γὰρ
1645 495 1811 566 Ἦρα·
1837 496 1887 554 Α
1915 495 2012 548 λα’.
2050 495 2184 561 Περὶ
2223 495 2342 550 τῶν
2377 497 2677 564 διαθηκῶν
2704 501 2806 553 τοῦ
2839 499 3206 569 πατριάρχου
3247 503 3488 570 Ἰωσῆ).

233 594 427 652 alsia;
460 591 757 658 ἐτεθνήκει)
809 591 866 640 ἐν
907 589 1066 659 δεινῴ
1110 592 1369 654 ἐποιεῖτο,
1415 588 1552 642 ὥστε
1585 587 1682 640 καὶ
1719 585 1813 638 τοῦ

234 684 488 738 διακόνου
545 683 829 752 μέλλοντος
887 682 1244 750 μνημονεύειν
1291 681 1386 734 τοῦ
1437 681 1635 734 πάππα
1675 674 1814 730 κατὰ

233 777 298 827 τὸ
336 775 566 842 σύνηθες
619 773 883 843 βασιλέως
917 775 1181 844 παρόντος
1224 775 1251 825 ό
1280 773 1496 841 κρατῶν
1533 769 1810 832 διεκώλυε,

237 868 381 920 καλὰ
411 868 584 932 λέγων
606 868 703 934 τῆς
730 867 947 936 ἀγάπης
971 866 1196 918 ἐκείνων
1218 864 1543 926 ἀπόνασθαι,
1560 860 1690 915 ὥστ’
1717 861 1814 912 αύ-

234 961 330 1012 τὸν
363 959 463 1028 μὲν
481 960 676 1012 smmis
689 959 863 1027 μῶσαι
885 960 951 1012 δι’
970 958 1209 1030 ἐκείνους
1229 957 1406 1027 ἐαυτῷ
1417 957 1541 1019 τοὺς
1558 955 1810 1017 οἰκείους,

235 1052 480 1112 ἐκείνους
503 1051 558 1104 δὲ
595 1052 670 1120 μὴ
697 1051 844 1114 ὅπως
873 1052 1031 1120 χάριν
1055 1051 1219 1120 ἔχειν,
1248 1049 1380 1103 ἀλλὰ
1407 1049 1500 1102 καὶ
1531 1063 1810 1115 προσαιρο-

236 1145 428 1212 ρῐζειν.
463 1143 593 1195 Τότε
625 1143 680 1195 δὲ
707 1144 798 1196 καὶ
827 1143 1065 1195 διαλύειν
1089 1141 1248 1212 ἦθελε
1274 1145 1372 1205 τὰς
1410 1141 1664 1202 σπονδάς.
1696 1137 1812 1191 Κᾶν

234 1236 533 1299 διελύοντο,
569 1239 618 1288 εί
651 1239 725 1304 μή
760 1254 813 1289 τι
843 1237 1176 1306 προσίστατο
1201 1238 1265 1303 τῇ
1299 1233 1479 1305 βουλῇ.
1514 1233 1682 1286 Αὑτὸν
1713 1231 1812 1300 μὲν

234 1333 348 1399 γὰρ
385 1330 556 1382 πολλὰ
585 1329 780 1383 παθεῖν
814 1330 901 1381 διὰ
942 1329 1113 1382 ταῦτα
1146 1329 1241 1381 καὶ
1278 1328 1428 1398 μόλις
1463 1326 1676 1391 ἀνύσαι,
1710 1324 1812 1378 κᾶν

234 1421 572 1485 ἐξαπιναῖως
609 1421 728 1474 λύοι
780 1420 1118 1489 παλινῳδῶν,
1165 1418 1479 1480 ἐπιστάντος
1533 1418 1624 1469 καὶ
1658 1413 1813 1480 αὖθις

233 1511 435 1578 καιροῦ
462 1510 554 1562 τοῦ
579 1510 754 1563 ταῦτα
784 1509 1110 1578 ζητήσοντος
1142 1508 1215 1576 μὴ
1250 1507 1331 1579 [Ρ.
1355 1507 1482 1578 545]
1511 1507 1577 1560 ἂν
1608 1507 1812 1560 ἀνυστέι

232 1601 492 1668 γενέσθαι
522 1602 581 1655 τὸ
609 1602 851 1655 σύνολον.
887 1603 1097 1670 Χωρεῖν
1127 1601 1185 1653 δέ
1208 1600 1378 1658 ἄλλως
1411 1601 1502 1652 καὶ
1538 1601 1614 1659 είς
1651 1615 1812 1668 μετα-

233 1694 401 1764 δολὴν
433 1693 500 1746 τὰ
525 1695 622 1764 τῆς
663 1693 989 1764 Ἐκκλησίας
1016 1693 1318 1762 πράγματα
1342 1691 1434 1744 τοῦ
1473 1691 1668 1760 Ίωσὴψ
1695 1693 1814 1742 ἐπι-

232 1784 628 1847 καταστάντος.
664 1784 837 1838 Αὐτὸν
871 1785 968 1853 μὲν
1001 1779 1095 1837 οὖν
1121 1784 1213 1836 καὶ
1247 1781 1520 1852 εἰρηνικὸν
1558 1783 1636 1844 είς
1669 1782 1812 1836 ἅπαν

230 1870 401 1939 εἶναι,
439 1874 536 1926 καὶ
565 1876 733 1946 μηδὲν
763 1875 823 1940 ἐξ
855 1876 1018 1928 αὑτοῦ
1049 1874 1328 1927 πιστεύειν
1364 1874 1472 1927 τῶν
1502 1875 1814 1944 ἀνηκέστων

234 1965 503 2032 γίνεσθαι,
559 1966 620 2018 οὐ
700 1965 804 2035 μὴν
855 1964 971 2018 ἀλλ’
1010 1964 1256 2032 ἀνάγκην
1312 1958 1449 2014 εἶναι
1524 1963 1620 2014 καὶ
1686 1960 1812 2021 τοὺς

231 2057 579 2127 κινήσοντας.
611 2059 717 2111 Καὶ
739 2057 889 2109 ταῦτ’
909 2057 1008 2126 οὐχ
1027 2055 1214 2120 ἅπλῶς
1251 2056 1573 2108 ὑποπτευων
1605 2051 1810 2118 ἔλεγεν,

231 2148 371 2202 ἀλλά
401 2166 462 2215 γε
492 2149 552 2201 τὸ
598 2150 702 2220 πρὸ
736 2150 942 2202 τούτων
989 2149 1206 2218 συμϐὰν
1252 2151 1355 2201 ἀνὰ
1390 2146 1481 2199 τὸν
1537 2145 1814 2214 Σάγγαριν

231 2239 603 2309 διατρίὸονῖος
636 2240 838 2311 ὁειλιᾷν
879 2241 1050 2294 ἐποίει
1104 2242 1234 2311 περὶ
1279 2240 1388 2294 τῶν
1426 2240 1560 2292 ὅὶων
1591 2239 1683 2291 τὸν
1717 2237 1814 2306 βαι

234 2329 414 2395 σιλέα,
447 2331 498 2384 εί
543 2315 664 2395 Ιπως
703 2334 775 2394 ὡς
821 2332 1099 2402 ἐπισφαλῆ
1148 2332 1215 2386 τὰ
1264 2330 1600 2402 συγκείμενα
1630 2331 1812 2384 διειλᾲ-

233 2441 404 2478 σειεν.

235 2615 416 2668 more,
459 2604 781 2674 imperatore
837 2618 1126 2676 praesente,
1172 2610 1440 2664 diaconus
1485 2620 1808 2664 consuetam

233 2709 392 2762 papae
451 2701 1026 2753 commemorationem
1093 2703 1553 2770 pronuntiaturus
1623 2711 1810 2765 esset,

233 2788 494 2858 princeps
533 2805 600 2844 ne
638 2791 842 2845 faceret
899 2791 1268 2859 prohibuerit.
1309 2793 1489 2846 Palam
1524 2804 1705 2845 autem
1745 2796 1810 2846 ad

232 2882 538 2936 familiares
573 2897 940 2951 conquerens,
966 2883 1148 2937 aiebat
1180 2883 1499 2950 pra-clarum
1534 2884 1812 2936 enimveto

231 2972 344 3024 sibi
385 2971 620 3026 fructum
655 2986 910 3027 constare
943 2974 1231 3028 cbaritatis
1282 2975 1334 3026 in
1381 2973 1607 3028 Latinos
1648 2989 1760 3026 sua:
1794 2988 1806 3022 :

230 3081 294 3120 se
328 3081 524 3134 nempe
555 3080 718 3120 causa
748 3082 936 3120 eorum
975 3082 1098 3122 cum
1134 3067 1464 3122 necessariis
1496 3066 1659 3119 etiam
1700 3065 1813 3120 suis

2005 589 2064 640 '0
2099 591 2197 656 μὲν
2219 590 2324 659 γὰρ
2368 590 2564 660 Ἰωσὴφ
2595 592 3027 662 προσδοκήσιμος
3061 593 3136 647 ὢν
3168 596 3260 648 ἐπὶ
3288 596 3366 664 τῷ
3399 596 3493 650 θα-

1924 682 2034 731 νεῖν
2064 681 2162 743 τὰς
2197 680 2463 751 διαθήκας
2493 683 2738 749 ἐξήνυεν,
2787 681 2856 756 ἦν
2885 685 2941 737 δὲ
2972 689 3127 756 χρεία
3179 687 3490 758 μεμνῆσθαι
3528 719 3541 757 ξ

1924 771 2016 822 καὶ
2050 769 2309 839 βασιλέως
2332 775 2425 826 καὶ
2451 773 2549 843 τῆς
2579 773 2716 844 ὑπὲρ
2741 775 2948 827 ἐκείνου
2976 776 3163 846 εὐχῆς.
3195 780 3299 830 Καὶ
3324 779 3493 846 ἐμέμ-

1923 861 2052 926 νητό
2079 878 2139 928 γε
2173 863 2268 915 καὶ
2300 862 2518 933 ηὔχετο,
2550 866 2612 919 ού
2651 868 2756 936 μὴν
2785 867 2840 920 δὲ
2877 871 3188 938 προσετίθει
3219 872 3276 922 τὸ
3309 871 3484 937 ᾶγιος,

1921 953 1947 1004 ὃ
1980 953 2208 1024 σύνηθες
2232 955 2376 1026 ἔχειν
2409 958 2482 1022 ὡς
2510 957 2829 1029 χρισθέντες
2877 961 3034 1032 μύρῳ
3072 966 3194 1025 τοὺς
3226 964 3486 1030 βασιλεῖς.

1932 1047 1990 1099 ’0
2015 1049 2069 1099 δὲ
2100 1048 2353 1118 βασιλεὺς
2387 1049 2528 1102 οὕτω
2562 1053 2899 1123 πεμφθείσης
2939 1055 3155 1126 ἐκείνην
3186 1055 3306 1108 ίδὼν
3333 1057 3492 1127 ἔχου·

1923 1155 2021 1189 σαν
2056 1139 2425 1210 ἐδυσχέραινε,
2462 1140 2558 1195 καὶ
2594 1141 2795 1211 γράφει
2843 1143 2942 1213 μὲν
2982 1145 3318 1216 πατριάρχῃ,
3353 1146 3489 1214 γρά-

1921 1245 2008 1296 φει
2037 1227 2092 1280 δὲ
2126 1231 2216 1281 καὶ
2256 1229 2336 1299 τῷ
2362 1231 2459 1300 τὴν
2496 1232 2649 1285 πόλιν
2684 1233 3160 1304 ἐπιτετραμμένῳ,
3196 1236 3488 1304 μανθάνειν

1921 1318 2240 1388 ἐρωτῶντας
2273 1320 2387 1382 πῶς
2411 1321 2570 1374 τοῦτο
2599 1323 2914 1392 πέπρακταί
2940 1325 2986 1378 0!
3015 1325 3110 1378 καὶ
3141 1326 3226 1394 ἐφ’
3251 1328 3278 1380 ὅ
3303 1343 3356 1379 τι
3389 1327 3489 1398 τῆς

1922 1410 1952 1478 β
1980 1409 2197 1473 ,σιλείας
2228 1411 2516 1466 κολούειτό
2531 1413 2702 1481 ἅγιος.
2724 1415 2814 1485 Μή
2839 1433 2955 1480 πως
2970 1416 3047 1479 ὡς
3062 1416 3300 1482 ἀνάξιον,
3329 1421 3486 1488 φησὶ,

1924 1518 1988 1569 με
2020 1501 2219 1572 γρίνων
2251 1501 2350 1572 τῆς
2379 1503 2656 1572 ἁγιστείας
2704 1505 2848 1559 οὕτω
2898 1507 3137 1576 γράφεις
3176 1490 3488 1579 Γέγραπται

1918 1592 1963 1644 δ’
2006 1592 2146 1661 ὑπὲρ
2176 1595 2381 1646 τούτων
2423 1597 2517 1648 καὶ
2560 1595 2638 1666 τῷ
2685 1596 3014 1666 Ἀντιοχείας
3056 1600 3372 1670 πατριάρχῃ
3410 1601 3488 1663 τῷ

1923 1685 2210 1754 Ιιρίγκιπι.
2243 1685 2306 1738 Οἳ
2333 1687 2426 1740 καὶ
2461 1685 2772 1756 πέμψαντες
2798 1688 3162 1743 ἐπυνθάνοντο
3181 1691 3279 1759 τὴν
3308 1692 3488 1744 αἰτίαν

1917 1775 2011 1828 τοῦ
2063 1775 2205 1829 οὕτω
2234 1776 2490 1847 γράφειν,
2544 1777 2620 1839 ὡς
2668 1770 2912 1838 θέλοντος
2942 1778 3144 1846 γνῶναι
3187 1780 3281 1832 καὶ
3331 1780 3486 1847 βασι-

1854 1857 1890 1910 Β
1917 1869 2070 1930 λέως.
2114 1871 2223 1922 Καὶ
2262 1869 2318 1931 ὃς
2347 1870 2619 1938 μετετίθει
2650 1870 2748 1938 τὴν
2791 1869 2996 1923 τούτων
3025 1873 3202 1925 αἰτίαν
3243 1874 3322 1934 είς
3360 1879 3486 1932 τοὺς

1915 1961 2052 2029 ἀμφ’
2080 1961 2242 2015 αὑτὸν
2278 1963 2564 2033 μοναχοὺς,
2593 1963 2685 2016 καὶ
2715 1966 2795 2026 είς
2827 1964 3010 2017 πίστιν
3041 1963 3206 2034 ἄλλην
3246 1964 3485 2034 προῆγεν

1915 2053 2088 2118 οὕτως
2139 2054 2368 2124 ἔχουσαν
2416 2055 2512 2108 ἐπὶ
2555 2057 2690 2108 πᾶσι
2754 2054 2893 2126 πλὴν
2933 2055 3336 2126 προσκειμένης
3389 2056 3487 2125 τῆς

1918 2147 2223 2215 ἁγιότητος.
2259 2146 2477 2216 Ταύτην
2525 2147 2653 2216 γοῦν
2701 2145 3016 2216 ἐμφανίζων
3054 2147 3204 2215 ἔλεγε
3249 2148 3486 2217 γράφειν

1916 2238 1976 2292 τὸ
2014 2239 2280 2310 πρότερον
2305 2256 2318 2270 ·
2363 2239 2485 2292 ἐπεὶ
2513 2240 2568 2293 δὲ
2591 2241 2640 2293 oi
2676 2244 2801 2310 περὶ
2830 2240 2992 2294 αὑτὸν
3023 2239 3483 2304 σκανδαλίζοιντο,

1920 2335 2324 2401 μετεγγράφειν
2372 2332 2594 2395 ἐσαῦθις
2621 2331 2718 2402 τὴν
2768 2334 2824 2393 ἐς
2861 2334 3047 2402 χεῖρας
3083 2330 3291 2400 ταύτην
3323 2347 3485 2399 γεγοο

1917 2429 2066 2476 νυίαν
2097 2423 2174 2492 τῷ
2223 2422 2452 2491 βασιλεῖ.
2485 2421 2670 2485 Οὕτως
2717 2419 2785 2494 ἦν
2830 2424 3039 2487 ἐκεῖνος
3089 2425 3368 2494 εἰρηνικὸς
3400 2425 3483 2491 ἐφ’

1915 2606 2059 2676 quod
2103 2621 2167 2659 eo
2197 2605 2338 2675 apu-l
2377 2604 2665 2674 Sangarim
2719 2619 2894 2674 nuper
2927 2611 3122 2674 agente
3158 2605 3484 2676 contigerat.

2125 2743 2213 2796 31.
2260 2743 2333 2796 De
2364 2751 2673 2798 testamento
2693 2744 3014 2811 patriarcha:
3041 2744 3273 2810 Iosephi.

1986 2883 2121 2938 Cum
2155 2883 2300 2935 enim
2351 2898 2444 2952 per
2477 2882 2528 2936 id
2579 2891 2820 2952 tempus,
2867 2882 3014 2936 brevi
3061 2881 3381 2947 moriturus,
3426 2889 3486 2933 ιιι

1917 2989 2030 3032 tum
2082 2977 2394 3048 putabatur.
2425 2973 2697 3045 Josepltus
2727 2982 2897 3031 testes
2928 2976 3135 3031 ultimae
3186 2974 3484 3030 voluntati;

1916 3071 2130 3124 tabulas
2159 3069 2261 3122 rite
2292 3066 2451 3137 507
2482 3066 2848 3122 conﬁciendas
2877 3067 3202 3130 censuisset,
3232 3067 3284 3120 in
3318 3066 3384 3120 iis
3416 3078 3482 3123 cx

231 3159 538 3212 certamine
567 3167 842 3227 suscepto,
885 3173 952 3212 ne
983 3159 1158 3228 plenis
1187 3157 1408 3230 quidem
1447 3159 1666 3213 acribus
1712 3161 1811 3212 dn-
1839 3191 1883 3253 Ο
1921 3177 2071 3218 more
2101 3160 2441 3216 mentionem
2479 3160 2844 3230 imperatoris,
2894 3158 2999 3229 ipsi
3034 3159 3171 3213 bene
3212 3157 3484 3225 precando

231 3251 444 3304 Lita~se
479 3249 626 3319 ipsos
671 3251 1056 3320 comprimere,
1100 3251 1226 3306 illos
1271 3259 1452 3305 autem
1489 3265 1584 3321 pro
1625 3252 1832 3321 gratiis

230 3359 349 3396 sua:
373 3352 538 3396 tantae
575 3345 628 3396 itt
665 3343 766 3397 fide
809 3346 1054 3412 ipsorum
1089 3345 1414 3399 constantia:
1443 3344 1643 3399 debitis
1667 3344 1815 3400 diras

229 3445 283 3488 et
313 3435 728 3488 exsecrationes
772 3433 998 3489 referre.
1025 3432 1181 3488 Tunc
1214 3434 1382 3504 igitur
1412 3449 1668 3489 revocare
1698 3451 1817 3487 om-~

238 3529 332 3580 nia
379 3528 533 3595 prius
579 3527 788 3580 sancita
839 3537 892 3580 et
941 3533 1117 3579 toturn
1171 3525 1485 3581 concordiae
1520 3533 1814 3581 tractatum

236 3615 554 3670 rescindere
591 3616 783 3672 voluit.
818 3614 1166 3684 Fecissetque
1205 3617 1496 3678 continuo,
1531 3617 1586 3670 ni
1620 3617 1688 3670 ab
1714 3618 1816 3669 hoc

231 3723 362 3762 eum
395 3709 625 3763 consilio
652 3709 899 3778 quaedam
929 3718 1298 3770 revocas-sent.
1334 3707 1636 3778 Reputabat
1667 3709 1818 3763 vide-

233 3804 388 3868 liect,
425 3806 466 3856 si
509 3803 654 3872 quod
700 3813 806 3856 tam
844 3803 1004 3872 longa
1031 3809 1084 3855 et
1123 3802 1392 3857 laboriosa
1419 3803 1702 3856 molitione
1725 3803 1813 3856 vix

237 3898 460 3950 tandem
485 3898 718 3951 summis
745 3894 861 3950 suis
879 3897 1141 3948 arumnis
1166 3895 1506 3963 perfecisset,
1541 3905 1816 3950 momento

232 3987 544 4056 disjiceret,
591 3987 1066 4054 mutationemque
1125 4002 1189 4038 ae
1250 3987 1652 4040 runcationem
1705 3995 1813 4041 tant

234 4087 394 4133 certo
445 4094 508 4132 ae
561 4079 737 4147 palam
769 4084 1092 4131 contestata:
1127 4091 1240 4130 suae
1285 4079 1484 4144 prioris
1529 4079 1817 4132 sententia:

235 4175 388 4226 ultro
418 4170 786 4241 proﬁteretur,
816 4169 944 4223 inde
968 4168 1227 4222 armanda
1254 4166 1392 4223 forte
1413 4179 1602 4225 contra
1636 4171 1816 4241 ipsunt

233 4266 366 4321 odia
405 4261 819 4325 malevolorum,
872 4272 926 4315 et
961 4259 1204 4314 futurum
1239 4276 1345 4314 non
1383 4261 1818 4317 iuverisimiliter

237 4366 455 4421 tempus
501 4367 609 4422 quo
659 4367 764 4405 non
798 4360 944 4406 esset
980 4351 1080 4420 ipsi
1134 4353 1265 4405 utile
1314 4353 1508 4422 priora'
1541 4353 1655 4407 haec
1694 4353 1814 4422 ejus

236 4458 362 4502 acta
409 4462 509 4501 suo
559 4445 730 4515 ipsius
775 4442 942 4498 videri
987 4442 1248 4514 suffragio
1275 4443 1553 4499 damnata.
1596 4443 1816 4502 Veritus

1920 3255 2150 3320 faciens,
2209 3255 2418 3309 nomini
2464 3253 2584 3324 ejus
2631 3253 2954 3308 vocabulum
3007 3251 3180 3318 ἅγιος,
3232 3249 3334 3305 hoc
3379 3261 3484 3305 est.

1920 3358 2146 3404 sanctus
2177 3355 2271 3401 aut
2293 3361 2466 3409 sacer,
2497 3360 2607 3401 non
2640 3345 2904 3412 adjunxit,
2937 3359 3047 3414 quo
3071 3351 3253 3397 tamen
3281 3341 3484 3413 passim

1921 3443 2280 3510 imperatores
2319 3440 2576 3495 honorari
2623 3449 3048 3503 consueverunt.
3084 3453 3146 3492 ex
3193 3453 3302 3507 quo
3339 3440 3484 3493 sacri

1922 3535 2180 3590 unctione
2225 3535 2326 3587 olei
2371 3544 2500 3588 sunt
2545 3532 2876 3604 inaugurati.
2930 3529 3036 3585 Eas
3065 3529 3276 3586 tabulas
3314 3532 3380 3584 ad
3427 3546 3486 3585 se

1920 3626 2127 3682 delatas
2153 3627 2447 3695 imperator
2469 3624 2672 3696 legens.
2705 3625 2935 3678 miratus
2962 3624 3014 3678 in
3042 3623 3110 3678 iis
3131 3623 3486 3678 emissionem

1923 3734 2145 3781 novam,
2184 3715 2402 3785 scripsit
2436 3715 2503 3770 ad
2545 3713 2907 3784 patriarcltatn
2943 3730 3008 3770 ea
3043 3715 3110 3770 de
3151 3729 3208 3768 re
3243 3729 3489 3782 conque-

1921 3825 2049 3866 rens
2084 3829 2096 3864 :
2137 3809 2359 3879 scripsit
2399 3809 2563 3861 etiam
2604 3807 2668 3862 ad
2713 3807 3028 3878 praefectum
3076 3807 3249 3867 urbis.
3287 3806 3488 3876 jubcns

1919 3903 2354 3971 serioinquirere
2369 3914 2478 3970 quo
2511 3897 2563 3953 id
2594 3913 2778 3954 errore
2807 3913 2984 3969 quove
3017 3897 3247 3953 consilio
3283 3898 3484 3952 factum

1919 3995 1994 4048 ita
2026 4000 2173 4046 esset
2210 4009 2222 4044 :
2254 3991 2404 4054 Vide,
2430 3989 2703 4060 inquiens.
2732 4003 2994 4059 quorsum
3015 3987 3287 4057 Iosephus
3316 4004 3401 4043 me
3429 3989 3486 4041 in

1918 4084 2166 4139 ordinem
2198 4082 2465 4153 redegerit
2488 4091 2542 4136 ct
2574 4081 2790 4152 imperii
2815 4079 2988 4135 nostri
3014 4081 3354 4151 majestatem
3385 4081 3487 4135 im-

1923 4177 2184 4230 minuerit
2213 4184 2407 4244 negato
2442 4173 2602 4228 titulo
2634 4175 2776 4229 sacri
2807 4188 2914 4226 :an
2947 4172 3088 4239 quod
3128 4189 3211 4228 me
3243 4173 3488 4240 peculia-

1920 4272 2050 4326 riter
2081 4270 2170 4324 illo
2199 4269 2479 4336 indignum
2509 4266 2696 4336 putet?
2725 4266 2958 4336 Scripsit
2984 4265 3149 4318 etiam
3182 4267 3234 4320 in
3271 4273 3490 4320 senten-

1922 4363 2051 4417 tiam
2078 4360 2325 4414 eamdem
2358 4357 2592 4426 Principi
2618 4357 2962 4413 Antioclteno
2995 4357 3352 4425 patriarchas;
3395 4356 3484 4426 qui

1899 4467 2044 4508 cum
2080 4450 2242 4505 ambo
2276 4449 2555 4503 misissent
2589 4450 2654 4503 ad
2684 4448 3003 4518 Josepltum,
3049 4457 3356 4516 querentes
3389 4464 3488 4504 cur

234 4553 373 4607 ergo
413 4555 481 4590 ne
511 4539 557 4590 si
588 4537 729 4588 hanc
759 4534 1090 4602 palinodiam
1128 4535 1496 4605 praecipitaret
1526 4536 1816 4606 palamque
1847 4534 1890 4590 D
1921 4545 2025 4598 huc
2073 4541 2317 4604 fecisset,
2353 4555 2554 4610 cupere
2598 4541 2743 4593 enim
2787 4540 3171 4608 imperatorem
3225 4539 3277 4594 id
3321 4543 3484 4605 seire,

236 4627 570 4696 divulgaret,
605 4624 656 4680 id
686 4635 872 4694 egeret
898 4624 1041 4692 quod
1079 4624 1374 4692 aliquando
1407 4625 1668 4679 Infectum
1703 4627 1804 4680 velo

236 4719 335 4782 let,
391 4718 566 4772 satius
617 4717 774 4771 duxit
827 4716 1215 4786 supersedere,
1258 4715 1452 4770 videns
1509 4719 1811 4786 praesertim

237 4811 504 4866 Ecclesiae
562 4825 650 4865 res
706 4810 761 4864 in
830 4809 1123 4864 notabilem
1179 4809 1540 4864 mutationem
1596 4824 1813 4879 pronas.

237 4907 570 4976 Quanquam
600 4907 779 4966 enim.
825 4906 871 4961 si
905 4905 1201 4974 Josepbus,
1242 4905 1388 4975 quod
1432 4904 1673 4961 futurum
1716 4921 1816 4976 ap-

240 5000 509 5069 parebat,
541 4995 725 5052 denuo
761 4996 814 5050 in
865 4995 996 5050 sede
1031 4994 1384 5065 patriarcltali
1433 5005 1812 5064 reponeretur,

239 5101 310 5150 ab
343 5097 463 5166 ipso
497 5095 744 5164 quidem,
781 5094 939 5162 cujus
963 5095 1092 5149 mite
1119 5111 1184 5150 ac
1215 5095 1502 5164 pacificum
1535 5096 1813 5167 ingenium

240 5198 618 5260 perspexerat,
658 5188 796 5243 nihil
827 5187 1118 5242 adversum
1153 5203 1211 5242 se
1230 5190 1516 5243 sinistrum
1549 5203 1638 5242 aut
1673 5189 1816 5244 infe-

240 5292 388 5336 stum
439 5291 706 5335 tentatum
755 5282 820 5334 iri
871 5280 1198 5344 conﬁdebat,
1243 5291 1424 5336 tamen
1474 5284 1620 5352 quod
1672 5284 1811 5336 idem

238 5383 391 5427 esset
427 5372 607 5426 facilis
642 5374 708 5426 ad
751 5373 1062 5442 sequendos
1109 5373 1376 5442 impulsus
1409 5376 1676 5437 aliurutn,
1715 5389 1813 5428 nec

239 5464 485 5519 defuturi
519 5465 834 5518 viderentur
875 5467 967 5533 qui
1006 5479 1131 5517 eum
1175 5465 1240 5517 ad
1290 5468 1540 5534 exempla
1594 5467 1810 5520 edenda

237 5557 294 5609 in
331 5556 484 5624 pacis
520 5555 708 5610 invisa:
729 5568 984 5610 auctores
1017 5555 1364 5623 instigarent,
1399 5558 1809 5626 temperandum

235 5646 503 5713 judicavit
534 5661 565 5700 a
606 5662 666 5699 se
708 5646 825 5716 ipso
858 5647 1004 5700 ultro
1037 5645 1480 5716 pra-damnando.
1508 5646 1680 5712 Quam
1717 5665 1812 5701 au-

242 5745 348 5788 tem
374 5752 479 5788 nun
505 5751 640 5790 vane
668 5739 772 5791 tale
794 5737 925 5806 quid
956 5735 1222 5792 metueret
1253 5742 1320 5792 ab
1351 5739 1580 5794 asscclis
1607 5750 1659 5795 et
1685 5756 1813 5792 con-

236 5822 465 5880 siliartis
533 5827 778 5896 .loseplti,
845 5830 1258 5882 detnoustrabat
1320 5845 1509 5884 ret-eus
1579 5832 1803 5898 factum,

517 5929 781 5989 PATROL.
827 5932 942 5989 GR.
971 5928 1217 5990 CXLI“

1922 4637 2011 4690 ille
2061 4637 2280 4706 utrique
2312 4634 2616 4705 respondit,
2665 4635 2880 4700 culpam
2920 4632 3041 4699 ejus
3069 4636 3278 4688 erroris
3321 4649 3488 4702 penes

1921 4731 2221 4786 monachos
2262 4729 2365 4798 ipsi
2412 4728 2787 4782 ministrantes
2837 4727 3096 4781 residere.
3140 4727 3203 4781 Et
3238 4728 3292 4780 in
3326 4727 3485 4781 fidem

1919 4822 2048 4877 dicti
2085 4824 2170 4877 sui
2205 4821 2807 4891 protulitarcltetypnm
2837 4820 3116 4889 exemplar
3147 4822 3484 4878 testamenti.
3554 4836 3559 4840 ·

1917 4925 2110 4967 caetera
2135 4911 2320 4969 omnia
2343 4911 2522 4966 simile
2554 4910 2764 4980 perlato
2787 4909 2852 4964 ad
2883 4908 3182 4977 Augustum
3211 4909 3484 4979 exemplo.

1919 5007 2024 5061 nisi
2065 5005 2209 5075 quod
2247 5004 2438 5059 titulus
2477 5003 2654 5071 ἅγιος,
2690 5001 2780 5071 qui
2816 5000 3232 5056 desiderabatur
3263 5001 3317 5056 in
3351 5017 3482 5071 apo.

1919 5099 2158 5168 grapho.
2188 5098 2337 5151 clare
2386 5097 2440 5150 in
2479 5095 2820 5164 autograplto
2864 5093 3166 5162 legebatur.
3207 5091 3277 5147 Se
3315 5093 3486 5164 igitur

1921 5194 2071 5261 prius
2103 5191 2172 5244 ita
2206 5188 2806 5259 scripsissezqumtiam
2838 5202 2965 5242 vero
2995 5187 3089 5257 qui
3121 5186 3268 5242 circa
3301 5188 3478 5256 ipsum

1916 5291 2076 5337 erant
2127 5281 2654 5343 scandalizarentur,
2706 5286 2891 5350 postea
2941 5277 3226 5334 refinxisse
3259 5278 3315 5333 in
3360 5293 3482 5332 eam

1917 5371 2149 5428 formam
2182 5387 2304 5442 quae
2341 5369 2656 5439 imperatori
2704 5378 2849 5424 esset
2889 5369 3092 5424 oblata.
3139 5369 3212 5424 Ea
3248 5369 3481 5438 ingenui

1915 5462 2264 5518 confessione
2282 5461 2554 5530 Iosephus
2584 5469 2638 5515 et
2665 5468 2822 5516 ‘suam
2857 5460 3138 5530 pacificam
3163 5459 3397 5515 indolem
3431 5471 3482 5514 et

1917 5573 2138 5610 suorum
2177 5555 2552 5609 ministrorum
2588 5553 2644 5608 in
2681 5556 2984 5623 Augustum
3021 5553 3279 5607 invidiam
3307 5555 3489 5608 decla-

1915 5644 2088 5713 ravit;
2116 5659 2449 5715 causamque
2491 5647 2616 5700 huic
2645 5647 2847 5713 justam
2881 5644 3111 5716 praebuit
3145 5645 3392 5711 timendi,
3419 5663 3486 5698 nt:

1916 5752 2023 5794 tam
2061 5739 2202 5795 male
2243 5737 2466 5790 animati
2513 5739 2570 5792 in
2615 5737 2794 5807 ipsum
2835 5737 3085 5791 homines
3135 5733 3483 5790 occasionem

1915 5834 2151 5902 aliquam
2193 5831 2499 5898 arriperent
2539 5831 2657 5900 ejus
2690 5830 2982 5885 accusandi
3019 5831 3173 5896 quasi
3221 5827 3477 5884 Ecclesia:

3026 5931 3095 5988 3i
