3964 6512
208 412 332 476 973

1187 423 1286 485 DE
1328 426 1718 486 MICHAELE
1762 429 2219 492 l’.\l..liOl.OGt)
2261 435 2413 496 LIB.
2458 436 2556 494 Vl.

3365 440 3471 503 974

201 523 396 594 ψυχῆς
427 527 851 597 καταστάσεσιν,
885 532 1199 607 ὖπέροφρυς
1235 540 1306 594 et
1335 543 1451 604 ταῖς
1487 543 1782 614 snarling,
1815 542 1860 599 Α
1888 541 1978 594 τοῦ
2017 545 2273 614 φρουρίου
2335 563 2498 615 περικ
2522 546 2771 612 τῡίζοντι.
2833 552 2930 604 καὶ
2971 550 3034 620 δὴ
3069 552 3470 622 ἐπιστήσαντες

202 612 407 680 ξανθὸς
443 615 542 687 τὴν
567 620 750 691 τρίχα,
802 624 896 677 καὶ
930 625 1250 701 ὑπεραύχην
1285 635 1347 684 ὲκ
1375 633 1611 704 ψυχιιοῦ
1640 612 1788 699 ⁷τινος

199 707 485 790 ὲκθέρμου
519 716 837 783 κινήματος.
865 711 1030 788 Οἶμαι
1055 720 1110 773 δὲ
1143 724 1436 780 κάντεῦθεν
1467 729 1562 797 τὴν
1593 729 1788 797 ὀνομα-

203 800 341 850 σίαν
393 807 566 871 σχεῖν,
622 807 776 877 παρὰ
810 809 909 880 τὴν
941 813 1077 882 πρὸς
1116 813 1253 880 Ῥὼς
1303 820 1616 889 ὁμοιότητα.
1648 825 1787 891 Προ-

202 893 472 959 αχθέντες
511 898 689 951 τοίνυν
720 903 840 964 ταῖς
876 905 1102 975 τόλμαις
1132 911 1179 962 ol
1220 912 1412 966 Ἰταλοὶ
1443 915 1534 966 ἐπὶ
1567 916 1634 968 τὰ
1659 916 1788 969 Βελ-

200 983 460 1076 λοὶγραδα
516 991 732 1058 πρῶτον
781 993 985 1063 ὥρμων
1018 999 1094 1062 ὡς
1127 1003 1185 1066 ἐξ
1236 1003 1410 1072 αὐτῆς
1441 1008 1785 1076 αἱρήσοντες.

202 1072 284 1124 Τὸ
317 1075 370 1128 δέ
404 1095 465 1145 γε
501 1081 762 1152 φρούριον
802 1087 954 1141 ἔνθεν
981 1090 1080 1158 μὲν
1110 1091 1201 1146 τὸν
1229 1092 1373 1147 οὕτω
1407 1072 1521 1159 πως
1557 1072 1787 1168 λεγόμε-

145 1197 149 1200 -
201 1183 301 1218 νον
329 1172 639 1241 ἐπιχωρίως
673 1175 936 1249 Ἀσούνην
966 1185 1211 1253 ποταμὸν
1243 1191 1638 1260 προϊσχόμενον
1666 1194 1788 1247 ἐπί-

200 1263 391 1312 κειταί
423 1265 471 1314 οἱ
512 1269 651 1320 κατά
684 1270 947 1342 πλευρὰν,
987 1277 1125 1347 πλὴν
1173 1281 1273 1334 οὐκ
1309 1283 1394 1335 ἐπ’
1429 1285 1782 1354 ἀγχωμάλου,

198 1351 330 1403 ἀλλ’
359 1355 634 1426 ἐκκρεμὲς
677 1362 1100 1437 πλημμυροῦντι
1135 1371 1285 1425 κάτω
1315 1376 1782 1448 γεωλοςρούμενονο

197 1442 268 1500 οὗ
302 1449 367 1518 δὴ
403 1455 493 1504 καὶ
519 1454 716 1518 ἔξωθεν
747 1459 963 1530 ἐμϐόλῳ
988 1463 1093 1514 τινὶ
1133 1469 1437 1539 σκευαστῷ,
1460 1470 1535 1534 ὡς
1569 1474 1641 1542 μὴ
1673 1477 1785 1538 τοῖς

200 1541 608 1611 ἐπιτιθεμένοις
631 1549 880 1618 ἐμποδὼν
917 1554 1232 1625 ἱσταμένοις
1261 1559 1575 1625 κωλύοιντο,
1599 1564 1788 1632 ὑδρεύ-

199 1649 362 1687 ονται
387 1636 662 1706 ὁσημέραι
687 1642 780 1694 τοῦ
816 1647 1062 1714 ποταμοῦ
1098 1650 1362 1714 πίνοντες.
1401 1652 1568 1708 Τόσον
1618 1656 1673 1709 δὲ
1706 1657 1784 1728 τῷ

201 1727 459 1817 ιρρουρίῳ
483 1733 509 1782 ὁ
541 1734 784 1800 ποταμὸς
816 1738 1148 1806 παράκειται
1189 1741 1319 1796 ὥστ’
1377 1745 1485 1799 ἀπὸ
1542 1727 1785 1817 ἐγγίονος

199 1814 340 1880 θέας
387 1821 514 1884 τοὺς
544 1824 693 1888 ἐντὸς
724 1829 1010 1897 σαρίτταις
1065 1833 1355 1903 ἀπείργειν
1399 1839 1524 1900 τοὺς
1555 1814 1779 1909 ἐμποδί-

202 1906 432 1974 ζοντας.
466 1915 558 1966 καί
583 1917 634 1980 γ’
664 1917 738 1979 ὡς
767 1919 994 1986 πέλταις
1025 1923 1104 1994 τῷ
1132 1909 1499 1996 ’σκεπάσματι
1528 1933 1655 1994 τοὺς
1695 1932 1779 2002 ἐφ’

203 2001 360 2073 ὕδωρ
394 2006 572 2071 ίόντας
605 2011 863 2080 χρῆσθαι.
909 2016 1030 2070 Ἐπὶ
1080 2017 1282 2087 θάτερα
1311 2021 1368 2074 δὲ
1407 2023 1596 2076 τούτου
1622 2001 1782 2092 λόφος

199 2092 396 2162 ἕτερος
431 2098 754 2170 ὑπερανέχει
781 2105 877 2173 τῆς
921 2108 1190 2174 πεδιάδος,
1223 2117 1556 2184 καταντικρὺ
1591 2118 1781 2187 κείμε-

198 2201 322 2248 νος,
372 2182 433 2239 οὗ
479 2190 544 2261 δὴ
596 2195 688 2245 καὶ
731 2197 974 2265 ποταμὸς
1015 2199 1237 2266 Βοὼσης
1284 2182 1578 2274 λεγόμενος
1622 2182 1782 2275 ἄλλος

201 2275 560 2371 πλημμυρῶν
596 2283 734 2334 κατὰ
769 2286 942 2356 μέσην
967 2290 1226 2359 ἀπείργει
1261 2294 1328 2348 τὰ
1360 2297 1590 2352 Κάνινα.
1626 2303 1782 2371 Παμ-

199 2367 408 2438 πληοεὶ
431 2370 558 2438 γοῦν
584 2375 787 2428 ἐκεῖνον
814 2383 1276 2452 περαιωσάμενοι,
1299 2392 1665 2460 κατασχόντες
1690 2397 1782 2448 τὸν

197 2456 374 2524 λόφον
405 2463 713 2536 μετεώρους
743 2466 906 2533 ὄντας
943 2472 1036 2525 ἐπὶ
1075 2475 1152 2545 τῷ
1185 2477 1432 2547 μέλλοντι
1476 2456 1626 2552 eivsqu
1651 2456 1781 2551 τοὺς

198 2643 361 2698 sibus
397 2645 712 2715 despectus,
748 2648 917 2708 ﬂavus
948 2655 1151 2722 crines,
1198 2663 1414 2718 cervice
1477 2665 1780 2727 insolenter

197 2735 354 2790 elata
406 2740 651 2797 incitatis
701 2745 1122 2819 circumagenda
1171 2756 1414 2812 molibus
1470 2765 1776 2818 naturalem

197 2833 499 2897 quemdam
541 2835 793 2890 ardorem
853 2841 1190 2907 praeferens;
1248 2845 1394 2903 unde
1452 2853 1774 2908 crediderim

198 2935 335 2974 eum
372 2923 522 2978 Rhos
547 2938 802 2981 vocatum
829 2946 894 2984 ex
921 2933 1282 2990 similitudine
1299 2941 1495 3009 capitis
1516 2944 1634 3012 ejus
1661 2957 1772 3001 tum

198 3026 381 3066 coma:
401 3022 513 3069 tum
531 3019 710 3074 vultus
723 3022 908 3078 colore
923 3025 1283 3094 rubescentis,
1305 3046 1428 3084 cum
1449 3043 1578 3088 nota
1592 3038 1777 3106 Specie

199 3102 484 3171 pltalangii
513 3105 669 3160 Rho:
710 3109 876 3166 dicta.
907 3112 1016 3168 Ista
1069 3116 1237 3186 igitur
1281 3102 1775 3182 confidentia‘ltali

1897 637 2266 707 μηχανήματα
2330 639 2634 709 πετροϐὃλα
2688 628 2898 694 ἐκεῖθεν
2965 643 3144 713 βολαῖς
3219 645 3468 717 ἰσχυραῖς

1894 725 2128 778 ἐκάκουν
2177 728 2237 781 τὸ
2293 730 2491 800 τεῖχος.
2538 731 2600 782 Ἥ
2631 731 2833 786 τούτων
2866 733 2997 800 γοῦν
3027 736 3186 805 φήμη
3240 738 3464 808 ἀπτέρῳ

1894 818 2050 889 τάχει
2085 820 2245 891 μέχρι
2274 822 2368 874 καὶ
2404 823 2702 892 βασιλικῶν
2733 826 2912 878 ἀκοῶν
2949 827 3162 894 φθάνει,
3198 831 3294 882 καὶ
3337 830 3469 892 τοὺς
3531 831 3537 854 ⁵

1890 907 2184 978 λογισμοὺς
2231 915 2496 983 ταράσσει
2554 915 2631 984 τῷ
2695 915 2939 986 βασιλεῖ,
3002 922 3099 974 καὶ
3158 924 3286 991 περὶ
3356 922 3467 976 τῶν

1888 999 2024 1053 ὅλων
2051 1004 2431 1071 τετρεμαίνειν
2465 1007 2722 1062 ποιεῖται.
2758 1008 2929 1075 Θυμῷ
2958 1011 3064 1079 γὰρ
3121 1014 3466 1082 συγκράτονς

1887 1091 2088 1161 τόλμας
2143 1093 2256 1163 πῦρ
2305 1095 2470 1166 ἐλαίῳ
2521 1097 2857 1166 μιγνύμενον
2899 1100 2964 1170 ἦν
3022 1119 3105 1165 τις
3154 1102 3325 1172 λέγοι,
3365 1106 3466 1157 οὐκ

1888 1184 1954 1238 ἂν
1980 1186 2076 1255 τῆς
2109 1188 2315 1252 εἰκὸνος
2343 1189 2603 1261 ἁμάρτοι.
2638 1192 2772 1244 Οὐδὲ
2799 1193 2907 1263 γὰρ
2939 1195 3068 1248 ἄλλο
3109 1215 3192 1259 τις
3222 1194 3334 1267 εἶχε
3371 1217 3462 1252 το-

1889 1279 2084 1345 πάζειν
2141 1283 2319 1334 ἐκεῖνο
2349 1284 2380 1352 ἦ
2423 1284 2518 1346 τὰς
2552 1286 2932 1356 ὲπισχεθείσας
2964 1287 3223 1358 δυνάμεις
3262 1292 3326 1342 ἐκ
3359 1309 3468 1360 μη-

1888 1371 2068 1439 χανὼν
2096 1372 2267 1425 τόσων
2317 1373 2405 1426 διὰ
2437 1375 2712 1446 θαλάσσης
2749 1379 2915 1447 μηδὲν
2948 1378 3101 1438 ἰέναι,
3136 1379 3338 1444 ταύτας
3362 1382 3467 1450 ἤδη

1883 1463 1975 1516 διὰ
2007 1462 2176 1533 ξηρᾶς
2209 1467 2436 1528 εὐοδεῖν,
2476 1468 2636 1521 πλέον
2684 1470 2914 1538 ἐχούσας
2955 1473 3168 1525 ἐκείνου
3217 1473 3278 1525 τὸ
3307 1473 3468 1525 δύνα-

1887 1556 2012 1608 σθαι
2043 1557 2118 1629 τῷ
2148 1559 2240 1610 ἀπ’
2273 1559 2442 1627 αὐτῆς
2477 1559 2724 1628 βαλϐῖδος
2753 1563 3060 1634 τῆςμάχης
3079 1564 3465 1632 κερδαίνοντας

1884 1646 2112 1718 ἀποζῆν.
2153 1648 2239 1720 [Ρ.
2272 1650 2400 1722 διδ]
2437 1651 2528 1722 Τῷ
2558 1670 2640 1707 τοι
2682 1657 2774 1707 καὶ
2803 1655 3174 1724 καταφεύγειν
3229 1657 3330 1725 μὲν
3371 1659 3464 1708 ἐπὶ

1884 1736 2018 1792 Θεὸν
2040 1740 2203 1807 ἔγνω,
2235 1743 2545 1814 ἑτοιμάζειν
2561 1745 2613 1797 δὲ
2643 1748 2738 1798 καὶ
2763 1746 3024 1816 δυνάμεις
3048 1748 3149 1811 τὰς
3179 1750 3468 1819 ἀποχρών-

1881 1849 1988 1895 τως
2023 1834 2354 1899 ἀνθεξούσας
2387 1836 2609 1906 πλῆθος,
2647 1838 2720 1901 ὡς
2753 1837 2878 1908 ἅμα
2899 1839 2976 1911 τῷ
3008 1841 3244 1911 φανῆναι
3273 1844 3465 1912 στῆναι

1890 1926 2197 1995 σφαλέντας
2223 1928 2330 1981 κάκ
2368 1929 2462 1997 τῆί
2500 1930 2726 2000 πρώτης
2773 1932 2968 2000 πείρας
3000 1933 3062 1986 τὸ
3101 1936 3290 2003 πρόσω
3357 1954 3457 2005 μου

1891 2016 2084 2079 Οὸντας
2118 2017 2338 2072 ἄϐατον.
2374 2021 2452 2072 Τὰ
2483 2022 2581 2088 μὲν
2602 2019 2696 2073 οὖν
2727 2022 2864 2091 πρὸς
2889 2021 3022 2075 Θεὸν
3048 2023 3226 2086 οὕτως
3252 2024 3464 2094 £51110:-

1895 2111 2098 2180 μὰζετο
2121 2128 2132 2140 ·
2189 2113 2538 2183 παρήγγελτο
2570 2113 2676 2182 γὰρ
2714 2115 3030 2188 πατριάρχῃ
3062 2134 3121 2169 τε
3155 2118 3248 2170 καὶ
3278 2120 3466 2189 ἀρχιε-

1892 2209 2046 2281 ρεῦσι
2081 2211 2296 2279 σύναμα
2330 2212 2491 2264 παντὶ
2517 2211 2594 2280 τῷ
2643 2211 2828 2283 κλήρῳ
2880 2215 3096 2282 πρῶτον
3131 2213 3232 2282 μὲν
3265 2215 3467 2268 πάννυ-

1893 2322 1986 2374 χον
2037 2305 2272 2356 ἱκετείαν
2329 2303 2464 2374 πρδς
2492 2303 2624 2356 Θεὸν
2673 2307 2792 2357 κατ’
2821 2307 3048 2360 ἐκείνων
3104 2308 3462 2376 ποιήσασοατ,

1886 2390 2012 2450 εἶτα
2048 2396 2105 2448 δὲ
2141 2395 2235 2464 ἅμ’
2265 2395 2339 2464 ἕῳ
2375 2396 2722 2465 πατριάρχην
2761 2413 2820 2448 τε
2847 2401 2940 2450 καὶ
2963 2398 3060 2451 σὺν
3095 2398 3240 2468 αὐτῷ
3270 2398 3332 2464 ἒξ
3365 2400 3463 2453 ᾶ“.-

1888 2485 2016 2551 λους
2042 2486 2152 2541 τῶν
2202 2486 2546 2557 προῦχῐντων
2581 2489 2904 2559 ἀρχιερέων,
2959 2490 3057 2554 τὰς
3087 2493 3240 2563 ἱερὰς
3271 2492 3463 2556 στολὰς

1889 2666 2193 2738 Reputabat
2255 2668 2508 2722 videlicet
2567 2668 2788 2723 incitari
2844 2669 3071 2724 Latinos
3103 2669 3155 2722 in
3191 2669 3334 2723 hanc
3383 2673 3460 2725 ir-

1886 2761 2190 2828 ruptionem
2256 2761 2305 2812 vi
2366 2759 2571 2829 dup'ici
2615 2769 2850 2828 utraque
2901 2762 3236 2825 vehementi,
3295 2760 3374 2814 ira
3407 2770 3464 2815 rt.

1881 2851 2134 2917 audacia,
2163 2867 2394 2921 quarttm
2437 2851 2600 2905 simul
2634 2851 2920 2906 mistarum
2947 2867 3014 2905 ex
3041 2860 3232 2905 rrutuo
3261 2854 3462 2906 crescit

1883 2945 2168 2998 Consortin
2193 2943 2488 3012 pernicies,
2522 2943 2673 2997 velut
2706 2957 2831 2998 cum
2869 2943 2977 3012 igni
3007 2943 3194 2997 oleum
3217 2943 3459 2998 additur.

1886 3035 2027 3105 Ergo
2085 3032 2240 3103 51],
2283 3042 2540 3102 expertus
2582 3042 2788 3104 quanta
2833 3034 3157 3090 diﬂieultate
3191 3044 3272 3090 tot
3323 3036 3460 3088 arti-

1889 3125 2028 3181 ficiis
2056 3133 2416 3189 tractatuum,
2441 3135 2519 3178 tot
2539 3127 2772 3196 objectis
2793 3127 3147 3196 apparatibus
3173 3126 3456 3182 classium.

199 3205 454 3259 ruentes,
502 3199 799 3256 admovent
833 3218 891 3257 se
940 3206 1176 3273 primum
1227 3210 1600 3284 Bellagradis:
1635 3220 1778 3274 areis
1807 3234 1850 3293 ο
1881 3233 2022 3287 tegre
2056 3219 2319 3272 hactenus
2347 3217 2544 3286 vixque
2579 3219 2909 3280 obstitisset.
2949 3235 3016 3273 ne
3076 3218 3213 3272 mari
3253 3217 3460 3271 Latinae

199 3285 258 3338 id
327 3301 547 3354 nomen,
611 3309 773 3359 quam
832 3293 997 3365 510
1056 3299 1236 3367 primo
1298 3317 1357 3357 se
1428 3319 1782 3373 speraverant

201 3378 414 3446 impetu
462 3393 740 3450 capturos.
789 3387 963 3458 Hujus
1015 3398 1196 3445 autem
1259 3394 1384 3450 talis
1440 3397 1782 3465 quidem-est

201 3471 369 3526 situs.
389 3469 562 3528 liabet
582 3476 706 3530 hinc
725 3480 946 3547 quidem
976 3491 1295 3550 praetentum
1315 3501 1528 3542 amnem
1562 3495 1778 3560 propria

201 3564 587 3630 indigenarum
657 3569 842 3639 lingua
921 3585 1171 3628 vocatum
1233 3576 1498 3637 Asunem.
1561 3583 1781 3651 Adjacet

201 3664 389 3733 autem
427 3658 575 3712 amni
613 3675 708 3713 arx
739 3677 769 3715 a
801 3661 990 3730 latere,
1022 3681 1128 3721 non
1165 3667 1330 3737 plano
1379 3687 1532 3742 aequa
1563 3690 1776 3744 campo,

199 3747 302 3802 sed
339 3760 597 3818 suggestu
622 3754 856 3821 quodam
886 3758 1135 3814 eminens
1183 3762 1352 3816 nativi
1405 3765 1582 3826 collis.
1619 3767 1778 3837 cujus

201 3838 379 3893 imum
409 3843 587 3895 solum
643 3845 840 3902 ﬂuvius
893 3848 1070 3904 alluit.
1124 3848 1207 3906 Ex
1261 3869 1369 3922 quo
1431 3871 1498 3910 ne
1555 3858 1778 3913 haurire

201 3931 272 3986 ad
311 3933 692 4001 quotidianum
725 3952 884 3992 usum
919 3940 1100 3995 hostili
1132 3942 1182 3996 vi
1235 3945 1558 4010 praesidiarii
1596 3949 1780 4018 prohi-

201 4025 489 4089 bet-eatur,
549 4037 865 4095 protensum
899 4045 928 4083 a
963 4033 1240 4089 radicibus
1299 4035 1424 4090 clivi
1457 4038 1522 4092 ad
1579 4040 1774 4095 fltnnen

202 4126 446 4184 aggesta
494 4119 655 4174 molis
710 4121 992 4176 brachium
1047 4127 1280 4195 tegebat,
1337 4144 1473 4196 opus
1523 4131 1650 4185 olim
1709 4133 1775 4186 ad

201 4205 500 4264 duoiorum
542 4212 863 4267 discrimina
909 4223 1214 4287 temporum
1272 4233 1541 4290 paratum.
1604 4225 1774 4281 Tanta

202 4315 372 4366 porto
418 4305 598 4357 amnis
639 4305 704 4358 ad
759 4321 936 4361 arcem
990 4310 1188 4364 vicinia
1247 4321 1353 4379 est,
1390 4325 1448 4369 ut
1485 4317 1578 4386 qui
1615 4335 1678 4372 ex
1710 4335 1775 4374 eo

201 4395 398 4458 aquari
441 4395 655 4448 externi
700 4397 1020 4456 obsidentes
1060 4403 1268 4466 volunt.
1316 4406 1362 4458 si
1414 4388 1467 4460 id
1526 4409 1613 4463 obi
1649 4426 1776 4480 pro-

201 4487 388 4539 ximus
419 4496 496 4540 est
534 4500 863 4556 conSpectus
902 4503 1136 4559 tentent,
1200 4496 1422 4554 sarissis
1482 4501 1628 4555 intus
1679 4503 1774 4558 de-

199 4579 450 4646 gentium
519 4584 758 4652 centigui
813 4586 944 4639 sint.
1013 4586 1194 4652 Quare
1260 4593 1476 4647 nonnisi
1523 4600 1777 4662 protecti

200 4673 368 4740 peltis
431 4675 484 4729 id
547 4687 666 4730 tuto
717 4679 1130 4748 aggrediantur.
1179 4683 1254 4737 Ex
1299 4685 1534 4742 adverso
1592 4699 1775 4744 autem

201 4766 366 4834 hujus
392 4781 558 4835 quem
593 4783 690 4822 arx
721 4770 922 4826 insidet
969 4773 1147 4836 collis,
1203 4775 1345 4831 alius
1381 4779 1586 4832 eminet
1611 4795 1776 4848 supra

198 4873 392 4925 aequor
429 4873 746 4927 camporum
779 4863 1042 4928 tunmlus,
1077 4853 1142 4918 ad
1175 4881 1338 4934 quem
1367 4868 1504 4923 alter
1553 4870 1777 4937 ﬂuvius,

199 4945 408 5002 Booses
433 4951 762 5018 appellatus,
810 4954 1087 5020 proﬂuens
1141 4965 1196 5012 et
1245 4959 1528 5028 planitiem
1582 4977 1780 5018 secans

199 5041 436 5094 mediam
489 5043 626 5097 lines
689 5043 1026 5100 Caninorum
1089 5049 1318 5104 dirimit.
1375 5049 1601 5106 Booscm
1645 5068 1778 5121 ergo

199 5147 421 5186 amnem
469 5135 740 5188 universa:
799 5135 1117 5192 Latinorum
1176 5141 1348 5209 copim
1416 5151 1778 5213 transgressae

200 5227 477 5279 tumulum
505 5243 668 5298 quem
691 5228 808 5282 dixi
871 5241 1166 5300 occupant,
1232 5243 1286 5288 et
1334 5251 1468 5290 sane
1513 5237 1776 5292 sollicitos

198 5333 323 5386 quo_
350 5328 652 5388 apparatus
700 5320 804 5374 iste
851 5320 1127 5376 desineret
1165 5323 1615 5394 Bellagradenses
1664 5331 1776 5380 cir-

198 5409 564 5478 cumsident;
612 5426 848 5481 moxque
910 5415 1142 5470 balliSIiS
1203 5417 1441 5474 admotis
1483 5419 1773 5489 grandium

200 5504 434 5559 incussu
469 5503 710 5572 lapidum
746 5505 1078 5562 labefactare
1109 5525 1324 5563 mormn
1356 5513 1773 5580 aggrediuntur.

197 5590 444 5662 Perlata,
489 5596 778 5650 velocitate
832 5612 1068 5662 summa,
1135 5601 1297 5669 hujus
1357 5605 1775 5672 oppugnationis

203 5684 345 5739 fama
381 5684 446 5740 ad
481 5701 644 5741 aures
673 5689 1041 5754 imperatoris,
1093 5692 1276 5744 subito
1329 5691 1420 5745 ille
1469 5691 1614 5746 haud
1679 5710 1774 5762 pa-

200 5794 323 5832 rmn
356 5781 722 5835 conturbatus
749 5791 874 5836 est:
906 5784 1072 5836 etiam
1107 5799 1279 5853 usque
1333 5786 1398 5838 ad
1433 5786 1650 5840 anxiam
1706 5787 1774 5842 de

199 5884 417 5924 summa
455 5885 632 5924 rermn
664 5871 1006 5942 formidinem
1062 5875 1254 5931 nuntio
1317 5875 1408 5928 tali
1462 5875 1770 5944 perculsus.

1885 3309 2056 3379 Copiae
2133 3309 2188 3364 in
2247 3320 2492 3366 nostram
2560 3310 2936 3382 continentem
2996 3311 3459 3379 importarentur;

1885 3405 2075 3458 videns
2100 3403 2213 3473 jam
2245 3418 2338 3458 eas
2373 3404 2536 3472 potiri
2581 3418 2796 3473 campo,
2827 3413 2880 3457 et
2935 3403 3254 3472 expeditum
3309 3403 3463 3459 dein-

1881 3513 2010 3566 ceps
2034 3497 2365 3568 planumque
2395 3497 2638 3552 terrestri
2669 3513 2961 3567 progressu
3000 3498 3053 3550 in
3091 3497 3206 3566 ipsa
3240 3497 3455 3550 viscera

1883 3588 2099 3656 imperii
2128 3589 2232 3642 iter
2287 3588 2568 3650 insistere,
2607 3587 2798 3642 ultimo
2850 3588 2952 3642 sibi
2986 3597 3185 3642 conatu
3223 3595 3456 3642 conterr-

1880 3679 2115 3733 dendum
2163 3683 2458 3744 statuebat,
2492 3697 2598 3750 quo
2655 3681 2820 3735 istum
2863 3683 3103 3751 primum
3145 3681 3454 3735 retunderet

1881 3770 2162 3840 impetum;
2190 3787 2313 3826 nam
2343 3787 2409 3825 ro
2432 3773 2475 3826 si
2505 3789 2608 3827 non
2633 3776 2809 3830 solum
2838 3777 3060 3845 impune
3088 3775 3456 3844 defungeron-

1881 3875 1988 3929 tur,
2008 3867 2100 3921 sed
2133 3884 2198 3922 ex
2230 3869 2332 3923 hoc
2365 3869 2528 3924 etiam
2561 3885 2684 3924 cum
2721 3870 2903 3925 fructu
2938 3887 3226 3941 oper-aeque
3263 3873 3442 3941 pretio

1880 3959 2141 4020 redirent,
2176 3960 2230 4012 in
2282 3968 2490 4013 tantum
2553 3961 2834 4030 augendos
2893 3963 3190 4032 apparebat
3243 3964 3454 4019 feroces

1879 4048 2120 4117 ipsorum
2147 4053 2386 4124 animos,
2423 4063 2480 4107 ut
2516 4053 2583 4108 iis
2631 4054 2824 4108 obsisti
2859 4056 3097 4124 amplius
3178 4055 3450 4124 nequiret.

1878 4139 2047 4208 Igitur
2075 4149 2133 4193 ut.
2160 4123 2212 4194 in
2249 4153 2358 4196 tam
2393 4143 2616 4213 ancipiti
2648 4143 2969 4198 discrimine
2997 4161 3229 4199 summae
3267 4161 3452 4199 rerum

1875 4232 2185 4290 faciendum
2212 4236 2437 4290 omnino
2471 4236 2575 4291 sibi
2603 4237 2834 4305 putavit,
2897 4244 2956 4291 ut
2999 4235 3079 4290 ad‘
3121 4235 3290 4291 Deum
3315 4245 3450 4291 ante

1876 4328 2061 4380 omnia
2093 4335 2431 4382 recurreret:
2475 4328 2640 4382 simul
2667 4336 2848 4383 tamen
2892 4329 3093 4384 deinde
3133 4339 3240 4384 tam
3269 4345 3458 4384 nomo.-

1875 4433 2029 4474 rosas
2049 4429 2271 4488 tamque
2288 4419 2496 4474 validas
2515 4433 2588 4474 eo
2611 4420 2919 4475 destinaret
2940 4421 3152 4492 capias,
3181 4431 3238 4475 ut
3262 4437 3453 4476 eorum

1881 4509 2101 4578 objectu
2160 4511 2281 4566 solo
2367 4511 2578 4580 epressi
2631 4520 2888 4580 retroque
2941 4511 3080 4566 lt‘tlsi
3139 4529 3196 4567 re
3255 4513 3456 4568 infecta

1814 4580 1856 4634 θ
1888 4602 2073 4656 hostes
2119 4601 2296 4673 primo
2362 4604 2740 4672 experimento
2792 4603 3090 4666 discerent,
3123 4620 3285 4674 quam
3347 4621 3455 4659 non

1882 4691 2044 4748 facile
2103 4695 2302 4763 pervia:
2357 4695 2600 4762 ipsorum
2663 4695 2832 4749 armis
2896 4694 3189 4750 ulteriores
3234 4695 3453 4765 imperii

1886 4789 2136 4856 regiones
2165 4785 2363 4849 forent,
2406 4802 2640 4855 quarum
2689 4789 2879 4852 utique
2929 4787 3094 4840 limen
3153 4788 3328 4854 ipsum
3390 4802 3455 4838 an

1854 4880 2110 4934 ~limitem
2171 4880 2418 4934 viderent
2477 4877 2818 4933 ineluctabili
2872 4878 3114 4946 potentia
3170 4878 3451 4934 vallatum.

1881 4967 2058 5022 Porro
2089 4985 2212 5037 qua:
2243 4968 2308 5022 ad
2361 4967 2453 5023 Dei
2521 4967 2965 5037 propitiationem
3027 4969 3353 5031 attinebant,
3400 4969 3452 5022 in

1883 5063 2029 5116 hunc
2070 5061 2287 5114 modum
2327 5070 2633 5128 praeparata
2686 5067 2840 5114 sunt.
2902 5057 3289 5114 Denuntiatom
3357 5075 3453 5126 pa-

1885 5153 2163 5216 triarchae,
2225 5153 2525 5222 episcopis.
2592 5153 2852 5207 universo
2878 5151 3026 5207 clero
3076 5163 3181 5216 ρει,
3221 5154 3451 5221 primum

1879 5239 2102 5308 quidem
2135 5247 2193 5292 ut
2227 5246 2444 5292 noctem
2489 5238 2649 5290 simul
2690 5245 2860 5291 totam
2886 5237 3228 5307 imploranda
3257 5249 3451 5293 contra

1882 5330 2068 5385 hostes
2102 5329 2191 5383 Dei
2222 5328 2426 5382 auxilio
2463 5328 2782 5398 pervigilem
2815 5329 3100 5394 ducerent,
3129 5330 3232 5384 sub
3284 5345 3450 5384 auro-

1881 5436 1996 5472 ram
2029 5434 2162 5474 vero
2192 5419 2299 5474 diei
2337 5420 2680 5486 insequentis
2712 5419 3050 5488 patriarcha,
3085 5435 3178 5476 sex
3241 5421 3364 5475 aliis
3421 5438 3451 5476 ο

1882 5509 2170 5579 przecipuis
2197 5509 2581 5578 episcOporum
2612 5523 2800 5564 secum
2836 5510 3133 5579 assumptis
3169 5518 3224 5565 et
3276 5514 3450 5565 sacris

1878 5617 2071 5657 omnes
2103 5603 2260 5658 stolis
2307 5601 2508 5666 induti,
2553 5603 2772 5657 cunctis
2831 5602 3051 5658 inierint
3106 5605 3228 5661 aliis
3280 5605 3450 5661 Deum

1879 5694 2284 5760 invocantibus,
2327 5696 2762 5753 benedictionem
2799 5696 2943 5751 sacri
2974 5697 3079 5751 olei
3142 5698 3446 5757 solemnem

1879 5787 1980 5841 rite
2035 5798 2396 5858 peragerent;
2455 5804 2570 5846 tum
2631 5801 2853 5861 paratos
2905 5791 2975 5846 ad
3039 5791 3095 5847 id
3154 5791 3453 5852 fasciculos

1879 5892 2282 5950 segtnentorom
2318 5885 2505 5954 papyri
2557 5891 2882 5942 consecrato
2967 5883 3241 5955 tingerent
3299 5890 3446 5948 oleo.
