3992 6528
354 352 456 413 9-85

1289 356 1386 417 DE
1426 351 1818 415 MlCH.\ELE
1854 340 2313 410 PALEOLOGO
2358 342 2499 402 LIB.
2545 338 2648 402 VI.

3479 337 3582 399 986

352 479 530 525 σοντες
558 463 614 516 δὲ
641 464 804 518 αὑτὸν
823 466 886 535 δὴ
919 470 1003 520 καῖ
1032 467 1155 530 τοὺς
1185 468 1312 536 περὶ
1333 466 1513 528 αὑτὸν,
1541 463 1784 524 ἐκείνους
1811 459 1911 530 μὲν
1937 462 1988 520 Α
2013 456 2217 523 γελίαν,
2260 452 2348 505 τὸν
2377 449 2434 504 δὲ
2483 449 2622 502 κατὰ
2672 464 2794 500 τινα
2861 445 3236 516 πληροφορίαν
3263 446 3363 499 καὶ
3404 447 3590 498 πίστιν

349 555 557 618 ἐφεῖναι
596 557 672 624 τῷ
729 559 832 628 νέῳ
864 561 962 628 τὴν
994 563 1130 630 πρὸς
1161 559 1384 630 βασιλέα
1421 557 1626 626 ἄφιξιν,
1675 553 1833 607 αὑτὸν
1861 551 1920 604 δὲ

273 684 278 686 -
349 650 546 709 πιστὰς
573 641 884 717 ἔχοντα’τὰς
907 651 1128 714 ἐλπίδας
1157 653 1231 714 ὡς
1255 651 1346 703 ἐπὶ
1371 649 1557 710 καλοῖς
1585 644 1918 715 προσκαλου-

353 761 516 809 μενον
544 744 793 816 ἀπαντᾷν
826 746 963 815 μετὰ
1016 745 1272 818 θάρρους.
1319 746 1378 798 '0
1416 746 1515 814 μὲν
1553 742 1643 797 οὖν
1671 741 1921 812 βασιλεὺς

348 835 542 895 ταῦτα,
597 837 721 898 τοὺς
752 838 808 890 δὲ
845 838 971 907 μήτ’
1023 840 1266 900 ἐκείνους
1311 838 1525 902 ἐφιέναι
1561 835 1621 888 τὸ
1661 833 1920 906 παράπαν

352 929 476 997 μήτ’
505 931 668 982 αὐτὸν
695 931 998 1001 προθυμεῖν
1026 932 1187 1000 ἥκειν
1209 947 1222 960 ·
1276 931 1488 992 πολλοῖς
1514 929 1621 999 γὰρ
1657 928 1920 998 πρότερον

348 1023 563 1088 χρόνοις
592 1024 717 1084 τοὺς
751 1025 815 1076 ἐκ
848 1026 1109 1090 γειτόνων
1141 1028 1274 1095 πρὸς
1302 1023 1425 1084 τούς
1454 1023 1719 1091 ἄρχοντας
1742 1019 1920 1072 αὐτῶν

345 1113 750 1182 ἑκγαμίζεσθαι
785 1116 878 1168 καὶ
908 1117 1032 1169 καθ’
1064 1117 1262 1178 αὐτοὺς
1283 1111 1446 1180 εἶναι,
1479 1117 1546 1167 τὰ
1570 1114 1835 1184 βασιλέως
1863 1116 1921 1166 ἐν

345 1206 567 1273 ἄστροις
611 1207 1004 1274 μανθάνοντας,
1036 1207 1129 1260 καί
1151 1225 1213 1274 γε
1245 1207 1351 1276 πρὸ
1377 1208 1479 1258 τῶν
1500 1207 1593 1258 ἀπ’
1619 1205 1789 1273 αὐτῆς
1818 1221 1918 1258 κα·

346 1296 453 1347 λῶν
487 1300 580 1350 καὶ
619 1300 893 1368 μεγίστων
937 1301 1002 1354 τὰ
1050 1304 1190 1354 κατὰ
1241 1302 1382 1367 σφᾶς
1434 1299 1792 1368 αἱρουμένους
1821 1296 1916 1366 μέ-

346 1403 492 1455 τρια.
537 1388 620 1451 Ὠς
649 1389 782 1455 γοῦν
835 1391 1108 1454 ποικίλαις
1156 1388 1515 1459 συμϐουλίαις
1547 1391 1596 1440 οἱ
1660 1387 1920 1457 πρέσϐεις

345 1481 446 1530 33x
477 1479 693 1532 ἔπειθον
721 1480 973 1550 λέγοντες
1005 1482 1182 1534 πάντα
1211 1482 1441 1550 δεύτερα
1474 1481 1794 1550 τιθεμένους
1821 1479 1920 1546 τῆς

345 1572 499 1639 σφῶν
527 1571 822 1643 θελήτεως,
859 1575 994 1644 πρὸς
1027 1574 1250 1644 βασιλέα
1283 1575 1626 1644 ὑπέστρεφον
1670 1572 1838 1641 μηδὲν
1859 1571 1921 1624 τὸ

349 1663 608 1729 παράπαν
643 1664 960 1728 ἀνύσαντες.
988 1667 1060 1718 Οὐ
1103 1664 1209 1736 μὴν
1239 1664 1295 1716 δὲ
1323 1667 1412 1718 καὶ
1444 1667 1500 1726 ἐς
1536 1664 1688 1726 τέλος
1720 1663 1920 1732 πειρᾷν

347 1752 610 1823 διαφῆκεν
643 1755 671 1805 ὁ
724 1754 997 1825 βασιλεὺς,
1033 1755 1169 1808 ἀλλὰ
1201 1755 1694 1824 προσαποστὲλλων
1726 1752 1920 1822 συχνά-

347 1865 432 1905 κις
461 1848 520 1900 τὸ
552 1849 651 1918 μὲν
679 1848 913 1917 ἠπείλει,
952 1849 1012 1901 τὸ
1061 1850 1115 1902 δὲ
1145 1850 1236 1901 καὶ
1267 1852 1378 1910 τοῖς
1412 1849 1504 1916 ἀφ’
1533 1846 1729 1900 ἑαυτοῦ
1757 1863 1918 1915 γενη-

347 1940 600 2006 σομένοις
636 1941 865 2005 ἐκείνοις
903 1941 1088 2004 καλοῖς
1122 1941 1425 2005 ὲδελέαζεν,
1465 1940 1530 1993 ἂν
1585 1939 1744 2007 μόνον
1796 1956 1915 1990 πειο

347 2033 567 2096 σθέντες
623 2035 834 2105 ἥκοιεν.
864 2036 1030 2100 Τέλος
1063 2037 1269 2089 στέλλει
1324 2035 1414 2087 τὸν
1473 2033 1766 2102 λογοθέιην
1810 2031 1919 2083 τῶν

347 2129 641 2182 οἰκειακῶν
669 2128 1064 2199 Ἰατρὸπουλον,
1103 2131 1199 2181 σὺν
1233 2129 1381 2195 αὐτῴ
1413 2128 1468 2181 δὲ
1517 2135 1612 2180 καὶ
1644 2125 1743 2194 τῆς
1795 2127 1921 2177 Ἐκ-

347 2219 576 2289 κλησίας
607 2219 996 2290 πρεσϐύτερον,
1019 2221 1108 2274 τὸν
1137 2219 1234 2291 μὲν
1263 2219 1403 2273 κατὰ
1434 2219 1600 2290 τιμὴν
1627 2215 1720 2269 τοῦ
1753 2231 1921 2285 πρισ-

349 2311 682 2382 καλουμένου
729 2313 823 2367 καὶ
863 2313 970 2366 τῶν
1011 2315 1120 2368 ἀπὸ
1167 2315 1262 2366 τοῦ
1300 2312 1564 2383 βασιλέως
1604 2309 1786 2362 καλῶν
1818 2310 1921 2375 ἁγ-

351 2491 606 2550 iuvenem
640 2491 906 2548 Joannem
945 2492 1027 2548 vel
1055 2492 1180 2563 ejus
1215 2491 1516 2548 familiares
1551 2506 1613 2546 ac
1660 2489 1922 2546 consilia-

352 2589 468 2640 rius
504 2587 838 2656 pellicerent,
889 2587 1039 2640 illum
1077 2586 1298 2656 quidem
1338 2586 1404 2638 ad
1458 2583 1920 2655 proficiscendum

353 2691 502 2731 metu
571 2679 720 2732 omni
782 2677 1037 2748 deposito
1080 2675 1634 2745 Constantinopolim,
1693 2675 1924 2730 summis

354 2769 471 2824 illic
511 2769 1192 2840 honoribusdiguandum,
1228 2771 1325 2824 tios
1365 2776 1546 2822 autem
1582 2768 1720 2822 adid
1743 2769 1920 2835 ipsum

351 2860 698 2914 suadendum
732 2875 832 2914 suo
857 2860 1109 2931 principi.
1147 2860 1416 2915 Successu
1455 2871 1633 2915 tamen
1677 2861 1722 2914 is
1752 2876 1921 2914 cona-

356 2964 448 3009 tus
475 2964 586 3008 tum
610 2954 829 3024 quidem
859 2955 1059 3009 caruit.
1098 2952 1232 3008 Nam
1274 2970 1375 3009 nec
1405 2955 1613 3008 Lazicm
1637 2955 1773 3007 aulae
1795 2968 1922 3021 pro-

297 3031 299 3033 .
353 3059 513 3098 ceres
553 3054 806 3098 auctores
841 3043 954 3098 fieri
982 3043 1178 3098 Joanni
1217 3045 1505 3098 voluerunt
1539 3043 1750 3098 itineris
1775 3044 1919 3108 talis,

2023 549 2132 602 τῶν
2171 544 2500 615 λεγομένων,
2536 543 2610 603 ὡς
2644 541 2735 592 ἐπὶ
2764 541 2972 601 τούτοις
3002 541 3098 591 καὶ
3126 541 3226 607 τῆς
3261 524 3592 608 ’ἐκκλησίας

2023 636 2457 710 πρεσϐευούσης,
2487 633 2649 702 μηδὲν
2673 631 2879 693 είδυίας
2902 634 3044 684 κατὰ
3074 633 3130 682 τὸ
3153 631 3316 694 εἰκὸς,
3351 632 3428 692 ὡς
3454 633 3595 683 ἐκεί-

2024 749 2112 792 νος
2143 729 2327 781 ἔπειθε
2357 728 2555 794 λέγων.
2601 724 2685 792 ἐφ’
2725 722 2804 786 οἷς
2836 724 2898 776 ἂν
2936 732 3024 776 καὶ
3057 724 3141 795 [Ρ.
3175 724 3304 796 3'55]
3360 741 3593 792 compo-

2023 821 2206 892 λογοίη
2234 819 2546 889 ψεύδεσθαι,
2602 816 2742 869 ὥστε
2778 819 3049 885 παρέντας
3093 817 3193 879 τὰς
3227 816 3462 886 ὑποψίας
3493 819 3593 869 αὑ-

2021 918 2134 974 τοῖς
2180 917 2292 974 τοῖς
2331 913 2618 982 πράγμασι
2685 911 2890 979 γρίνειν
2947 912 2992 962 εξ
3051 910 3213 962 παῖδα
3261 910 3378 981 ἅμα
3422 913 3595 962 ποιεῖν

2025 1007 2229 1058 ἐκεῖνον
2263 1006 2355 1056 καὶ
2377 1006 2546 1056 κακον
2576 1002 2840 1070 βούλοιτο.
2861 1001 3045 1053 Ταῦτα
3073 1002 3325 1068 λέγοντες
3356 1001 3593 1062 ἔπειθον,

2027 1098 2118 1148 καὶ
2153 1097 2350 1165 ὅρκους
2377 1095 2642 1163 ταμόντες
2691 1088 2726 1162 ἦ
2771 1092 2876 1163 μὴν
2903 1094 2997 1143 καὶ
3058 1091 3308 1158 γαμϐρδν
3342 1089 3595 1158 γενέσθαι

2021 1187 2115 1241 τοῦ
2154 1187 2418 1258 βασιλέως
2443 1187 2532 1239 τὸν
2565 1187 2822 1255 Ἰωάννην
2856 1184 2949 1238 καὶ
2997 1186 3136 1254 μετὰ
3165 1183 3430 1235 πλείστων
3486 1182 3596 1234 τῶν

2022 1279 2240 1347 ἀγαθῶν
2274 1278 2586 1344 ἐπανήξειν,
2628 1277 2804 1340 καλῶς
2837 1277 2930 1330 καὶ
2951 1276 3058 1328 τῶν
3108 1276 3236 1344 περὶ
3271 1278 3477 1327 ἐκεῖνον
3503 1274 3590 1326 δε-

2023 1371 2398 1442 χθησομένων,
2436 1372 2654 1438 μακρᾶς
2693 1369 2818 1439 νηδς
2846 1369 3135 1429 ἐπιϐάντες
3166 1367 3221 1427 ἐς
3249 1366 3400 1418 πόλιν
3425 1365 3595 1435 κατή-

2021 1482 2198 1533 γοντο.
2225 1463 2380 1516 Ἐπεὶ
2410 1463 2465 1516 δὲ
2502 1463 2530 1514 ὁ
2562 1462 2812 1531 βασιλεὺς
2847 1463 2944 1529 μὲν
2977 1462 3164 1529 ἔτυχεν
3198 1461 3290 1512 ἐπὶ
3319 1458 3412 1512 τοῦ
3451 1475 3596 1527 παρ-

2020 1558 2172 1614 me;
2203 1554 2378 1618 ἀπὼν,
2433 1553 2728 1622 διατρίϐων
2783 1556 2840 1605 ὲν
2893 1553 3144 1620 Λοπαδίῳ
3181 1553 3321 1624 (ἐκεῖ
3364 1549 3472 1618 γὰρ
3531 1550 3600 1602 τὰ

2025 1649 2161 1702 κατὰ
2201 1649 2478 1718 Σάγγαριν
2511 1643 2736 1701 διελθὼν
2765 1649 2858 1698 καί
2888 1645 2940 1712 γ’
2979 1645 3053 1708 ὡς
3077 1640 3146 1714 ἦν
3184 1641 3598 1714 κατασφαλιοά-

2029 1757 2184 1805 μενος
2224 1739 2419 1809 ἔστησε
2452 1737 2549 1808 τὴν
2585 1737 2829 1805 πορείαν,
2861 1737 2934 1800 ὡς
2959 1737 3164 1790 ἐκεῖθεν
3201 1734 3597 1804 κατοχυρώσων

2027 1832 2118 1885 καὶ
2150 1835 2247 1894 τὰς
2271 1831 2410 1884 κατὰ
2431 1831 2530 1901 τὴν
2577 1830 2880 1899 Ἀχυρὰους
2910 1828 3129 1899 ἄκρας),
3169 1830 3374 1890 ἐκεῖνος
3400 1827 3454 1880 δὲ
3488 1826 3598 1878 τῶν

2023 1927 2185 1994 ὁρίων
2208 1927 2304 1995 τῆς
2346 1924 2635 1994 Ῥωμαίων
2675 1923 2990 1985 ἐπιϐαίνων,
3033 1921 3230 1992 βουλὴν
3259 1923 3352 1974 καὶ
3377 1923 3425 1974 oi
3459 1920 3597 1990 πρέ·

2026 2017 2174 2080 σϐεις
2217 2018 2497 2084 εἰσάγουσι
2529 2019 2641 2078 τοῖς
2672 2017 2814 2084 ἀμφὶ
2870 2015 2962 2067 τὸν
3005 2015 3263 2082 Ἰωάννην
3294 2013 3599 2066 ἀποθέσθαι

2024 2107 2208 2159 τοῦτον
2235 2107 2301 2159 τὰ
2334 2105 2537 2176 ἐρυθρὰ
2562 2109 2656 2158 καὶ
2683 2103 2916 2166 πεδίλοις
2950 2105 3175 2173 μέλασιν
3202 2103 3601 2173 ὑποδήσασθαι,

2025 2199 2097 2262 ὡς
2119 2200 2179 2268 δὴ
2210 2201 2409 2262 παντὸς
2443 2201 2603 2261 εὐθὺς
2631 2201 2781 2267 παρᾶ
2811 2197 3074 2267 βασ;λέως
3100 2197 3469 2266 γενησομένου
3503 2195 3600 2248 τοῦ

2027 2291 2146 2345 κατ’
2201 2292 2364 2344 αὐτὸν
2411 2293 2744 2361 ἀξιώματος.
2774 2286 2882 2342 Ἦν
2912 2290 3022 2359 γὰρ
3061 2289 3418 2359 συγκείμενον
3447 2289 3600 2356 σφίσι

2024 2470 2144 2539 ejus
2174 2470 2345 2536 socio,
2409 2484 2506 2524 nec
2541 2469 2885 2523 dubitaturos
2921 2469 3068 2537 ipsos
3117 2469 3342 2523 credere
3391 2469 3602 2538 pollici-

2027 2563 2327 2617 tationibus
2373 2579 2606 2630 quarum
2641 2561 2882 2616 Ecclesia
2958 2577 3076 2630 quae
3110 2562 3298 2616 fallere
3343 2563 3597 2622 nesciret,

2026 2673 2086 2712 se
2119 2657 2314 2711 vadem
2341 2657 2746 2728 quodammodo
2769 2657 3079 2720 exhiberet,
3102 2673 3336 2724 compos
3371 2657 3601 2713 effertus

2027 2760 2276 2803 rotorum
2335 2751 2620 2819 Augustus
2657 2757 2761 2803 est.
2822 2750 2959 2803 Cum
2987 2751 3131 2803 enim
3173 2751 3335 2803 ambo
3395 2750 3467 2802 illi
3504 2767 3601 2820 pro

2026 2860 2083 2897 se
2107 2842 2342 2913 quis-lue
2362 2823 2827 2896 'coutestarentur
2855 2843 3059 2912 optima
3093 2843 3194 2897 fide
3227 2858 3289 2896 ac
3323 2844 3602 2898 voluntate

2027 2938 2410 3005 imperatorem
2473 2950 2670 2990 vocare
2726 2933 2993 2989 Joannem
3042 2934 3094 2988 in
3141 2939 3600 2991 necessrtuiliuent

2026 3028 2187 3099 523
2220 3027 2336 3094 lilii,
2369 3034 2598 3098 paterno
2629 3027 2826 3081 deinde
2855 3025 3050 3081 aﬂectu
3079 3026 3230 3080 illum
3266 3029 3413 3080 omni
3435 3033 3605 3082 bono-

359 3152 463 3190 ncc
498 3136 612 3205 ipse
644 3150 739 3206 per
795 3151 855 3189 se
906 3137 1176 3206 princcps‘v
1404 3135 1456 3188 in
1504 3134 1555 3188 id
1616 3134 1926 3204 propendit,
1951 3137 1996 3199 ς
2037 3137 2154 3173 rum
2218 3133 2418 3190 genere
2475 3127 2787 3180 aucturum,
2851 3119 3120 3174 diSCllSSlS
3155 3121 3389 3191 denique
3426 3123 3604 3188 οιιειιῑ-

354 3245 480 3283 eum
521 3229 889 3284 COIICOI'dthS
917 3243 1108 3283 omnes
1146 3228 1403 3283 sensibus
1451 3227 1696 3282 dicerent
1746 3242 1928 3281 exem-

359 3323 465 3391 plis
497 3339 556 3377 se
587 3323 910 3377 domesticis
947 3320 1132 3376 doceri
1163 3335 1272 3374 non
1299 3320 1518 3388 evagari
1563 3319 1927 3374 affinitatibus

356 3431 514 3470 extra
549 3416 772 3470 ditionis
796 3414 999 3469 limites
1025 3415 1233 3484 patriae,
1265 3413 1361 3468 sed
1392 3428 1625 3483 sponsas
1665 3414 1718 3466 in
1747 3412 1926 3483 gentis

362 3508 610 3576 ejusdem
659 3508 988 3576 Optiu.atum
1030 3506 1290 3560 domibus
1316 3520 1565 3574 quaérere
1595 3523 1608 3559 :
1639 3505 1932 3575 imperato-

360 3602 505 3652 rium
529 3612 658 3652 vero
683 3613 854 3668 genus
888 3612 948 3650 ac
977 3601 1228 3665 stirpem,
1265 3596 1411 3650 velut
1455 3610 1542 3649 res
1573 3596 1710 3649 roris
1742 3609 1805 3648 ac
1836 3609 1930 3647 ca-

359 3700 455 3759 ptu
491 3691 731 3759 prepriis
763 3689 1099 3758 superiores,
1132 3689 1211 3741 sic
1240 3689 1439 3741 intueri
1463 3697 1520 3740 ut
1543 3687 1726 3740 stellas
1754 3686 1930 3738 homi-

359 3796 458 3835 nes
491 3794 554 3832 ac
579 3780 702 3832 cadi
743 3777 925 3833 sidera
974 3777 1162 3830 mirari
1211 3776 1410 3838 solent,
1466 3791 1587 3845 quze
1618 3774 1828 3829 scilicet
1859 3776 1928 3826 ita

357 3871 672 3940 suspiciunt
696 3881 755 3924 ut
804 3869 872 3924 ad
927 3878 1237 3922 contactum
1265 3882 1452 3921 eorum
1487 3882 1518 3922 a
1551 3879 1742 3921 natura
1767 3881 1931 3937 nega-

359 3973 477 4018 tum
523 3979 630 4017 non
666 3964 933 4032 aspirent.
973 3959 1234 4015 Viderent
1264 3960 1430 4030 igitur
1461 3976 1625 4028 quam
1659 3976 1763 4012 non
1800 3962 1931 4013 fuis-

359 4069 444 4112 set
478 4070 622 4124 Opus
671 4053 1048 4108 commendari
1089 4054 1155 4107 ab
1206 4052 1534 4122 imperatore
1606 4053 1930 4106 modestiam

361 4152 435 4205 iis
470 4151 563 4219 qui
596 4164 743 4203 nunc
772 4149 1082 4202 oblatorqu
1120 4147 1264 4199 ultro
1293 4147 1426 4214 ipsis
1465 4145 1728 4197 honorum
1757 4147 1933 4197 maxi-

361 4259 577 4297 morum
606 4243 955 4310 splendorem
995 4254 1102 4292 non
1155 4237 1472 4292 dubitarent
1521 4251 1780 4290 recusare
1813 4248 1932 4289 tau-

359 4349 525 4402 quam
569 4329 964 4386 mediocritatis
989 4329 1256 4396 ipsorum,
1286 4341 1394 4395 qua
1431 4327 1678 4380 contenti
1712 4335 1925 4392 essent,

357 4426 712 4479 excedentem
748 4423 989 4475 modum.
1021 4419 1162 4488 Ergo
1191 4420 1350 4488 legati
1385 4419 1568 4472 omnia
1610 4419 1810 4472 frustra
1838 4435 1931 4471 ex-

2032 3213 2250 3264 cionutn
2285 3210 2498 3264 umbris
2545 3210 2673 3263 Lazi
2709 3209 2866 3278 plane
2904 3221 3290 3278 asserueruut;
3351 3229 3412 3264 ae
3449 3213 3601 3278 jure-

2027 3302 2264 3373 jurando
2297 3319 2324 3354 a
2366 3303 2555 3372 legatis
2585 3317 2830 3372 actepto,
2861 3321 2968 3372 quo
3004 3305 3220 3357 nomine
3257 3305 3603 3373 imperatoris

2032 3405 2084 3450 et
2110 3411 2209 3452 sua
2271 3396 2518 3465 ipsorum
2573 3396 2677 3450 title
2736 3406 2922 3450 sancte
2975 3396 3320 3466 spondebant
3380 3402 3603 3454 Omnino

2034 3488 2148 3543 fore
2181 3498 2237 3540 ut
2271 3487 2512 3542 Joannes
2559 3488 3087 3562 Constantinopolim
3128 3489 3482 3559 proficiscens
3528 3492 3600 3544 ibi

2034 3581 2198 3634 tiliam
2229 3580 2580 3648 imperatoris
2617 3579 2845 3634 duceret
2891 3596 3137 3647 uxorem,
3200 3597 3261 3634 ac
3288 3598 3412 3636 mox
3446 3585 3602 3638 bouis

2035 3673 2448 3743 honoribusque
2515 3671 2832 3726 cumulatus
2898 3674 3271 3728 remitteretur
3355 3676 3602 3741 domum,

2034 3764 2264 3819 comites
2318 3777 2532 3832 quoque
2569 3776 2699 3816 suos
2767 3761 3088 3815 liberalitate
3123 3762 3352 3830 Augusti
3406 3763 3604 3816 ditatus

2035 3855 2300 3911 reducens
2333 3870 2542 3916 secum,
2578 3869 2717 3906 nave
2745 3853 2910 3908 simul
2934 3867 3124 3907 omnes
3152 3853 3307 3922 longa
3339 3869 3604 3907 conscen-

2033 3965 2093 4005 sa
2145 3963 2339 4003 versus
2396 3947 2585 4000 urbem
2625 3947 2934 4000 solverunt.
2993 3944 3267 4011 Quoniam
3297 3961 3428 3998 vero
3462 3947 3603 3998 forte

2036 4051 2165 4095 tunc
2221 4039 2454 4108 contigit
2502 4039 2696 4093 abesse
2733 4037 2801 4091 ab
2847 4037 2983 4090 urbe
3016 4037 3404 4106 imperatorem
3455 4055 3605 4092 cmu-

2038 4140 2342 4188 morantem
2375 4132 2442 4184 ad
2473 4129 2798 4199 Lopadium,
2830 4128 3014 4196 ibique
3051 4129 3319 4182 intentum
3351 4129 3431 4182 vel
3469 4147 3604 4198 prte-

2034 4223 2309 4279 vertendis
2351 4223 2564 4277 damnis
2597 4222 2678 4275 vel
2730 4220 2911 4274 ruinis
2945 4219 3268 4290 reparandis
3317 4221 3600 4290 regionum

2033 4319 2180 4371 circa
2215 4316 2502 4386 Sangarim
2537 4315 2661 4383 (boc
2693 4314 2834 4367 enim
2866 4322 2924 4365 ut
2953 4320 3142 4380 ageret
3177 4314 3370 4367 itinere
3408 4330 3604 4368 versus

2035 4409 2154 4463 illas
2184 4418 2367 4476 partes
2418 4414 2693 4474 suscepto,
2749 4404 2976 4473 Lepadii
3017 4404 3459 4458 consistendum
3497 4406 3600 4458 sibi

359 4519 525 4588 perti,
572 4516 751 4570 redire
801 4513 1016 4567 tandem
1059 4511 1126 4565 ad
1189 4511 1579 4578 imperatorem
1631 4526 1687 4564 re
1732 4512 1927 4563 infecua
1964 4489 2004 4540 ί)
2038 4506 2342 4570 putaverat,
2376 4497 2502 4552 inde
2527 4497 2785 4551 videlicet
2807 4498 3007 4552 vicinia
3031 4498 3110 4552 sui
3136 4506 3444 4566 caeteraque
3479 4513 3602 4564 pro-

358 4609 709 4668 suntcoacti.
752 4607 862 4662 Nec
898 4615 1078 4660 tamen
1105 4605 1194 4659 ille
1251 4603 1431 4656 adhuc
1483 4603 1772 4669 despondit
1814 4604 1932 4653 ani-

362 4717 536 4765 tnutn,
582 4700 676 4756 sed
717 4700 838 4751 aliis
865 4712 931 4750 eo
961 4707 1125 4765 atque
1165 4695 1290 4749 aliis
1333 4693 1699 4764 legationibus
1737 4693 1932 4746 crebro

360 4794 733 4857 missitandis,
769 4792 899 4845 hinc
940 4799 1147 4844 terrere
1180 4787 1300 4840 illos
1333 4788 1520 4852 minis,
1559 4786 1683 4838 inde
1716 4785 1932 4838 aliiceie

365 4887 680 4960 promissis,
709 4895 762 4938 et
792 4898 914 4936 cum
941 4884 1231 4935 Universos
1271 4888 1383 4932 tum
1407 4877 1652 4946 singulos
1681 4876 1930 4944 privatim

359 4973 792 5030 accommodatis
826 4974 892 5025 ad
924 4971 1200 5040 cujusque
1228 4983 1354 5037 spes
1383 4984 1446 5021 ac
1477 4976 1693 5035 captum
1723 4978 1932 5018 tentare

357 5068 716 5123 sermonibus
781 5081 891 5120 non
949 5065 1186 5126 destitit,
1249 5061 1510 5114 terribilia
1555 5063 1827 5113 intentans
1879 5059 1931 5111 ni

360 5163 628 5225 facerent,
703 5169 918 5213 montes
969 5173 1169 5210 aureos
1236 5156 1520 5224 pollicens,
1575 5154 1617 5207 si
1655 5154 1931 5212 audirent,

360 5257 540 5324 quoad
565 5252 781 5307 tandem
815 5251 984 5305 misso
1022 5251 1150 5303 illuc
1183 5250 1456 5318 Iogotlteta
1504 5250 1930 5299 domesticarum

362 5346 668 5415 Iatropulo,
717 5345 803 5396 cui
840 5345 1089 5396 tomitein
1117 5339 1374 5394 ECCiCSiiL'
1427 5339 1799 5407 presbyterum
1835 5336 1931 5386 ad-

356 5443 564 5512 juntii,
635 5438 716 5490 sie
750 5452 932 5490 serum
973 5444 1249 5501 reputans,
1295 5434 1582 5500 Ιυειωιιιιιιςιι
1613 5432 1930 5498 «Νεμείου-ιη

362 5535 656 5586 Valituraut
693 5539 756 5582 ad
795 5529 1096 5582 faciendam
1151 5525 1308 5578 Iidem
1348 5524 1548 5576 sinceri
1591 5519 1934 5586 imperatoris

361 5625 534 5679 animi
573 5625 624 5676 in
677 5617 1063 5690 promitteudis
1111 5615 1269 5670 bouis
1327 5611 1784 5682 iugentibnsquae
1841 5607 1932 5660 tati

362 5713 664 5784 interprete
695 5711 936 5771 oll'erret,
972 5706 1247 5762 cumulum
1272 5719 1401 5758 vero
1429 5701 1805 5772 persuasionis
1840 5699 1934 5751 atl-

365 5810 610 5864 dituram
645 5803 1075 5860 ecelesiasticam
1149 5797 1469 5870 gravitatem
1534 5793 1836 5847 elucentem
1880 5789 1966 5861 in.

2041 4591 2276 4645 videntia
2310 4589 2625 4644 ﬁrmaturus
2664 4589 2933 4645 adversus
2979 4590 3088 4642 vim
3135 4588 3417 4644 Persicam
3448 4603 3603 4643 arces

2037 4682 2182 4738 illius
2227 4683 2419 4736 limitis
2455 4682 2589 4736 sitas
2646 4681 2713 4736 ad
2750 4681 3104 4750 Aeheraum),
3155 4681 3316 4751 legati
3377 4679 3601 4733 Ruinam

2033 4775 2298 4830 Joannem
2326 4771 2529 4827 Lazum
2583 4775 2940 4833 deducentes.
3000 4789 3060 4824 ea
3101 4772 3452 4840 imperatoris
3503 4771 3602 4824 ab-

2035 4865 2209 4919 sentia
2247 4863 2424 4918 obiter
2468 4863 2709 4932 cognita,
2739 4862 2828 4915 ubi
2881 4863 3113 4930 primum
3149 4862 3282 4914 fines
3328 4859 3603 4912 ltomanos

2033 4957 2353 5027 attigerunt,
2385 4955 2737 5008 occasionem
2771 4953 2896 5006 inde
2921 4963 3230 5020 opportune
3250 4949 3601 5018 suriipserunt

2035 5048 2362 5118 suggerendi
2411 5046 2608 5100 Joanni
2664 5046 2948 5114 eleganter
3003 5045 3276 5097 facturum
3332 5042 3506 5106 illum,
3557 5045 3602 5097 si

2038 5143 2218 5197 rubris
2265 5139 2660 5193 calceamentis
2694 5137 2969 5204 paulisper
3015 5138 3196 5187 exutis
3227 5134 3378 5202 nigra
3417 5135 3602 5185 indui-.-

2039 5243 2120 5288 ret
2158 5247 2330 5299 usque
2380 5228 2446 5282 ad
2479 5226 2829 5294 imperatoris
2874 5223 3022 5278 brevi
3066 5221 3307 5276 adfuturi
3343 5223 3600 5276 reditum.

2039 5327 2149 5378 Etsi
2183 5325 2327 5377 enim
2361 5321 2413 5372 iu
2438 5320 2680 5371 discessu
2715 5323 3045 5369 conventum
3088 5313 3399 5381 interipsos
3426 5310 3604 5366 fuerat

2040 5416 2405 5486 pl'ttit‘t'lttl‘lllll
2457 5409 2723 5463 Joannem
2766 5422 2890 5461 cum
2935 5405 3039 5460 sibi
3085 5404 3263 5460 solitis
3300 5405 3604 5474 insignibus

2037 5510 2330 5576 despotirrc
2367 5502 2676 5570 potestatis,
2723 5510 2901 5551 tamen
2927 5512 3149 5550 causam
3187 5510 3310 5549 esse
3351 5495 3599 5548 idoneam

2037 5597 2390 5653 disserebant
2441 5608 2540 5646 cur
2571 5593 2623 5644 in
2657 5605 2722 5644 eo
2777 5599 2886 5640 tum
2941 5586 3222 5654 quidpiam
3278 5585 3581 5638 remitteret

2038 5709 2162 5747 cum
2219 5693 2431 5743 faenore
2487 5686 2678 5756 gloria:
2726 5698 2848 5733 mox
2927 5685 3246 5746 recepturus
3298 5675 3603 5731 honorifice

2039 5782 2273 5855 Augusti
2298 5779 2508 5851 judicio
2533 5777 2584 5832 id
2614 5776 2759 5846 qttod
2785 5773 2968 5829 volens
2998 5772 3062 5825 ad
3093 5781 3307 5840 tempus
3340 5767 3602 5825 brevissi-
