3992 6520
420 357 521 421 σιτ

1618 371 1942 433 GEORGII
1987 373 2464 436 PACllYMEliB

3560 373 3658 436 933

414 478 507 526 καὶ
578 475 647 527 τὰ
704 475 801 545 τῆς
860 478 1179 542 δεσποτείας
1236 481 1443 537 ἐκεῖνον
1508 485 1986 557 ἀμφιϐαλλόμενος
2018 488 2064 550 Α
2093 489 2343 561 ἠρεμεῖν,
2397 490 2531 544 ἀλλὰ
2569 491 2661 543 καὶ
2698 485 2852 553 αὖθις
2900 487 3129 552 σπονδᾶς
3174 486 3386 550 ὲκείνας
3427 488 3662 555 συγχέας

413 566 680 634 σὺμὸολα,
708 568 822 638 ἅμα
851 570 928 640 τῷ
949 571 1114 624 παῖδα
1136 573 1411 641 γενέσθαι,
1440 578 1750 645 περιφανῶς
1768 578 1988 641 ἐσαῦθις

416 657 749 721 κλείζεσθαι.
785 660 858 714 Τὸ
887 660 930 715 δ’
951 663 1038 715 ἐπ’
1079 664 1331 734 ἐρυθροῑς
1357 669 1805 737 μεταλαμϐάνειν
1835 670 1899 723 τὰ
1925 671 1989 722 ἐκ

420 752 706 821 πορφύρας
737 753 922 823 δὶχροα
956 755 1031 825 μὴ
1064 757 1155 810 καὶ⁵
1201 758 1337 822 ὅλως
1380 761 1623 830 ἀπρεπὲς
1660 757 1715 837 ᾗ,
1752 762 1888 833 πρὸς
1914 764 1990 834 τῷ

418 846 511 895 καὶ
536 845 706 909 ἄλλως
747 847 1008 917 δυσχερὲς
1035 852 1265 922 φανῆναι
1297 853 1373 923 τῷ
1406 851 1636 923 βασιλεῖ.
1692 856 1875 910 Ταῦτα
1904 858 1990 908 λέ-

414 934 598 1000 ξχντές
622 953 679 989 τε
712 940 804 992 καὶ
833 940 1140 1009 πράξαντες
1171 949 1238 1013 τῇ
1278 944 1433 997 πόλει
1473 946 1850 1018 προσίσχουσι,
1898 950 1990 1003 καὶ

412 1028 555 1081 κατά
586 1029 677 1081 τὸν
707 1030 902 1097 λιμένα
940 1033 999 1085 τὸ
1061 1036 1241 1105 Κέρας
1294 1037 1601 1102 ἀποϐάντες
1643 1041 1771 1110 νηὸς
1830 1041 1990 1106 ξενα-

413 1121 637 1187 γοῦνται
686 1125 994 1189 πολυτελῶς
1027 1126 1084 1178 ἐν
1114 1144 1225 1181 τισι
1280 1132 1390 1194 τοῖς
1424 1132 1569 1186 κατά
1597 1132 1693 1204 τὴν
1729 1134 1883 1188 πόλιν
1913 1136 1992 1187 ol-

416 1215 647 1285 κήμασι.
704 1219 812 1270 Καί
861 1220 912 1286 γ’
960 1222 1051 1287 ἐφ’
1069 1221 1301 1291 ἡμέραις
1323 1224 1414 1277 τὸν
1443 1226 1551 1278 ἀπὸ
1580 1227 1677 1296 τῆς
1712 1225 1989 1301 θαλάσσης

414 1306 927 1380 ἀποσκευασάμενοι
959 1311 1208 1383 θόρυϐον,
1241 1317 1462 1379 ἐντολάς
1509 1317 1797 1386 δεξάμενοι
1829 1319 1989 1389 βασι-

412 1395 568 1460 λέως.
595 1401 733 1468 πρδς
763 1401 822 1453 τὸ
852 1402 1119 1457 Λοπάδιον
1153 1406 1411 1473 γίονται.
1449 1409 1557 1461 Καὶ
1602 1409 1667 1479 δὴ
1699 1411 1768 1464 τά
1799 1411 1987 1465 είκότα

414 1487 922 1561 φιλοφρονηθέντες,
983 1495 1079 1564 ἅμ’
1123 1496 1272 1567 αὐτῷ
1304 1497 1519 1567 βασιλεῖ
1549 1499 1669 1572 πλῷ
1698 1504 1991 1573 χρησάμε-

414 1599 514 1645 νοι,
544 1585 643 1654 τὴν
679 1587 832 1640 πόλιν
876 1589 1405 1660 καταλαμϐάνουσιν.
1456 1595 1725 1664 Ἤπειγον
1754 1596 1864 1665 γὰρ
1890 1597 1989 1649 αὐ-

413 1675 505 1728 τθιν
544 1676 702 1729 τοῦτο
737 1680 837 1748 μὲν
865 1680 912 1732 οί
944 1680 1110 1749 γάμοι
1141 1682 1234 1749 τῆς
1265 1683 1555 1753 θυγατρὸς,
1602 1668 1758 1739 τοῦτο
1807 1686 1863 1740 δὲ
1896 1688 1990 1741 καὶ

412 1767 475 1818 ἐκ
500 1767 703 1832 δύσεως
725 1770 956 1842 Τόχαροι
1004 1773 1367 1841 ἁγγελθέντες
1402 1774 1738 1846 ἐξέρχεσθαι,
1771 1777 1864 1842 οὒς
1892 1779 1989 1832 αὐο

2095 585 2371 655 ἐπεχείρει
2400 586 2513 648 τοῖς
2541 583 2615 655 μὴ
2646 585 3041 655 προσήκουσιν.
3083 581 3295 644 Ἀλλως
3329 580 3373 634 δ’
3416 581 3662 651 ἐπισχεῖν

2092 675 2255 729 αὖτδν
2283 674 2390 727 τῶν
2432 673 2816 745 βουλευμάτων
2851 673 3105 744 βασιλεὺς
3134 673 3232 726 οὐκ
3269 670 3406 741 ἔχων
3438 671 3520 738 (τὸ
3557 674 3663 739 γὰρ

2093 764 2431 837 θερμουργδν
2466 767 2674 820 ἐκείνου
2706 767 2800 819 καὶ
2831 764 3062 827 αὔθαδες
3099 764 3263 837 μέχρι
3306 763 3402 816 καὶ
3442 766 3501 824 ἐς
3531 765 3662 814 ἀπο-

2093 857 2320 928 κήρυξιν
2353 858 2559 910 ἐκεῖνον
2590 857 2663 920 ὡς
2698 858 3012 924 ἀποστάτην
3046 856 3255 925 ἐτίθει),
3291 856 3335 907 εί
3366 856 3437 922 μή
3467 871 3523 921 γε
3563 855 3664 906 Το-

2092 949 2297 1019 χάρους
2323 948 2621 1017 ἐπαγαγὼν
2658 950 2839 1002 πᾶσαν
2874 949 2972 1017 μὲν
3014 948 3116 1017 τὴν
3150 947 3360 999 ἐκείνου
3394 946 3637 1006 habent

2092 1042 2253 1094 αὐτὸν
2296 1040 2346 1095 δ’
2386 1043 2444 1094 ἐν
2494 1040 2663 1111 στενῷ
2707 1042 3039 1111 καταστήσει
3074 1039 3417 1107 πραγμάτων
3464 1054 3524 1088 τε
3578 1056 3636 1087 κς

2091 1133 2345 1199 ἐλπίδων,
2386 1134 2434 1187 εί
2468 1133 2603 1187 τέως
2637 1134 2911 1204 διαδράσει
2952 1134 3043 1184 τὸν
3084 1132 3345 1190 κίνδυνον.
3382 1130 3538 1183 ταῦτ’

2091 1224 2217 1278 νοῦν
2264 1227 2511 1296 στρέφων
2557 1225 2834 1297 Τοχάρους
2882 1229 3105 1294 ἐπῆγεν.
3159 1223 3431 1292 Εὔκαιρον
3471 1223 3519 1274 δ’
3560 1220 3634 1283 si;

2091 1318 2185 1371 καὶ
2239 1320 2331 1375 τὸν
2382 1322 2660 1388 ἐφεστῶτα
2727 1322 3001 1392 χειμῶνα·
3062 1320 3330 1390 χειμῶνος
3391 1321 3501 1387 γὰρ
3578 1320 3660 1368 κςπὶ

2092 1406 2319 1472 σύνηθες
2350 1408 2577 1471 ἐκείνοις
2605 1409 2957 1479 στρατεύειν-
3002 1408 3061 1461 ὃν
3095 1411 3190 1461 καὶ
3224 1407 3667 1478 προκαταλαυ.εἷν

2092 1497 2375 1566 ἠπείγετο,
2407 1500 2481 1562 ὡς
2514 1500 2617 1566 ἔξω
2666 1502 2875 1564 πόλεως
2920 1502 3215 1571 συμϐαλεῖν
3244 1502 3534 1571 Τοχάροις.
3566 1496 3669 1551 Ἷιν

2089 1592 2144 1645 δὲ
2169 1593 2276 1664 ἄρα
2295 1594 2356 1647 τὸ
2387 1595 2760 1665 μελετώμενον
2790 1597 3008 1666 μέλημα
3030 1595 3129 1665 μὲν
3155 1594 3331 1656 ἄλλως
3357 1595 3669 1664 στρατιώτῃ

2092 1687 2301 1756 πρέπον
2335 1688 2616 1754 ἐπιεικῶς,
2662 1690 2980 1760 Χριστιανῷ
3014 1689 3071 1744 δὲ
3121 1690 3217 1743 καὶ
3261 1688 3382 1741 λίαν
3425 1687 3668 1757 ἀπᾷδον·

2091 1779 2308 1844 ἀσεϐεῖς
2337 1782 2446 1851 γάρ
2482 1783 2575 1836 ἐπὶ
2605 1782 2965 1850 Χριστιανοὺς
3004 1782 3241 1854 ἐξορμᾷν
3271 1782 3362 1835 καί
3395 1780 3448 1849 γ’
3482 1780 3673 1841 ἀθέους

412 1860 502 1921 τὸς
533 1860 808 1929 βασιλεὺς.
842 1865 1025 1932 Νογᾶν
1059 1866 1298 1931 ἀξιώσας
1325 1870 1466 1923 κατὰ
1489 1869 1584 1923 τοῦ
1619 1870 1986 1942 σεδαστοκρά-
2022 1869 2063 1925 Β
2092 1874 2177 1935 ἐφ’
2205 1874 2349 1944 ἱερά,
2386 1873 2460 1945 μὴ
2495 1875 2715 1927 καὶτῶν
2742 1876 2946 1946 σφόδρα
2977 1875 3121 1929 θείου
3150 1875 3317 1943 φόϐου
3352 1873 3675 1942 ἀνεπεστρό-

412 1967 569 2018 τορος
607 1951 874 2020 Ἰωάννου,
937 1957 1145 2010 ἐκείνου
1194 1959 1512 2029 πέμψαντος
1564 1961 1861 2033 ἐξεδέχετο.
1897 1964 1989 2035 Τῷ

410 2041 548 2105 τέως
576 2044 707 2111 γοῦν
742 2047 911 2117 μηνὸς
936 2048 1288 2120 Γαμηλιῶνος
1318 2052 1577 2122 λήγοντος
1606 2056 1838 2119 ἐπιστὰς
1862 2058 1990 2120 τοὺς

411 2132 624 2200 γάμους
657 2134 828 2189 ἐτέλει
857 2140 920 2206 τῇ
958 2137 1207 2209 θυγατρί.
1245 2141 1407 2194 Ὄλον
1456 2143 1500 2195 δ’
1537 2143 1989 2212 Ἐλαφηϐολιῶνα

410 2223 688 2292 διαγαγὼν
738 2229 969 2299 ἐξήρτυε
1000 2229 1260 2303 δυνάμεις
1307 2236 1403 2288 καὶ
1452 2236 1586 2306 πρὸς
1627 2236 1809 2303 ἔξοδον
1840 2239 1989 2307 ἡτοι-

416 2331 447 2379 p
458 2313 637 2378 άξετο.

412 2426 504 2480 λε’.
537 2429 737 2515 Ὅπως
767 2434 800 2486 ὁ
840 2434 1149 2515 ζΒιιιγιμξεὺς
1187 2417 1636 2515 μετεκαλέσατο
1690 2444 1988 2515 Τοχόρους

568 2501 719 2554 κατὰ
762 2503 868 2557 τοῦ
923 2501 1477 2578 σεϐαστοὲτράτορος
1520 2501 1823 2569 ’[ωᾰννοῦ.

485 2587 551 2661 [Ρ
585 2591 709 2665 356]
735 2594 824 2665 Τῷ
856 2597 963 2668 γὰρ
1002 2599 1462 2673 σεδαστοκράτορι
1506 2605 1733 2681 Ἰωάννῃ
1780 2610 1885 2665 οὐκ
1917 2605 1992 2683 ἦν

417 2778 564 2815 trum
631 2763 999 2836 deposuisset.
1061 2770 1384 2842 Imperatori
1443 2779 1647 2849 quippe
1697 2783 1984 2839 decretum

410 2872 536 2913 esse
564 2850 855 2923 Joannem,
882 2865 1066 2919 statim
1100 2878 1266 2938 atque
1291 2871 1344 2925 in
1374 2874 1847 2933 necessitudinem
1883 2882 1978 2936 ﬁlii

413 2950 669 3006 admotus
695 2956 740 3008 is
773 2955 875 3010 sibi
921 2959 1060 3013 foret
1113 2960 1382 3032 desponsa
1420 2967 1522 3037 ipsi
1576 2972 1795 3039 propria
1848 2974 1983 3043 ﬁlia,

414 3045 702 3115 magniﬁce
733 3065 933 3105 ornare
966 3053 1033 3106 iis
1060 3055 1321 3125 symbolis
1373 3074 1646 3130 suprema:
1673 3064 1982 3135 dignitatis,

411 3152 535 3206 quae
563 3140 807 3208 despotis
838 3143 893 3198 in
919 3146 1048 3199 aula
1077 3148 1431 3217 imperatoria
1486 3156 1659 3209 tribui
1710 3159 1982 3214 solebant.

416 3230 721 3286 Doliturum
755 3246 937 3289 autem
968 3236 1089 3307 ipsi,
1125 3240 1168 3293 si
1199 3237 1464 3296 Joannem
1497 3245 1701 3301 videret
1728 3264 1789 3303 ea
1812 3266 1985 3319 perse

414 3338 736 3393 occupasse,
771 3343 895 3396 quae
929 3329 1127 3383 habere
1157 3331 1309 3385 illum
1347 3350 1447 3389 suo
1476 3336 1766 3402 bcnetitio,
1792 3350 1846 3395 et
1880 3342 1985 3397 sibi

417 3430 644 3486 suteque
672 3432 799 3488 erga
825 3418 974 3473 illum
1010 3423 1399 3481 benevolentia:
1429 3429 1688 3499 imputari
1737 3445 1981 3503 cuperet.

415 3507 557 3573 Quin
584 3517 638 3561 et
658 3510 858 3579 alioqui
890 3527 1078 3576 parum
1106 3519 1403 3573 convenire
1425 3521 1533 3590 iam
1568 3538 1809 3592 purpura
1832 3536 1989 3580 uten-

420 3608 532 3649 tem
559 3597 835 3655 bicolorrs
855 3616 918 3654 ex
942 3617 1103 3658 roseo
1122 3618 1173 3659 et
1192 3609 1448 3675 candido,
1473 3627 1595 3680 qua:
1608 3615 1844 3684 propria:
1867 3616 1990 3672 des-

413 3699 666 3758 potarum
702 3701 914 3758 essent,
946 3704 1130 3751 vestes
1154 3713 1455 3755 assumere.
1485 3703 1561 3757 Ita
1585 3720 1675 3774 itte
1699 3722 1767 3762 ne
1790 3724 1987 3779 grava-

416 3791 566 3835 retur
600 3784 838 3851 primum
867 3801 1163 3867 occursum
1198 3792 1516 3862 imperatori
1540 3797 1802 3854 exhibere
1838 3800 1892 3855 in
1921 3818 1986 3859 eo

414 3872 591 3940 cultu,
654 3876 748 3943 qui
800 3875 1112 3935 facultatem
1149 3885 1200 3938 ei
1253 3900 1361 3939 non
1414 3889 1732 3958 praeriperet
1781 3894 1986 3962 ipsum,

413 3963 561 4031 quod
590 3966 805 4033 avebat,
843 3970 1081 4025 insolitis
1111 3972 1340 4029 honoris
1371 3975 1681 4047 insignibus
1718 3979 1989 4037 decoran-

413 4059 489 4114 di.
520 4060 644 4117 Hac
693 4066 937 4122 dicentes
970 4066 1133 4141 524¹
1182 4083 1583 4139 persuaserunt
1651 4079 1798 4148 quod
1837 4079 1989 4136 vole-

414 4153 581 4220 bant;
609 4172 846 4227 cumque
873 4159 1145 4217 Lazarum
1180 4164 1429 4236 principe
1459 4181 1525 4223 eo
1562 4186 1723 4240 quem
1760 4181 1988 4241 optave-

416 4255 539 4299 rant
582 4250 747 4303 modo
778 4253 976 4305 vestito
1012 4254 1079 4307 ad
1125 4256 1313 4310 urbem
1366 4260 1717 4329 appulerunt,
1751 4277 1988 4319 exsecu-

414 4335 718 4409 dentesque
742 4357 772 4396 e
804 4345 924 4396 navi
958 4345 1023 4399 ad
1043 4360 1261 4415 portum
1289 4349 1457 4406 Ceras
1475 4352 1681 4407 dictum
1704 4355 1989 4425 splendide

420 4439 552 4484 sunt
583 4432 823 4503 hospitio
844 4440 1053 4509 excepti
1088 4441 1145 4495 in
1174 4442 1509 4501 suburbanis
1538 4448 1858 4515 domiciliis,
1896 4451 1986 4505 ubi

2094 1984 2213 2035 φων
2248 1971 2308 2020 τὸ
2357 1967 2614 2038 τόλμημα
2764 1968 2906 2023 Ἀλλ’
2963 1967 3208 2031 ἐκείνους
3258 1967 3356 2037 μὲν
3397 1966 3596 2035 ἐξῆγεν
3641 1965 3672 2035 ἡ

2092 2059 2199 2111 ἁπὸ
2236 2059 2504 2129 βασιλέως
2538 2061 2762 2127 ἀξίωσις
2814 2061 2946 2132 πρὸς
2996 2061 3196 2127 Νογᾶν,
3248 2062 3343 2112 καὶ
3388 2058 3450 2111 τὸ
3502 2057 3673 2110 θέλειν

2092 2152 2315 2213 πάντως
2346 2152 2553 2204 ἐκεῖνον
2584 2148 2907 2215 ἐξαφανίσαι
2953 2151 3048 2204 καὶ
3080 2148 3269 2221 χώρας
3315 2148 3539 2209 ἐκείνας
3585 2147 3673 2203 καὶ

2090 2240 2180 2292 τὸν
2209 2239 2431 2311 ἐχθρόν’
2460 2240 2559 2294 οὐκ
2580 2236 2649 2312 ἦν
2672 2241 2727 2293 δὲ
2751 2241 2857 2311 ἄρα
2882 2240 3333 2312 καταῤῥᾳθυμεῖν
3364 2239 3467 2308 τὴν
3495 2239 3671 2306 δίκην,

2090 2333 2230 2387 ἀλλά
2280 2333 2597 2403 παλίμπους
2633 2332 2768 2386 οὖσα
2806 2333 2929 2386 τότε
2971 2332 3173 2399 μᾶλλον
3218 2330 3310 2384 καὶ
3352 2335 3670 2401 προηγεῖτο,

2088 2425 2165 2488 ὡς
2201 2425 2339 2495 μετά
2375 2426 2572 2495 μικρὸν
2594 2426 2622 2478 ό
2650 2424 2804 2493 λόγος
2830 2424 3180 2494 ἐρεῖ.Τηνίκα
3205 2424 3261 2477 δέ
3286 2425 3674 2493 Μουνυχιῶνος

2093 2518 2261 2590 μηνὸς
2292 2518 2579 2582 ἐνστάντος
2607 2520 2814 2583 ἐκεῖνος
2842 2520 2940 2590 μὲν
2965 2520 3098 2586 πρὸς
3121 2519 3219 2586 τὴν
3245 2518 3302 2585 ἐξ
3319 2518 3423 2570 ,δον
3448 2520 3673 2587 ἡτοιμα-

2090 2612 2234 2677 ζετο,
2273 2612 2334 2664 οὗ
2373 2611 2526 2667 τόσον
2558 2611 2635 2683 τῷ
2666 2611 2785 2665 κατ’
2818 2613 2982 2666 αὐτὸν
3017 2611 3214 2680 πλήθει
3238 2611 3333 2663 καὶ
3358 2613 3479 2672 ταῖς
3514 2610 3670 2663 δυνά·

2088 2792 2181 2848 55.
2228 2789 2295 2848 Ut
2375 2794 2665 2865 imperator
2725 2795 2994 2850 Taenaros
3072 2797 3412 2851 acrerslverit
3484 2804 3668 2848 contra

2480 2864 2745 2919 Joannem
2780 2866 3275 2920 sebastocratorem.

2160 2980 2337 3035 Causa
2362 2982 2523 3049 hujus
2540 2980 2899 3050 expeditionis
2923 2981 3045 3044 luit,
3066 2982 3206 3049 quod
3231 2979 3493 3044 Joannes,
3513 2994 3666 3044 quem

2089 3089 2221 3128 suus
2242 3074 2515 3142 inquietus
2543 3073 2758 3127 animus
2777 3074 3067 3143 tranquille
3090 3074 3271 3127 vivere.
3294 3090 3398 3127 non
3432 3073 3666 3135 sinebat,

2091 3182 2285 3221 rursus
2322 3165 2522 3221 findere
2569 3181 2739 3236 nuper
2765 3167 2899 3221 inito
2941 3167 3140 3219 violato
3174 3167 3476 3221 conabatur
3524 3166 3642 3218 iuva

2089 3259 2219 3313 dere
2247 3272 2351 3311 non
2381 3274 2499 3313 sua.
2545 3256 2617 3311 Ea
2646 3274 2733 3312 res
2772 3261 3074 3328 Augustum
3117 3259 3305 3323 movit,
3359 3256 3509 3313 feros
3555 3259 3667 3327 ejus

2089 3348 2430 3420 audacesqne
2471 3348 2705 3420 impetus
2748 3365 3097 3419 compescere
3137 3350 3296 3403 aliter
3338 3367 3445 3403 non
3480 3352 3664 3405 valen-

2092 3450 2221 3504 tem,
2249 3442 2315 3495 ad
2344 3456 2466 3496 eum
2489 3443 2937 3510 proxeribendunt
2965 3450 3022 3495 ut
3050 3443 3327 3507 rebellem,
3350 3443 3663 3498 Tocharus-

2087 3549 2190 3602 que
2216 3534 2267 3585 in
2291 3549 2412 3587 eum
2433 3534 2828 3600 immittendus,
2845 3535 2935 3605 qui
2954 3535 3207 3590 vastitate
3228 3536 3390 3589 terris
3419 3536 3520 3605 ipsi
3542 3537 3667 3591 sub-

2082 3626 2244 3695 jectis
2284 3626 2565 3683 inferenda
2598 3644 2724 3696 spes
2758 3644 2950 3698 resque
2992 3629 3166 3699 ipsius
3208 3628 3259 3681 in
3285 3638 3463 3682 artum
3505 3644 3663 3695 coge-

2093 3734 2230 3776 rent.
2276 3720 2424 3774 Talia
2454 3731 2760 3777 versantem
2800 3725 2984 3776 animo
3007 3723 3231 3792 urgebat
3276 3723 3452 3777 hiems
3488 3724 3666 3777 immi-

2090 3830 2251 3878 nens,
2279 3814 2521 3882 ineptum
2571 3814 2648 3870 rei
2682 3829 2710 3867 a
2759 3816 2874 3869 suis
2921 3816 3175 3883 gerendae
3228 3823 3468 3884 tempus,
3510 3813 3665 3885 525

2089 3907 2340 3975 quamvis
2392 3914 2765 3973 opportunum
2815 3905 3104 3973 Tocharis,
3162 3907 3256 3974 qui
3302 3906 3565 3962 libentius
3604 3922 3664 3962 ea

2094 4005 2413 4065 tempestate
2453 3995 2673 4065 prodire
2714 3996 2781 4049 ad
2815 3997 3016 4052 bellum
3059 3997 3257 4053 solent.
3310 3996 3518 4054 Tamen
3568 4014 3663 4053 sua

2089 4095 2145 4141 et
2197 4102 2418 4140 suorum
2480 4101 2645 4142 causa
2703 4098 3031 4158 praevertere
3082 4094 3395 4157 Oportebat,
3455 4100 3665 4146 mature

2089 4176 2425 4232 occurrendo
2446 4187 2599 4232 extra
2621 4178 2810 4234 urbem
2842 4178 3127 4245 Tocharis,
3155 4189 3214 4235 ut
3243 4180 3364 4236 illos
3393 4184 3528 4237 bene
3551 4184 3665 4237 ani-

2092 4279 2270 4325 matos
2310 4269 2613 4324 dimitteret
2641 4270 2710 4326 ad
2746 4271 3090 4340 diripiendas
3126 4274 3384 4344 ferroque
3416 4291 3481 4330 ac
3510 4274 3661 4328 ﬁam-

2091 4377 2177 4415 tna
2219 4358 2610 4418 deformandas
2647 4362 2841 4418 ditioni
2880 4362 3114 4422 Joannis
3151 4366 3403 4423 subditas
3452 4378 3660 4438 gentes.

2090 4452 2363 4523 Cogitatio
2396 4455 2507 4509 haec
2539 4464 2659 4508 erat
2693 4456 2938 4512 bellatori
2976 4460 3198 4528 quidem
3237 4461 3380 4517 forte
3412 4479 3523 4517 non
3582 4464 3664 4517 iu-

418 4539 513 4591 per
542 4524 751 4595 aliquot
787 4528 904 4582 dies
933 4532 1120 4587 refecti
1148 4534 1503 4603 ejaetatione
1528 4539 1686 4595 navis
1724 4550 1780 4597 et
1812 4543 1982 4598 maris
2019 4548 2064 4603 ι)
2091 4556 2424 4611 congruens,
2455 4553 2510 4597 at
2550 4542 2930 4600 Christianum
2962 4548 3236 4604 dedecens
3266 4551 3351 4606 vel
3402 4555 3661 4607 maxime.

416 4631 647 4682 nausea,
698 4620 959 4677 mandato
991 4623 1057 4678 ad
1111 4640 1169 4681 se
1228 4627 1484 4682 veniendi
1519 4630 1588 4685 ab
1649 4630 1987 4703 imperatore

416 4718 645 4778 accepto
686 4710 988 4781 Lopadium
1018 4717 1273 4785 proiecti,
1306 4721 1509 4790 quibus
1538 4724 1718 4779 decuit
1750 4725 1986 4781 benevo-

418 4802 596 4859 lentia:
627 4806 1131 4874 signiﬁcationibus
1184 4811 1412 4869 admissi
1444 4817 1773 4888 traeiatique
1818 4816 1885 4870 ab
1921 4831 1988 4871 eo

415 4906 566 4962 sunt,
597 4913 834 4970 moxque
862 4918 984 4956 cum
1037 4905 1155 4971 ipso
1189 4906 1309 4960 navi
1369 4907 1509 4963 vecti
1570 4923 1763 4964 rursus
1794 4908 1986 4965 urbem

416 4996 728 5044 tenuerunt.
768 4990 1090 5049 Festinabat
1129 4996 1275 5049 enim
1339 4997 1643 5067 imperator
1674 5008 1787 5053 tum
1840 5000 1987 5070 quod

414 5080 541 5135 tilia:
567 5082 785 5150 nuptias
809 5085 1081 5141 coniicere
1116 5092 1526 5158 quamprimum
1585 5107 1615 5145 e
1649 5107 1708 5147 re
1735 5093 1987 5161 duceret,

418 5181 532 5224 tum
558 5173 704 5241 quod
738 5176 1130 5231 nuntiarentur
1175 5194 1240 5233 ex
1275 5177 1533 5235 Occiduis
1569 5183 1819 5251 partibus
1889 5187 1988 5238 ad-

414 5271 642 5316 ventare
676 5262 931 5331 Tochari,
978 5284 1119 5335 quos
1184 5286 1212 5323 a
1262 5270 1412 5342 Roga
1446 5276 1839 5343 impetraverat
1896 5275 1989 5330 ad-

413 5369 606 5410 versus
626 5353 893 5410 Joannem
928 5360 1419 5418 sebastocratorem
1446 5364 1652 5419 auxilio
1682 5365 1787 5420 sibi
1823 5366 1986 5423 mitti.

419 5443 575 5498 'l‘nnc
598 5447 764 5514 igitur
801 5445 1110 5517 Septembri
1143 5468 1331 5508 mense
1387 5453 1676 5510 desinente
1700 5469 1988 5526 regressus

418 5535 472 5588 in
512 5534 702 5589 urbem
754 5536 978 5606 nuptias
1032 5538 1153 5593 ﬁliae
1203 5540 1469 5597 celebrat.
1521 5539 1812 5599 Octobrem
1864 5544 1991 5600 inde

420 5638 594 5680 totum
632 5633 972 5702 consumpsit
1003 5634 1179 5703 copiis
1213 5636 1550 5694 instruendis
1603 5641 1989 5708 expeditione-

422 5739 528 5790 q-ic
561 5727 901 5793 apparauda.

2090 4632 2291 4704 lmpios
2352 4634 2499 4689 enim
2557 4635 2612 4689 in
2684 4636 3027 4693 Christianos
3079 4655 3315 4706 armare,
3374 4654 3429 4697 et
3478 4645 3661 4701 atheos

2090 4725 2496 4793 sacrilegosque
2516 4735 2762 4796 raptores
2783 4728 2837 4782 in
2866 4743 3024 4783 sacra
3046 4738 3101 4785 et
3133 4732 3333 4802 tempta
3355 4733 3659 4800 immittere,

2093 4818 2305 4869 facinus
2337 4815 2439 4870 fuit
2474 4816 2714 4873 immane
2744 4830 3012 4889 quantum
3066 4822 3304 4877 alienum
3360 4840 3391 4877 a
3442 4828 3661 4882 timente

2093 4909 2262 4963 Deum
2283 4922 2337 4965 et
2365 4908 2573 4966 Christi
2603 4911 2816 4967 cultore
2851 4914 3117 4984 principe.
3153 4914 3361 4972 Tamen
3390 4921 3661 4976 exercitus

2095 5000 2341 5057 barbarae
2373 5001 2523 5056 illius
2555 5004 2736 5072 gentis
2776 5018 2806 5057 a
2844 5000 2992 5078 Noga
3021 5009 3278 5074 precibus
3314 5011 3661 5081 imperatoris

2093 5090 2231 5144 ﬂexo
2262 5091 2485 5156 missus,
2513 5091 2626 5161 jam
2658 5108 2689 5147 e
2712 5091 2913 5150 ﬁnibus
2948 5111 3203 5166 egressus
3230 5100 3348 5155 suis
3374 5103 3439 5155 ad
3474 5111 3659 5157 nutum

2095 5196 2317 5253 paratus
2354 5184 2558 5248 stabat,
2605 5192 2664 5238 ut
2691 5184 2748 5239 in
2811 5186 3078 5244 ditionem
3124 5189 3356 5247 Joannis
3396 5194 3663 5251 hostiliter

2096 5278 2446 5347 irruxnperet.
2469 5277 2576 5333 Nec
2597 5278 2759 5349 hujus
2780 5282 3011 5338 sceleris
3048 5283 3309 5351 vindicta,
3352 5302 3661 5358 quanquam

2096 5372 2229 5422 alias
2258 5371 2507 5424 cunctari
2546 5371 2727 5438 solita,
2776 5372 2927 5428 tarde
2957 5388 3102 5428 nunc
3134 5377 3414 5433 occurrit:
3457 5396 3660 5447 verum,

2097 5469 2155 5513 ut
2188 5474 2307 5512 mox
2340 5461 2578 5524 dicetur,
2611 5478 2776 5533 quam
2814 5466 3098 5518 celerrime
3133 5479 3527 5535 repraesentata
3561 5484 3658 5528 est.

2096 5553 2249 5606 Tunc
2280 5567 2411 5622 ergo
2436 5553 2537 5606 sub
2563 5555 2802 5608 medium
2824 5552 3185 5610 Novembrem
3221 5562 3543 5629 procinctus
3570 5566 3665 5618 im-

2096 5652 2318 5711 perator
2372 5642 2428 5695 in
2474 5643 2879 5711 expeditionem
2936 5647 3256 5703 imminebat
3296 5665 3424 5705 cum
3461 5655 3660 5723 paratis

2096 5734 2291 5802 copiis,
2334 5731 2480 5786 haud
2521 5742 2734 5787 tantum
2787 5735 2977 5789 harum
3027 5739 3381 5797 multitudine
3429 5743 3661 5799 conﬁsus

2097 5835 2360 5896 quantum
2389 5825 2584 5882 robore
2632 5827 2956 5900 leritatequc
3000 5830 3402 5891 TOCltzti‘Oﬂllﬂ.
3427 5836 3657 5909 Augusta
