  <div class='ocr_page' id='page_1' title='image "/cluster/home/n/w/nwhite01/storage/ocr_20150623/143/hvd.32044019208321/534.png"; bbox 0 0 3992 6520; ppageno 0'>
   <div class='ocr_carea' id='block_1_1' title="bbox 359 425 465 498">
    <p class='ocr_par' dir='ltr' id='par_1_1' title="bbox 359 425 465 498">
     <span class='ocr_line' id='line_1_1' title="bbox 359 425 465 498; baseline 0 0"><span class='ocrx_word' id='word_1_1' title='bbox 359 425 465 498; x_wconf 70' lang='lat'><strong>993</strong></span> 
     </span>
    </p>
   </div>
   <div class='ocr_carea' id='block_1_2' title="bbox 1277 430 2683 494">
    <p class='ocr_par' dir='ltr' id='par_1_2' title="bbox 1277 430 2683 494">
     <span class='ocr_line' id='line_1_2' title="bbox 1277 430 2683 494; baseline -0.003 -1"><span class='ocrx_word' id='word_1_2' title='bbox 1277 430 1376 493; x_wconf 82' lang='lat' dir='ltr'><strong>DE</strong></span> <span class='ocrx_word' id='word_1_3' title='bbox 1433 431 1824 494; x_wconf 70' lang='lat' dir='ltr'><strong>MICIIAELE</strong></span> <span class='ocrx_word' id='word_1_4' title='bbox 1887 431 2349 492; x_wconf 69' lang='lat' dir='ltr'><strong>PALEOLOGO</strong></span> <span class='ocrx_word' id='word_1_5' title='bbox 2407 431 2545 492; x_wconf 68' lang='grc' dir='ltr'>[ΞΒ.</span> <span class='ocrx_word' id='word_1_6' title='bbox 2583 430 2683 490; x_wconf 72' lang='lat' dir='ltr'><strong>VI.</strong></span> 
     </span>
    </p>
   </div>
   <div class='ocr_carea' id='block_1_3' title="bbox 3502 408 3608 492">
    <p class='ocr_par' dir='ltr' id='par_1_3' title="bbox 3502 408 3608 492">
     <span class='ocr_line' id='line_1_3' title="bbox 3502 408 3608 492; baseline -0.019 -1"><span class='ocrx_word' id='word_1_7' title='bbox 3502 408 3608 492; x_wconf 63' lang='lat' dir='ltr'><strong>99&#39;s</strong></span> 
     </span>
    </p>
   </div>
   <div class='ocr_carea' id='block_1_4' title="bbox 363 530 3608 614">
    <p class='ocr_par' dir='ltr' id='par_1_4' title="bbox 363 530 3608 614">
     <span class='ocr_line' id='line_1_4' title="bbox 363 530 3608 614; baseline -0.002 -14"><span class='ocrx_word' id='word_1_8' title='bbox 363 543 685 614; x_wconf 70' lang='grc' dir='ltr'><strong>θεραπείαν,</strong></span> <span class='ocrx_word' id='word_1_9' title='bbox 721 541 881 614; x_wconf 79' lang='grc' dir='ltr'>χάριν</span> <span class='ocrx_word' id='word_1_10' title='bbox 937 543 1034 612; x_wconf 77' lang='grc' dir='ltr'>μὲν</span> <span class='ocrx_word' id='word_1_11' title='bbox 1064 541 1207 612; x_wconf 76' lang='grc' dir='ltr'>ἔχειν</span> <span class='ocrx_word' id='word_1_12' title='bbox 1259 545 1535 611; x_wconf 56' lang='lat' dir='ltr'><strong>iaceativa</strong></span> <span class='ocrx_word' id='word_1_13' title='bbox 1571 543 1664 596; x_wconf 73' lang='grc' dir='ltr'>καὶ</span> <span class='ocrx_word' id='word_1_14' title='bbox 1687 544 1761 612; x_wconf 79' lang='grc' dir='ltr'><strong>τῷ</strong></span> <span class='ocrx_word' id='word_1_15' title='bbox 1787 542 1940 612; x_wconf 79' lang='grc' dir='ltr'>Νογᾷ</span> <span class='ocrx_word' id='word_1_16' title='bbox 1969 544 2012 596; x_wconf 74' lang='grc' dir='ltr'><strong>Λ</strong></span> <span class='ocrx_word' id='word_1_17' title='bbox 2039 541 2214 603; x_wconf 61' lang='lat' dir='ltr'><strong>(erat.</strong></span> <span class='ocrx_word' id='word_1_18' title='bbox 2255 540 2428 600; x_wconf 65' lang='grc' dir='ltr'>Εὐθὺς</span> <span class='ocrx_word' id='word_1_19' title='bbox 2463 539 2571 606; x_wconf 68' lang='grc' dir='ltr'><strong>γὰρ</strong></span> <span class='ocrx_word' id='word_1_20' title='bbox 2597 540 2664 590; x_wconf 64' lang='grc' dir='ltr'><strong>τὰ</strong></span> <span class='ocrx_word' id='word_1_21' title='bbox 2699 537 2790 590; x_wconf 72' lang='grc' dir='ltr'>τοῦ</span> <span class='ocrx_word' id='word_1_22' title='bbox 2823 539 3146 593; x_wconf 69' lang='grc' dir='ltr'><strong>δεσποτικοῦ</strong></span> <span class='ocrx_word' id='word_1_23' title='bbox 3201 530 3436 594; x_wconf 69' lang='grc' dir='ltr'>θανάτου</span> <span class='ocrx_word' id='word_1_24' title='bbox 3467 544 3608 612; x_wconf 71' lang='grc' dir='ltr'>σύμο</span> 
     </span>
    </p>
   </div>
   <div class='ocr_carea' id='block_1_5' title="bbox 359 633 1931 704">
    <p class='ocr_par' dir='ltr' id='par_1_5' title="bbox 359 633 1931 704">
     <span class='ocr_line' id='line_1_5' title="bbox 359 633 1931 704; baseline -0.005 -14"><span class='ocrx_word' id='word_1_25' title='bbox 359 638 432 690; x_wconf 71' lang='grc' dir='ltr'>τὰ</span> <span class='ocrx_word' id='word_1_26' title='bbox 464 637 585 688; x_wconf 79' lang='grc' dir='ltr'>κατ’</span> <span class='ocrx_word' id='word_1_27' title='bbox 614 635 837 699; x_wconf 74' lang='grc' dir='ltr'>ἀξίωσιν</span> <span class='ocrx_word' id='word_1_28' title='bbox 891 635 1258 699; x_wconf 79' lang='grc' dir='ltr'>ἐκτελέσαντι,</span> <span class='ocrx_word' id='word_1_29' title='bbox 1311 636 1472 704; x_wconf 82' lang='grc' dir='ltr'>χάριν</span> <span class='ocrx_word' id='word_1_30' title='bbox 1493 635 1539 688; x_wconf 81' lang='grc' dir='ltr'>δ’</span> <span class='ocrx_word' id='word_1_31' title='bbox 1569 635 1715 703; x_wconf 74' lang='grc' dir='ltr'>ἔχειν</span> <span class='ocrx_word' id='word_1_32' title='bbox 1742 633 1931 686; x_wconf 84' lang='grc' dir='ltr'>κάκεί-</span> 
     </span>
    </p>
   </div>
   <div class='ocr_carea' id='block_1_6' title="bbox 361 726 1929 798">
    <p class='ocr_par' dir='ltr' id='par_1_6' title="bbox 361 726 1929 798">
     <span class='ocr_line' id='line_1_6' title="bbox 361 726 1929 798; baseline -0.003 -16"><span class='ocrx_word' id='word_1_33' title='bbox 361 747 473 789; x_wconf 85' lang='grc' dir='ltr'>νοις</span> <span class='ocrx_word' id='word_1_34' title='bbox 501 729 576 792; x_wconf 85' lang='grc' dir='ltr'><strong>ὡς</strong></span> <span class='ocrx_word' id='word_1_35' title='bbox 608 726 902 797; x_wconf 78' lang='grc' dir='ltr'><strong>προθύμως</strong></span> <span class='ocrx_word' id='word_1_36' title='bbox 929 727 1022 779; x_wconf 78' lang='grc' dir='ltr'><strong>ἐπὶ</strong></span> <span class='ocrx_word' id='word_1_37' title='bbox 1042 727 1296 798; x_wconf 79' lang='grc' dir='ltr'>βοήθειαν</span> <span class='ocrx_word' id='word_1_38' title='bbox 1338 728 1702 798; x_wconf 80' lang='grc' dir='ltr'>ἀπαντήσασι,</span> <span class='ocrx_word' id='word_1_39' title='bbox 1737 727 1929 795; x_wconf 77' lang='grc' dir='ltr'>δυσχε-</span> 
     </span>
    </p>
   </div>
   <div class='ocr_carea' id='block_1_7' title="bbox 371 812 1930 890">
    <p class='ocr_par' dir='ltr' id='par_1_7' title="bbox 371 812 1930 890">
     <span class='ocr_line' id='line_1_7' title="bbox 371 812 1930 890; baseline -0.006 -19"><span class='ocrx_word' id='word_1_40' title='bbox 371 821 576 890; x_wconf 85' lang='grc' dir='ltr'>ραίνειν</span> <span class='ocrx_word' id='word_1_41' title='bbox 607 817 651 869; x_wconf 86' lang='grc' dir='ltr'>δ’</span> <span class='ocrx_word' id='word_1_42' title='bbox 682 817 772 866; x_wconf 74' lang='grc' dir='ltr'><strong>ἐπὶ</strong></span> <span class='ocrx_word' id='word_1_43' title='bbox 808 819 876 886; x_wconf 83' lang='grc' dir='ltr'><strong>τῇ</strong></span> <span class='ocrx_word' id='word_1_44' title='bbox 911 816 1049 881; x_wconf 85' lang='grc' dir='ltr'>νόσῳ</span> <span class='ocrx_word' id='word_1_45' title='bbox 1072 818 1151 867; x_wconf 66' lang='grc' dir='ltr'>ἐτι</span> <span class='ocrx_word' id='word_1_46' title='bbox 1184 815 1258 883; x_wconf 81' lang='grc' dir='ltr'>μὴ</span> <span class='ocrx_word' id='word_1_47' title='bbox 1299 813 1550 884; x_wconf 75' lang='grc' dir='ltr'>καθαρῶς</span> <span class='ocrx_word' id='word_1_48' title='bbox 1577 814 1642 883; x_wconf 60' lang='lat' dir='ltr'><strong>se</strong></span> <span class='ocrx_word' id='word_1_49' title='bbox 1675 816 1774 881; x_wconf 75' lang='grc' dir='ltr'>τὴν</span> <span class='ocrx_word' id='word_1_50' title='bbox 1797 812 1930 880; x_wconf 63' lang='grc' dir='ltr'>πρδς</span> 
     </span>
    </p>
   </div>
   <div class='ocr_carea' id='block_1_8' title="bbox 365 904 1932 976">
    <p class='ocr_par' dir='ltr' id='par_1_8' title="bbox 365 904 1932 976">
     <span class='ocr_line' id='line_1_8' title="bbox 365 904 1932 976; baseline -0.007 -11"><span class='ocrx_word' id='word_1_51' title='bbox 365 911 562 970; x_wconf 72' lang='grc' dir='ltr'>αὐτοὺς</span> <span class='ocrx_word' id='word_1_52' title='bbox 589 909 843 976; x_wconf 77' lang='grc' dir='ltr'><strong>ἐντυχίαν</strong></span> <span class='ocrx_word' id='word_1_53' title='bbox 879 909 1148 973; x_wconf 81' lang='grc' dir='ltr'>γίνεσθαι,</span> <span class='ocrx_word' id='word_1_54' title='bbox 1178 911 1234 960; x_wconf 88' lang='grc' dir='ltr'>ὲν</span> <span class='ocrx_word' id='word_1_55' title='bbox 1275 907 1458 960; x_wconf 82' lang='grc' dir='ltr'>ἐλπίσι</span> <span class='ocrx_word' id='word_1_56' title='bbox 1484 906 1528 958; x_wconf 86' lang='grc' dir='ltr'>δ’</span> <span class='ocrx_word' id='word_1_57' title='bbox 1563 907 1708 976; x_wconf 76' lang='grc' dir='ltr'>ἔχειν</span> <span class='ocrx_word' id='word_1_58' title='bbox 1743 904 1932 975; x_wconf 72' lang='grc' dir='ltr'>ῥαΐσαι</span> 
     </span>
    </p>
   </div>
   <div class='ocr_carea' id='block_1_9' title="bbox 361 997 1933 1073">
    <p class='ocr_par' dir='ltr' id='par_1_9' title="bbox 361 997 1933 1073">
     <span class='ocr_line' id='line_1_9' title="bbox 361 997 1933 1073; baseline -0.004 -18"><span class='ocrx_word' id='word_1_59' title='bbox 361 1005 461 1073; x_wconf 81' lang='grc' dir='ltr'>τῆς</span> <span class='ocrx_word' id='word_1_60' title='bbox 489 1005 646 1054; x_wconf 71' lang='grc' dir='ltr'>νόσου</span> <span class='ocrx_word' id='word_1_61' title='bbox 686 1004 776 1052; x_wconf 73' lang='grc' dir='ltr'>καὶ</span> <span class='ocrx_word' id='word_1_62' title='bbox 803 999 868 1052; x_wconf 87' lang='grc' dir='ltr'>τὰ</span> <span class='ocrx_word' id='word_1_63' title='bbox 891 1001 1027 1070; x_wconf 69' lang='grc' dir='ltr'>πρὸς</span> <span class='ocrx_word' id='word_1_64' title='bbox 1061 1001 1233 1067; x_wconf 77' lang='grc' dir='ltr'>Θυμοῦ</span> <span class='ocrx_word' id='word_1_65' title='bbox 1262 1001 1560 1057; x_wconf 74' lang='grc' dir='ltr'>ἐκτελέσαι.</span> <span class='ocrx_word' id='word_1_66' title='bbox 1596 999 1654 1051; x_wconf 80' lang='grc' dir='ltr'>εὖ</span> <span class='ocrx_word' id='word_1_67' title='bbox 1691 997 1933 1057; x_wconf 77' lang='grc' dir='ltr'>ἐκείνους</span> 
     </span>
    </p>
   </div>
   <div class='ocr_carea' id='block_1_10' title="bbox 366 1089 1934 1158">
    <p class='ocr_par' dir='ltr' id='par_1_10' title="bbox 366 1089 1934 1158">
     <span class='ocr_line' id='line_1_10' title="bbox 366 1089 1934 1158; baseline -0.004 -10"><span class='ocrx_word' id='word_1_68' title='bbox 366 1095 628 1148; x_wconf 76' lang='grc' dir='ltr'>ποιοῦντα</span> <span class='ocrx_word' id='word_1_69' title='bbox 659 1094 732 1155; x_wconf 72' lang='grc' dir='ltr'>ὼς</span> <span class='ocrx_word' id='word_1_70' title='bbox 765 1093 932 1158; x_wconf 79' lang='grc' dir='ltr'>ἄξιον.</span> <span class='ocrx_word' id='word_1_71' title='bbox 970 1093 1134 1146; x_wconf 75' lang='grc' dir='ltr'>Ταῦτ’</span> <span class='ocrx_word' id='word_1_72' title='bbox 1164 1094 1409 1155; x_wconf 68' lang='grc' dir='ltr'>εἰπόντος</span> <span class='ocrx_word' id='word_1_73' title='bbox 1438 1093 1648 1145; x_wconf 82' lang='grc' dir='ltr'>ἐκείνου</span> <span class='ocrx_word' id='word_1_74' title='bbox 1680 1092 1800 1150; x_wconf 73' lang='grc' dir='ltr'>τοὺς</span> <span class='ocrx_word' id='word_1_75' title='bbox 1830 1089 1934 1142; x_wconf 81' lang='grc' dir='ltr'><strong>Το-</strong></span> 
     </span>
    </p>
   </div>
   <div class='ocr_carea' id='block_1_11' title="bbox 360 1181 1937 1256">
    <p class='ocr_par' dir='ltr' id='par_1_11' title="bbox 360 1181 1937 1256">
     <span class='ocr_line' id='line_1_11' title="bbox 360 1181 1937 1256; baseline -0.005 -17"><span class='ocrx_word' id='word_1_76' title='bbox 360 1191 567 1256; x_wconf 82' lang='grc' dir='ltr'>χὰρους</span> <span class='ocrx_word' id='word_1_77' title='bbox 625 1185 808 1255; x_wconf 77' lang='grc' dir='ltr'>σχῆμα</span> <span class='ocrx_word' id='word_1_78' title='bbox 862 1185 962 1254; x_wconf 79' lang='grc' dir='ltr'>μὲν</span> <span class='ocrx_word' id='word_1_79' title='bbox 996 1186 1306 1252; x_wconf 77' lang='grc' dir='ltr'>ἀλγούντων</span> <span class='ocrx_word' id='word_1_80' title='bbox 1347 1183 1699 1247; x_wconf 75' lang='grc' dir='ltr'>ἐνδείξασθαι,</span> <span class='ocrx_word' id='word_1_81' title='bbox 1751 1181 1937 1251; x_wconf 79' lang='grc' dir='ltr'>σχῆμα</span> 
     </span>
    </p>
   </div>
   <div class='ocr_carea' id='block_1_12' title="bbox 360 1272 1939 1346">
    <p class='ocr_par' dir='ltr' id='par_1_12' title="bbox 360 1272 1939 1346">
     <span class='ocr_line' id='line_1_12' title="bbox 360 1272 1939 1346; baseline -0.006 -14"><span class='ocrx_word' id='word_1_82' title='bbox 360 1279 417 1332; x_wconf 72' lang='grc' dir='ltr'>δὲ</span> <span class='ocrx_word' id='word_1_83' title='bbox 457 1279 551 1330; x_wconf 78' lang='grc' dir='ltr'>καὶ</span> <span class='ocrx_word' id='word_1_84' title='bbox 577 1277 910 1340; x_wconf 69' lang='grc' dir='ltr'>ἐλπιζόντων</span> <span class='ocrx_word' id='word_1_85' title='bbox 956 1275 1114 1339; x_wconf 76' lang='grc' dir='ltr'>αὖθις</span> <span class='ocrx_word' id='word_1_86' title='bbox 1167 1277 1452 1346; x_wconf 60' lang='grc' dir='ltr'>ἐμφαίνειν</span> <span class='ocrx_word' id='word_1_87' title='bbox 1484 1275 1556 1336; x_wconf 77' lang='grc' dir='ltr'>ὡς</span> <span class='ocrx_word' id='word_1_88' title='bbox 1584 1276 1761 1343; x_wconf 76' lang='grc' dir='ltr'>ραἲσοι</span> <span class='ocrx_word' id='word_1_89' title='bbox 1787 1289 1844 1324; x_wconf 87' lang='grc' dir='ltr'><strong>τε</strong></span> <span class='ocrx_word' id='word_1_90' title='bbox 1879 1272 1939 1323; x_wconf 84' lang='grc' dir='ltr'>τὸ</span> 
     </span>
    </p>
   </div>
   <div class='ocr_carea' id='block_1_13' title="bbox 370 1360 1938 1439">
    <p class='ocr_par' dir='ltr' id='par_1_13' title="bbox 370 1360 1938 1439">
     <span class='ocr_line' id='line_1_13' title="bbox 370 1360 1938 1439; baseline -0.006 -16"><span class='ocrx_word' id='word_1_91' title='bbox 370 1371 546 1432; x_wconf 76' lang='grc' dir='ltr'>πάθος</span> <span class='ocrx_word' id='word_1_92' title='bbox 582 1370 699 1439; x_wconf 81' lang='grc' dir='ltr'>μετ’</span> <span class='ocrx_word' id='word_1_93' title='bbox 721 1371 782 1422; x_wconf 86' lang='grc' dir='ltr'>οὑ</span> <span class='ocrx_word' id='word_1_94' title='bbox 819 1369 953 1421; x_wconf 77' lang='grc' dir='ltr'>πολὺ</span> <span class='ocrx_word' id='word_1_95' title='bbox 986 1369 1080 1421; x_wconf 85' lang='grc' dir='ltr'><strong>καί</strong></span> <span class='ocrx_word' id='word_1_96' title='bbox 1124 1385 1186 1434; x_wconf 82' lang='grc' dir='ltr'>γε</span> <span class='ocrx_word' id='word_1_97' title='bbox 1219 1368 1401 1436; x_wconf 79' lang='grc' dir='ltr'>σφίσιν</span> <span class='ocrx_word' id='word_1_98' title='bbox 1433 1366 1583 1418; x_wconf 82' lang='grc' dir='ltr'>ἔσται</span> <span class='ocrx_word' id='word_1_99' title='bbox 1612 1366 1679 1417; x_wconf 76' lang='grc' dir='ltr'>τὰ</span> <span class='ocrx_word' id='word_1_100' title='bbox 1710 1364 1818 1416; x_wconf 79' lang='grc' dir='ltr'>ἀπὸ</span> <span class='ocrx_word' id='word_1_101' title='bbox 1844 1360 1938 1413; x_wconf 84' lang='grc' dir='ltr'>τοῦ</span> 
     </span>
    </p>
   </div>
   <div class='ocr_carea' id='block_1_14' title="bbox 370 1455 1938 1533">
    <p class='ocr_par' dir='ltr' id='par_1_14' title="bbox 370 1455 1938 1533">
     <span class='ocr_line' id='line_1_14' title="bbox 370 1455 1938 1533; baseline -0.004 -20"><span class='ocrx_word' id='word_1_102' title='bbox 370 1462 641 1533; x_wconf 79' lang='grc' dir='ltr'>βασιλέως</span> <span class='ocrx_word' id='word_1_103' title='bbox 697 1463 838 1515; x_wconf 86' lang='grc' dir='ltr'>καλὰ</span> <span class='ocrx_word' id='word_1_104' title='bbox 894 1463 1260 1529; x_wconf 75' lang='grc' dir='ltr'>ὑγιαίνοντος.</span> <span class='ocrx_word' id='word_1_105' title='bbox 1322 1461 1430 1513; x_wconf 71' lang='grc' dir='ltr'><strong>Καὶ</strong></span> <span class='ocrx_word' id='word_1_106' title='bbox 1467 1460 1516 1510; x_wconf 70' lang='grc' dir='ltr'>οἱ</span> <span class='ocrx_word' id='word_1_107' title='bbox 1551 1459 1647 1526; x_wconf 78' lang='grc' dir='ltr'>μὲν</span> <span class='ocrx_word' id='word_1_108' title='bbox 1674 1455 1870 1518; x_wconf 67' lang='grc' dir='ltr'>ταῦτα,</span> <span class='ocrx_word' id='word_1_109' title='bbox 1905 1455 1938 1523; x_wconf 81' lang='grc' dir='ltr'>ἡ</span> 
     </span>
    </p>
   </div>
   <div class='ocr_carea' id='block_1_15' title="bbox 361 1547 1939 1622">
    <p class='ocr_par' dir='ltr' id='par_1_15' title="bbox 361 1547 1939 1622">
     <span class='ocr_line' id='line_1_15' title="bbox 361 1547 1939 1622; baseline -0.004 -16"><span class='ocrx_word' id='word_1_110' title='bbox 361 1557 520 1618; x_wconf 80' lang='grc' dir='ltr'>νόσος</span> <span class='ocrx_word' id='word_1_111' title='bbox 567 1555 623 1607; x_wconf 84' lang='grc' dir='ltr'>δὲ</span> <span class='ocrx_word' id='word_1_112' title='bbox 658 1553 904 1607; x_wconf 63' lang='grc' dir='ltr'>ἐπεδίδου</span> <span class='ocrx_word' id='word_1_113' title='bbox 934 1556 1028 1607; x_wconf 73' lang='grc' dir='ltr'><strong>καὶ</strong></span> <span class='ocrx_word' id='word_1_114' title='bbox 1059 1555 1125 1606; x_wconf 76' lang='grc' dir='ltr'>τὰ</span> <span class='ocrx_word' id='word_1_115' title='bbox 1171 1553 1370 1622; x_wconf 77' lang='grc' dir='ltr'>ἑαυτῆς</span> <span class='ocrx_word' id='word_1_116' title='bbox 1403 1550 1646 1622; x_wconf 75' lang='grc' dir='ltr'><strong>πληροῦν</strong></span> <span class='ocrx_word' id='word_1_117' title='bbox 1696 1547 1939 1618; x_wconf 73' lang='grc' dir='ltr'>ἔμελλεν.</span> 
     </span>
    </p>
   </div>
   <div class='ocr_carea' id='block_1_16' title="bbox 375 1642 1941 1720">
    <p class='ocr_par' dir='ltr' id='par_1_16' title="bbox 375 1642 1941 1720">
     <span class='ocr_line' id='line_1_16' title="bbox 375 1642 1941 1720; baseline -0.006 -18"><span class='ocrx_word' id='word_1_118' title='bbox 375 1649 471 1713; x_wconf 84' lang='grc' dir='ltr'>Ὧς</span> <span class='ocrx_word' id='word_1_119' title='bbox 501 1652 633 1717; x_wconf 83' lang='grc' dir='ltr'>γοῦν</span> <span class='ocrx_word' id='word_1_120' title='bbox 680 1650 712 1720; x_wconf 82' lang='grc' dir='ltr'>ἠ</span> <span class='ocrx_word' id='word_1_121' title='bbox 769 1649 935 1719; x_wconf 84' lang='grc' dir='ltr'>κυρία</span> <span class='ocrx_word' id='word_1_122' title='bbox 981 1649 1171 1718; x_wconf 65' lang='grc' dir='ltr'>ἐνέστη</span> <span class='ocrx_word' id='word_1_123' title='bbox 1219 1645 1317 1700; x_wconf 76' lang='grc' dir='ltr'>καὶ</span> <span class='ocrx_word' id='word_1_124' title='bbox 1348 1646 1450 1718; x_wconf 76' lang='grc' dir='ltr'>ήδη</span> <span class='ocrx_word' id='word_1_125' title='bbox 1470 1645 1536 1698; x_wconf 84' lang='grc' dir='ltr'>τὰ</span> <span class='ocrx_word' id='word_1_126' title='bbox 1566 1643 1659 1697; x_wconf 81' lang='grc' dir='ltr'>τοῦ</span> <span class='ocrx_word' id='word_1_127' title='bbox 1687 1642 1941 1697; x_wconf 69' lang='grc' dir='ltr'>θανάτου.</span> 
     </span>
    </p>
   </div>
   <div class='ocr_carea' id='block_1_17' title="bbox 359 1732 1945 1811">
    <p class='ocr_par' dir='ltr' id='par_1_17' title="bbox 359 1732 1945 1811">
     <span class='ocr_line' id='line_1_17' title="bbox 359 1732 1945 1811; baseline -0.004 -18"><span class='ocrx_word' id='word_1_128' title='bbox 359 1747 462 1793; x_wconf 81' lang='grc' dir='ltr'>καὶ</span> <span class='ocrx_word' id='word_1_129' title='bbox 498 1740 698 1811; x_wconf 80' lang='grc' dir='ltr'>μᾶλλον</span> <span class='ocrx_word' id='word_1_130' title='bbox 727 1743 838 1804; x_wconf 83' lang='grc' dir='ltr'>τοῖς</span> <span class='ocrx_word' id='word_1_131' title='bbox 901 1740 1126 1809; x_wconf 73' lang='grc' dir='ltr'>ἰατροῖς,</span> <span class='ocrx_word' id='word_1_132' title='bbox 1171 1736 1519 1809; x_wconf 81' lang='grc' dir='ltr'>προσδόκιμα</span> <span class='ocrx_word' id='word_1_133' title='bbox 1571 1732 1661 1806; x_wconf 72' lang='grc' dir='ltr'><strong>ἢν,</strong></span> <span class='ocrx_word' id='word_1_134' title='bbox 1717 1734 1794 1805; x_wconf 84' lang='grc' dir='ltr'>τῷ</span> <span class='ocrx_word' id='word_1_135' title='bbox 1846 1733 1945 1804; x_wconf 82' lang='grc' dir='ltr'>μὲν</span> 
     </span>
    </p>
   </div>
   <div class='ocr_carea' id='block_1_18' title="bbox 363 1828 1944 1902">
    <p class='ocr_par' dir='ltr' id='par_1_18' title="bbox 363 1828 1944 1902">
     <span class='ocr_line' id='line_1_18' title="bbox 363 1828 1944 1902; baseline -0.006 -16"><span class='ocrx_word' id='word_1_136' title='bbox 363 1832 682 1902; x_wconf 81' lang='grc' dir='ltr'>ἀκτουαρίῳ</span> <span class='ocrx_word' id='word_1_137' title='bbox 706 1830 1000 1901; x_wconf 76' lang='grc' dir='ltr'>Καϐασίλᾳ.</span> <span class='ocrx_word' id='word_1_138' title='bbox 1024 1832 1126 1900; x_wconf 59' lang='grc' dir='ltr'>οὐκ</span> <span class='ocrx_word' id='word_1_139' title='bbox 1158 1830 1397 1899; x_wconf 82' lang='grc' dir='ltr'>ἀσφαλὲς</span> <span class='ocrx_word' id='word_1_140' title='bbox 1417 1829 1478 1881; x_wconf 75' lang='grc' dir='ltr'>τὸ</span> <span class='ocrx_word' id='word_1_141' title='bbox 1505 1828 1944 1898; x_wconf 73' lang='grc' dir='ltr'><strong>ὑπομιμνήσκειν</strong></span> 
     </span>
    </p>
   </div>
   <div class='ocr_carea' id='block_1_19' title="bbox 364 1917 1934 1991">
    <p class='ocr_par' dir='ltr' id='par_1_19' title="bbox 364 1917 1934 1991">
     <span class='ocr_line' id='line_1_19' title="bbox 364 1917 1934 1991; baseline -0.004 -15"><span class='ocrx_word' id='word_1_142' title='bbox 364 1926 440 1978; x_wconf 79' lang='grc' dir='ltr'>τὰ</span> <span class='ocrx_word' id='word_1_143' title='bbox 477 1923 573 1976; x_wconf 77' lang='grc' dir='ltr'>τοῦ</span> <span class='ocrx_word' id='word_1_144' title='bbox 597 1923 848 1976; x_wconf 78' lang='grc' dir='ltr'>κινδύνου</span> <span class='ocrx_word' id='word_1_145' title='bbox 883 1923 1054 1976; x_wconf 75' lang='grc' dir='ltr'>ἐδόκει</span> <span class='ocrx_word' id='word_1_146' title='bbox 1088 1921 1408 1991; x_wconf 80' lang='grc' dir='ltr'>(νομίζεται</span> <span class='ocrx_word' id='word_1_147' title='bbox 1442 1925 1549 1991; x_wconf 75' lang='grc' dir='ltr'>γὰρ</span> <span class='ocrx_word' id='word_1_148' title='bbox 1580 1922 1692 1982; x_wconf 83' lang='grc' dir='ltr'>τοῖς</span> <span class='ocrx_word' id='word_1_149' title='bbox 1718 1917 1934 1972; x_wconf 80' lang='grc' dir='ltr'>νοσοῦσι</span> 
     </span>
    </p>
   </div>
   <div class='ocr_carea' id='block_1_20' title="bbox 365 2006 1938 2082">
    <p class='ocr_par' dir='ltr' id='par_1_20' title="bbox 365 2006 1938 2082">
     <span class='ocr_line' id='line_1_20' title="bbox 365 2006 1938 2082; baseline -0.003 -17"><span class='ocrx_word' id='word_1_150' title='bbox 365 2015 466 2065; x_wconf 72' lang='grc' dir='ltr'>καὶ</span> <span class='ocrx_word' id='word_1_151' title='bbox 490 2011 652 2065; x_wconf 80' lang='grc' dir='ltr'>τοῦτο</span> <span class='ocrx_word' id='word_1_152' title='bbox 689 2013 850 2082; x_wconf 86' lang='grc' dir='ltr'>μοῖρα</span> <span class='ocrx_word' id='word_1_153' title='bbox 878 2011 1140 2076; x_wconf 67' lang='grc' dir='ltr'>θανάτου,</span> <span class='ocrx_word' id='word_1_154' title='bbox 1169 2009 1359 2080; x_wconf 82' lang='grc' dir='ltr'>ὥσπερ</span> <span class='ocrx_word' id='word_1_155' title='bbox 1384 2011 1450 2065; x_wconf 83' lang='grc' dir='ltr'>ἂν</span> <span class='ocrx_word' id='word_1_156' title='bbox 1469 2013 1516 2063; x_wconf 83' lang='grc' dir='ltr'><strong>εί</strong></span> <span class='ocrx_word' id='word_1_157' title='bbox 1551 2012 1724 2063; x_wconf 81' lang='grc' dir='ltr'>αίτιον</span> <span class='ocrx_word' id='word_1_158' title='bbox 1753 2006 1820 2081; x_wconf 80' lang='grc' dir='ltr'>ἦν</span> <span class='ocrx_word' id='word_1_159' title='bbox 1845 2009 1938 2061; x_wconf 73' lang='grc' dir='ltr'><strong>ἐπὶ</strong></span> 
     </span>
    </p>
   </div>
   <div class='ocr_carea' id='block_1_21' title="bbox 363 2101 1937 2174">
    <p class='ocr_par' dir='ltr' id='par_1_21' title="bbox 363 2101 1937 2174">
     <span class='ocr_line' id='line_1_21' title="bbox 363 2101 1937 2174; baseline -0.003 -17"><span class='ocrx_word' id='word_1_160' title='bbox 363 2105 585 2168; x_wconf 81' lang='grc' dir='ltr'>τούτοις</span> <span class='ocrx_word' id='word_1_161' title='bbox 629 2104 690 2157; x_wconf 80' lang='grc' dir='ltr'>τὸ</span> <span class='ocrx_word' id='word_1_162' title='bbox 736 2105 919 2173; x_wconf 82' lang='grc' dir='ltr'>λέγειν</span> <span class='ocrx_word' id='word_1_163' title='bbox 945 2104 1040 2157; x_wconf 82' lang='grc' dir='ltr'><strong>τοῦ</strong></span> <span class='ocrx_word' id='word_1_164' title='bbox 1087 2103 1394 2174; x_wconf 83' lang='grc' dir='ltr'>γίνεσθαι),</span> <span class='ocrx_word' id='word_1_165' title='bbox 1423 2105 1642 2172; x_wconf 80' lang='grc' dir='ltr'>ἀφεῖναι</span> <span class='ocrx_word' id='word_1_166' title='bbox 1677 2102 1735 2156; x_wconf 85' lang='grc' dir='ltr'>δὲ</span> <span class='ocrx_word' id='word_1_167' title='bbox 1774 2101 1937 2154; x_wconf 76' lang='grc' dir='ltr'>πάλιν</span> 
     </span>
    </p>
   </div>
   <div class='ocr_carea' id='block_1_22' title="bbox 364 2193 1939 2264">
    <p class='ocr_par' dir='ltr' id='par_1_22' title="bbox 364 2193 1939 2264">
     <span class='ocr_line' id='line_1_22' title="bbox 364 2193 1939 2264; baseline -0.001 -14"><span class='ocrx_word' id='word_1_168' title='bbox 364 2196 629 2250; x_wconf 77' lang='grc' dir='ltr'><strong>ἀπελθεῖν</strong></span> <span class='ocrx_word' id='word_1_169' title='bbox 650 2197 934 2264; x_wconf 81' lang='grc' dir='ltr'>ἀνέτοιμον</span> <span class='ocrx_word' id='word_1_170' title='bbox 958 2196 1020 2249; x_wconf 84' lang='grc' dir='ltr'>οὐ</span> <span class='ocrx_word' id='word_1_171' title='bbox 1048 2195 1156 2248; x_wconf 86' lang='grc' dir='ltr'><strong>τῶν</strong></span> <span class='ocrx_word' id='word_1_172' title='bbox 1183 2195 1365 2248; x_wconf 84' lang='grc' dir='ltr'>καλῶν</span> <span class='ocrx_word' id='word_1_173' title='bbox 1395 2195 1708 2263; x_wconf 70' lang='grc' dir='ltr'>ἐδοκίμαζε.</span> <span class='ocrx_word' id='word_1_174' title='bbox 1744 2193 1835 2264; x_wconf 84' lang='grc' dir='ltr'>Τῷ</span> <span class='ocrx_word' id='word_1_175' title='bbox 1858 2211 1939 2248; x_wconf 85' lang='grc' dir='ltr'><strong>τοι</strong></span> 
     </span>
    </p>
   </div>
   <div class='ocr_carea' id='block_1_23' title="bbox 369 2286 1940 2358">
    <p class='ocr_par' dir='ltr' id='par_1_23' title="bbox 369 2286 1940 2358">
     <span class='ocr_line' id='line_1_23' title="bbox 369 2286 1940 2358; baseline -0.001 -17"><span class='ocrx_word' id='word_1_176' title='bbox 369 2288 689 2358; x_wconf 77' lang='grc' dir='ltr'>προσελθὼν</span> <span class='ocrx_word' id='word_1_177' title='bbox 711 2286 790 2358; x_wconf 84' lang='grc' dir='ltr'>τῷ</span> <span class='ocrx_word' id='word_1_178' title='bbox 820 2289 876 2355; x_wconf 77' lang='grc' dir='ltr'><strong>ἐξ</strong></span> <span class='ocrx_word' id='word_1_179' title='bbox 918 2287 1127 2340; x_wconf 76' lang='grc' dir='ltr'>ἐκείνου</span> <span class='ocrx_word' id='word_1_180' title='bbox 1158 2287 1376 2356; x_wconf 80' lang='grc' dir='ltr'>βασιλεῖ</span> <span class='ocrx_word' id='word_1_181' title='bbox 1411 2286 1740 2356; x_wconf 82' lang='grc' dir='ltr'>Ἀνδρονίκῳ</span> <span class='ocrx_word' id='word_1_182' title='bbox 1781 2287 1940 2358; x_wconf 70' lang='grc' dir='ltr'>ἐθάρ-</span> 
     </span>
    </p>
   </div>
   <div class='ocr_carea' id='block_1_24' title="bbox 369 2377 1938 2451">
    <p class='ocr_par' dir='ltr' id='par_1_24' title="bbox 369 2377 1938 2451">
     <span class='ocr_line' id='line_1_24' title="bbox 369 2377 1938 2451; baseline -0.001 -19"><span class='ocrx_word' id='word_1_183' title='bbox 369 2385 457 2451; x_wconf 66' lang='grc' dir='ltr'><strong>ρει</strong></span> <span class='ocrx_word' id='word_1_184' title='bbox 487 2381 580 2432; x_wconf 81' lang='grc' dir='ltr'>τὸν</span> <span class='ocrx_word' id='word_1_185' title='bbox 616 2380 774 2448; x_wconf 82' lang='grc' dir='ltr'>λόγον</span> <span class='ocrx_word' id='word_1_186' title='bbox 805 2380 904 2450; x_wconf 85' lang='grc' dir='ltr'><strong>τῆς</strong></span> <span class='ocrx_word' id='word_1_187' title='bbox 951 2381 1282 2448; x_wconf 74' lang='grc' dir='ltr'><strong>ἀποφάσεως</strong></span> <span class='ocrx_word' id='word_1_188' title='bbox 1335 2377 1410 2440; x_wconf 74' lang='grc' dir='ltr'><strong>ὡς</strong></span> <span class='ocrx_word' id='word_1_189' title='bbox 1448 2380 1509 2432; x_wconf 88' lang='grc' dir='ltr'>οὐ</span> <span class='ocrx_word' id='word_1_190' title='bbox 1537 2377 1824 2449; x_wconf 86' lang='grc' dir='ltr'>βιώσοντος</span> <span class='ocrx_word' id='word_1_191' title='bbox 1859 2380 1938 2431; x_wconf 78' lang='grc' dir='ltr'>ἔτι</span> 
     </span>
    </p>
   </div>
   <div class='ocr_carea' id='block_1_25' title="bbox 365 2468 1940 2540">
    <p class='ocr_par' dir='ltr' id='par_1_25' title="bbox 365 2468 1940 2540">
     <span class='ocr_line' id='line_1_25' title="bbox 365 2468 1940 2540; baseline -0.001 -18"><span class='ocrx_word' id='word_1_192' title='bbox 365 2471 468 2523; x_wconf 75' lang='grc' dir='ltr'>τοῦ</span> <span class='ocrx_word' id='word_1_193' title='bbox 497 2471 784 2540; x_wconf 83' lang='grc' dir='ltr'>βασιλέως.</span> <span class='ocrx_word' id='word_1_194' title='bbox 811 2470 919 2524; x_wconf 70' lang='grc' dir='ltr'><strong>Καὶ</strong></span> <span class='ocrx_word' id='word_1_195' title='bbox 949 2468 1007 2533; x_wconf 81' lang='grc' dir='ltr'>ὃς</span> <span class='ocrx_word' id='word_1_196' title='bbox 1041 2469 1152 2522; x_wconf 79' lang='grc' dir='ltr'>οὐδ’</span> <span class='ocrx_word' id='word_1_197' title='bbox 1200 2468 1362 2531; x_wconf 76' lang='grc' dir='ltr'>αὐτὸς</span> <span class='ocrx_word' id='word_1_198' title='bbox 1409 2468 1854 2538; x_wconf 76' lang='grc' dir='ltr'>ὑπομιμνήσκειν</span> <span class='ocrx_word' id='word_1_199' title='bbox 1879 2468 1940 2521; x_wconf 76' lang='grc' dir='ltr'>τὸ</span> 
     </span>
    </p>
   </div>
   <div class='ocr_carea' id='block_1_26' title="bbox 374 2560 1938 2633">
    <p class='ocr_par' dir='ltr' id='par_1_26' title="bbox 374 2560 1938 2633">
     <span class='ocr_line' id='line_1_26' title="bbox 374 2560 1938 2633; baseline -0.001 -17"><span class='ocrx_word' id='word_1_200' title='bbox 374 2565 712 2617; x_wconf 84' lang='grc' dir='ltr'>ἁπευκταῖον</span> <span class='ocrx_word' id='word_1_201' title='bbox 750 2563 996 2633; x_wconf 67' lang='grc' dir='ltr'>ἐθάρρει,</span> <span class='ocrx_word' id='word_1_202' title='bbox 1035 2562 1183 2632; x_wconf 82' lang='grc' dir='ltr'>ὅμως</span> <span class='ocrx_word' id='word_1_203' title='bbox 1217 2560 1396 2632; x_wconf 79' lang='grc' dir='ltr'>δὲτὴν</span> <span class='ocrx_word' id='word_1_204' title='bbox 1437 2561 1752 2631; x_wconf 75' lang='grc' dir='ltr'>ἐτοιμασίαν</span> <span class='ocrx_word' id='word_1_205' title='bbox 1787 2562 1938 2631; x_wconf 82' lang='grc' dir='ltr'>σοφί-</span> 
     </span>
    </p>
   </div>
   <div class='ocr_carea' id='block_1_27' title="bbox 373 2740 1944 2809">
    <p class='ocr_par' dir='ltr' id='par_1_27' title="bbox 373 2740 1944 2809">
     <span class='ocr_line' id='line_1_27' title="bbox 373 2740 1944 2809; baseline -0.001 -11"><span class='ocrx_word' id='word_1_206' title='bbox 373 2743 648 2798; x_wconf 87' lang='lat' dir='ltr'><strong>douativis</strong></span> <span class='ocrx_word' id='word_1_207' title='bbox 683 2741 895 2796; x_wconf 76' lang='lat' dir='ltr'><strong>curavit</strong></span> <span class='ocrx_word' id='word_1_208' title='bbox 929 2740 1146 2794; x_wconf 78' lang='lat' dir='ltr'><strong>deliniri</strong></span> <span class='ocrx_word' id='word_1_209' title='bbox 1175 2753 1192 2794; x_wconf 87' lang='lat'><strong>:</strong></span> <span class='ocrx_word' id='word_1_210' title='bbox 1225 2755 1477 2809; x_wconf 75' lang='lat' dir='ltr'><strong>proceres</strong></span> <span class='ocrx_word' id='word_1_211' title='bbox 1504 2750 1681 2794; x_wconf 83' lang='lat' dir='ltr'><strong>autem</strong></span> <span class='ocrx_word' id='word_1_212' title='bbox 1711 2743 1762 2795; x_wconf 90' lang='lat' dir='ltr'><strong>in</strong></span> <span class='ocrx_word' id='word_1_213' title='bbox 1787 2742 1944 2796; x_wconf 83' lang='lat' dir='ltr'><strong>cubi-</strong></span> 
     </span>
    </p>
   </div>
   <div class='ocr_carea' id='block_1_28' title="bbox 369 2834 1941 2904">
    <p class='ocr_par' dir='ltr' id='par_1_28' title="bbox 369 2834 1941 2904">
     <span class='ocr_line' id='line_1_28' title="bbox 369 2834 1941 2904; baseline -0.002 -13"><span class='ocrx_word' id='word_1_214' title='bbox 369 2841 582 2900; x_wconf 87' lang='lat' dir='ltr'><strong>culum,</strong></span> <span class='ocrx_word' id='word_1_215' title='bbox 613 2837 702 2889; x_wconf 75' lang='lat' dir='ltr'><strong>ubi</strong></span> <span class='ocrx_word' id='word_1_216' title='bbox 731 2850 872 2904; x_wconf 67' lang='lat' dir='ltr'><strong>aeger</strong></span> <span class='ocrx_word' id='word_1_217' title='bbox 902 2834 1282 2900; x_wconf 89' lang='lat' dir='ltr'><strong>decumbebat,</strong></span> <span class='ocrx_word' id='word_1_218' title='bbox 1310 2835 1515 2890; x_wconf 87' lang='lat' dir='ltr'><strong>accitos</strong></span> <span class='ocrx_word' id='word_1_219' title='bbox 1540 2838 1728 2890; x_wconf 77' lang='lat' dir='ltr'><strong>audire</strong></span> <span class='ocrx_word' id='word_1_220' title='bbox 1757 2850 1941 2890; x_wconf 90' lang='lat' dir='ltr'><strong>coram</strong></span> 
     </span>
    </p>
   </div>
   <div class='ocr_carea' id='block_1_29' title="bbox 372 2925 1944 2998">
    <p class='ocr_par' dir='ltr' id='par_1_29' title="bbox 372 2925 1944 2998">
     <span class='ocr_line' id='line_1_29' title="bbox 372 2925 1944 2998; baseline -0.004 -14"><span class='ocrx_word' id='word_1_221' title='bbox 372 2930 642 2998; x_wconf 79' lang='lat' dir='ltr'><strong>aﬂ‘arique</strong></span> <span class='ocrx_word' id='word_1_222' title='bbox 692 2928 995 2980; x_wconf 83' lang='lat' dir='ltr'><strong>constituit.</strong></span> <span class='ocrx_word' id='word_1_223' title='bbox 1050 2925 1105 2980; x_wconf 90' lang='lat' dir='ltr'><strong>ld</strong></span> <span class='ocrx_word' id='word_1_224' title='bbox 1170 2943 1332 2995; x_wconf 86' lang='lat' dir='ltr'><strong>quam</strong></span> <span class='ocrx_word' id='word_1_225' title='bbox 1389 2925 1798 2989; x_wconf 75' lang='lat' dir='ltr'><strong>decentissime,</strong></span> <span class='ocrx_word' id='word_1_226' title='bbox 1846 2940 1944 2995; x_wconf 76' lang='lat' dir='ltr'><strong>pro</strong></span> 
     </span>
    </p>
   </div>
   <div class='ocr_carea' id='block_1_30' title="bbox 369 3016 1943 3087">
    <p class='ocr_par' dir='ltr' id='par_1_30' title="bbox 369 3016 1943 3087">
     <span class='ocr_line' id='line_1_30' title="bbox 369 3016 1943 3087; baseline -0.004 -12"><span class='ocrx_word' id='word_1_227' title='bbox 369 3027 522 3075; x_wconf 84' lang='lat' dir='ltr'><strong>statu</strong></span> <span class='ocrx_word' id='word_1_228' title='bbox 566 3019 819 3087; x_wconf 66' lang='lat' dir='ltr'><strong>praesenti</strong></span> <span class='ocrx_word' id='word_1_229' title='bbox 849 3031 1056 3081; x_wconf 89' lang='lat' dir='ltr'><strong>rerum,</strong></span> <span class='ocrx_word' id='word_1_230' title='bbox 1078 3029 1279 3086; x_wconf 84' lang='lat' dir='ltr'><strong>appara</strong></span> <span class='ocrx_word' id='word_1_231' title='bbox 1309 3033 1340 3069; x_wconf 85' lang='grc' dir='ltr'><strong>ιι</strong></span> <span class='ocrx_word' id='word_1_232' title='bbox 1375 3016 1454 3071; x_wconf 92' lang='lat' dir='ltr'><strong>sic</strong></span> <span class='ocrx_word' id='word_1_233' title='bbox 1479 3026 1660 3071; x_wconf 87' lang='lat' dir='ltr'><strong>actum</strong></span> <span class='ocrx_word' id='word_1_234' title='bbox 1680 3025 1784 3070; x_wconf 90' lang='lat' dir='ltr'><strong>cst.</strong></span> <span class='ocrx_word' id='word_1_235' title='bbox 1824 3017 1943 3070; x_wconf 82' lang='lat' dir='ltr'><strong>Cir-</strong></span> 
     </span>
    </p>
   </div>
   <div class='ocr_carea' id='block_1_31' title="bbox 371 3112 1942 3182">
    <p class='ocr_par' dir='ltr' id='par_1_31' title="bbox 371 3112 1942 3182">
     <span class='ocr_line' id='line_1_31' title="bbox 371 3112 1942 3182; baseline -0.004 -13"><span class='ocrx_word' id='word_1_236' title='bbox 371 3117 728 3169; x_wconf 87' lang='lat' dir='ltr'><strong>cumstabant</strong></span> <span class='ocrx_word' id='word_1_237' title='bbox 775 3113 1034 3182; x_wconf 89' lang='lat' dir='ltr'><strong>utrinque</strong></span> <span class='ocrx_word' id='word_1_238' title='bbox 1084 3113 1382 3168; x_wconf 73' lang='lat' dir='ltr'><strong>necessarii</strong></span> <span class='ocrx_word' id='word_1_239' title='bbox 1411 3129 1474 3165; x_wconf 88' lang='lat' dir='ltr'><strong>ac</strong></span> <span class='ocrx_word' id='word_1_240' title='bbox 1514 3112 1810 3167; x_wconf 82' lang='lat' dir='ltr'><strong>familiares</strong></span> <span class='ocrx_word' id='word_1_241' title='bbox 1839 3112 1942 3164; x_wconf 85' lang='lat' dir='ltr'><strong>im-</strong></span> 
     </span>
    </p>
   </div>
   <div class='ocr_carea' id='block_1_32' title="bbox 2038 630 3612 704">
    <p class='ocr_par' dir='ltr' id='par_1_32' title="bbox 2038 630 3612 704">
     <span class='ocr_line' id='line_1_32' title="bbox 2038 630 3612 704; baseline 0.002 -21"><span class='ocrx_word' id='word_1_242' title='bbox 2038 630 2170 685; x_wconf 78' lang='grc' dir='ltr'>σολα</span> <span class='ocrx_word' id='word_1_243' title='bbox 2201 631 2604 699; x_wconf 72' lang='grc' dir='ltr'>εὐτρεπίζεται,</span> <span class='ocrx_word' id='word_1_244' title='bbox 2635 630 2670 685; x_wconf 74' lang='grc' dir='ltr'>ἃ</span> <span class='ocrx_word' id='word_1_245' title='bbox 2718 630 2897 684; x_wconf 77' lang='grc' dir='ltr'>λαϐὼν</span> <span class='ocrx_word' id='word_1_246' title='bbox 2935 630 3021 702; x_wconf 86' lang='grc' dir='ltr'><strong>[Ρ.</strong></span> <span class='ocrx_word' id='word_1_247' title='bbox 3053 633 3181 704; x_wconf 78' lang='lat'><strong>360]</strong></span> <span class='ocrx_word' id='word_1_248' title='bbox 3219 635 3246 686; x_wconf 83' lang='grc' dir='ltr'>ὁ</span> <span class='ocrx_word' id='word_1_249' title='bbox 3293 635 3474 702; x_wconf 78' lang='grc' dir='ltr'>ἱερεὺς</span> <span class='ocrx_word' id='word_1_250' title='bbox 3502 635 3612 688; x_wconf 84' lang='grc' dir='ltr'><strong>τῶν</strong></span> 
     </span>
    </p>
   </div>
   <div class='ocr_carea' id='block_1_33' title="bbox 2037 723 3613 795">
    <p class='ocr_par' dir='ltr' id='par_1_33' title="bbox 2037 723 3613 795">
     <span class='ocr_line' id='line_1_33' title="bbox 2037 723 3613 795; baseline 0.001 -19"><span class='ocrx_word' id='word_1_251' title='bbox 2037 724 2131 776; x_wconf 81' lang='grc' dir='ltr'>τοῦ</span> <span class='ocrx_word' id='word_1_252' title='bbox 2162 724 2362 794; x_wconf 86' lang='grc' dir='ltr'>κλήρου</span> <span class='ocrx_word' id='word_1_253' title='bbox 2393 724 2486 776; x_wconf 73' lang='grc' dir='ltr'>καὶ</span> <span class='ocrx_word' id='word_1_254' title='bbox 2522 723 2792 788; x_wconf 75' lang='grc' dir='ltr'><strong>εὐλάϐὦν,</strong></span> <span class='ocrx_word' id='word_1_255' title='bbox 2837 724 3137 788; x_wconf 79' lang='grc' dir='ltr'>στολισθεὶς</span> <span class='ocrx_word' id='word_1_256' title='bbox 3163 725 3236 786; x_wconf 82' lang='grc' dir='ltr'>ὼς</span> <span class='ocrx_word' id='word_1_257' title='bbox 3288 726 3397 778; x_wconf 78' lang='grc' dir='ltr'>ἔδει</span> <span class='ocrx_word' id='word_1_258' title='bbox 3422 766 3436 788; x_wconf 87' lang='grc'><em>,</em></span> <span class='ocrx_word' id='word_1_259' title='bbox 3467 743 3613 795; x_wconf 78' lang='grc' dir='ltr'>πορ-</span> 
     </span>
    </p>
   </div>
   <div class='ocr_carea' id='block_1_34' title="bbox 2043 814 3611 889">
    <p class='ocr_par' dir='ltr' id='par_1_34' title="bbox 2043 814 3611 889">
     <span class='ocr_line' id='line_1_34' title="bbox 2043 814 3611 889; baseline 0.003 -23"><span class='ocrx_word' id='word_1_260' title='bbox 2043 814 2256 868; x_wconf 82' lang='grc' dir='ltr'>ίσταταί</span> <span class='ocrx_word' id='word_1_261' title='bbox 2305 816 2353 867; x_wconf 85' lang='grc' dir='ltr'><strong>οί</strong></span> <span class='ocrx_word' id='word_1_262' title='bbox 2379 815 2659 876; x_wconf 80' lang='grc' dir='ltr'>ἀνωῖστως</span> <span class='ocrx_word' id='word_1_263' title='bbox 2711 815 2943 881; x_wconf 78' lang='grc' dir='ltr'>πάμπαν</span> <span class='ocrx_word' id='word_1_264' title='bbox 2981 817 3148 885; x_wconf 83' lang='grc' dir='ltr'>μηδὲν</span> <span class='ocrx_word' id='word_1_265' title='bbox 3177 818 3364 870; x_wconf 85' lang='grc' dir='ltr'>εἰδότι.</span> <span class='ocrx_word' id='word_1_266' title='bbox 3412 819 3611 889; x_wconf 82' lang='grc' dir='ltr'>Ἔτυχε</span> 
     </span>
    </p>
   </div>
   <div class='ocr_carea' id='block_1_35' title="bbox 2040 905 3616 976">
    <p class='ocr_par' dir='ltr' id='par_1_35' title="bbox 2040 905 3616 976">
     <span class='ocr_line' id='line_1_35' title="bbox 2040 905 3616 976; baseline 0.002 -18"><span class='ocrx_word' id='word_1_267' title='bbox 2040 905 2098 958; x_wconf 79' lang='grc' dir='ltr'>δὲ</span> <span class='ocrx_word' id='word_1_268' title='bbox 2127 905 2260 974; x_wconf 81' lang='grc' dir='ltr'>πρὸς</span> <span class='ocrx_word' id='word_1_269' title='bbox 2289 907 2382 958; x_wconf 70' lang='grc' dir='ltr'><strong>τὸν</strong></span> <span class='ocrx_word' id='word_1_270' title='bbox 2405 908 2580 975; x_wconf 82' lang='grc' dir='ltr'>τοῖχον</span> <span class='ocrx_word' id='word_1_271' title='bbox 2610 907 2751 976; x_wconf 83' lang='grc' dir='ltr'>δρῶν</span> <span class='ocrx_word' id='word_1_272' title='bbox 2777 906 3050 976; x_wconf 78' lang='grc' dir='ltr'>βασιλεὺς.</span> <span class='ocrx_word' id='word_1_273' title='bbox 3083 911 3175 961; x_wconf 79' lang='grc' dir='ltr'>καὶ</span> <span class='ocrx_word' id='word_1_274' title='bbox 3203 912 3268 962; x_wconf 72' lang='grc' dir='ltr'>τὰ</span> <span class='ocrx_word' id='word_1_275' title='bbox 3301 909 3425 963; x_wconf 84' lang='grc' dir='ltr'>καθ’</span> <span class='ocrx_word' id='word_1_276' title='bbox 3450 911 3616 963; x_wconf 73' lang='grc' dir='ltr'>αὑτὸν</span> 
     </span>
    </p>
   </div>
   <div class='ocr_carea' id='block_1_36' title="bbox 2044 993 3610 1073">
    <p class='ocr_par' dir='ltr' id='par_1_36' title="bbox 2044 993 3610 1073">
     <span class='ocr_line' id='line_1_36' title="bbox 2044 993 3610 1073; baseline 0.003 -24"><span class='ocrx_word' id='word_1_277' title='bbox 2044 993 2146 1070; x_wconf 82' lang='grc' dir='ltr'><strong>(ἦν</strong></span> <span class='ocrx_word' id='word_1_278' title='bbox 2195 997 2302 1065; x_wconf 78' lang='grc' dir='ltr'>γὰρ</span> <span class='ocrx_word' id='word_1_279' title='bbox 2338 998 2433 1051; x_wconf 67' lang='grc' dir='ltr'>καὶ</span> <span class='ocrx_word' id='word_1_280' title='bbox 2465 1001 2588 1060; x_wconf 76' lang='grc' dir='ltr'>τοὺς</span> <span class='ocrx_word' id='word_1_281' title='bbox 2649 997 2942 1066; x_wconf 74' lang='grc' dir='ltr'>λογισμοὺς</span> <span class='ocrx_word' id='word_1_282' title='bbox 2993 1001 3342 1070; x_wconf 71' lang='grc' dir='ltr'>ἐρρωμένος)</span> <span class='ocrx_word' id='word_1_283' title='bbox 3395 1001 3467 1063; x_wconf 71' lang='grc' dir='ltr'>ὡς</span> <span class='ocrx_word' id='word_1_284' title='bbox 3497 999 3610 1073; x_wconf 72' lang='grc' dir='ltr'>εἶχε</span> 
     </span>
    </p>
   </div>
   <div class='ocr_carea' id='block_1_37' title="bbox 2044 1089 3612 1163">
    <p class='ocr_par' dir='ltr' id='par_1_37' title="bbox 2044 1089 3612 1163">
     <span class='ocr_line' id='line_1_37' title="bbox 2044 1089 3612 1163; baseline 0.001 -19"><span class='ocrx_word' id='word_1_285' title='bbox 2044 1089 2446 1158; x_wconf 76' lang='grc' dir='ltr'>διανοούμενος.</span> <span class='ocrx_word' id='word_1_286' title='bbox 2505 1091 2722 1142; x_wconf 85' lang='grc' dir='ltr'>Ἴστατο</span> <span class='ocrx_word' id='word_1_287' title='bbox 2773 1089 2905 1158; x_wconf 78' lang='grc' dir='ltr'>γοῦν</span> <span class='ocrx_word' id='word_1_288' title='bbox 2951 1092 2978 1142; x_wconf 83' lang='grc' dir='ltr'><strong>ὁ</strong></span> <span class='ocrx_word' id='word_1_289' title='bbox 3024 1093 3395 1162; x_wconf 79' lang='grc' dir='ltr'>πρεσσύτερος</span> <span class='ocrx_word' id='word_1_290' title='bbox 3460 1094 3612 1163; x_wconf 70' lang='grc' dir='ltr'>παρὰ</span> 
     </span>
    </p>
   </div>
   <div class='ocr_carea' id='block_1_38' title="bbox 2047 1179 3615 1255">
    <p class='ocr_par' dir='ltr' id='par_1_38' title="bbox 2047 1179 3615 1255">
     <span class='ocr_line' id='line_1_38' title="bbox 2047 1179 3615 1255; baseline 0.004 -23"><span class='ocrx_word' id='word_1_291' title='bbox 2047 1179 2272 1248; x_wconf 82' lang='grc' dir='ltr'>Θάτερα,</span> <span class='ocrx_word' id='word_1_292' title='bbox 2308 1181 2376 1234; x_wconf 81' lang='grc' dir='ltr'>τὰ</span> <span class='ocrx_word' id='word_1_293' title='bbox 2425 1181 2554 1247; x_wconf 76' lang='grc' dir='ltr'>ἅγια</span> <span class='ocrx_word' id='word_1_294' title='bbox 2597 1181 2744 1248; x_wconf 78' lang='grc' dir='ltr'>δῶρα</span> <span class='ocrx_word' id='word_1_295' title='bbox 2776 1182 2994 1250; x_wconf 85' lang='grc' dir='ltr'>κρατῶν</span> <span class='ocrx_word' id='word_1_296' title='bbox 3059 1184 3116 1234; x_wconf 80' lang='grc' dir='ltr'>ὲν</span> <span class='ocrx_word' id='word_1_297' title='bbox 3166 1186 3344 1254; x_wconf 66' lang='grc' dir='ltr'>χερσὶ,</span> <span class='ocrx_word' id='word_1_298' title='bbox 3394 1184 3486 1238; x_wconf 76' lang='grc' dir='ltr'>καὶ</span> <span class='ocrx_word' id='word_1_299' title='bbox 3516 1188 3615 1255; x_wconf 79' lang='grc' dir='ltr'>τὴν</span> 
     </span>
    </p>
   </div>
   <div class='ocr_carea' id='block_1_39' title="bbox 2046 1272 3616 1348">
    <p class='ocr_par' dir='ltr' id='par_1_39' title="bbox 2046 1272 3616 1348">
     <span class='ocr_line' id='line_1_39' title="bbox 2046 1272 3616 1348; baseline 0.003 -22"><span class='ocrx_word' id='word_1_300' title='bbox 2046 1272 2140 1326; x_wconf 80' lang='grc' dir='ltr'><strong>ἀπ’</strong></span> <span class='ocrx_word' id='word_1_301' title='bbox 2165 1275 2374 1326; x_wconf 76' lang='grc' dir='ltr'>ἐκείνου</span> <span class='ocrx_word' id='word_1_302' title='bbox 2403 1275 2499 1326; x_wconf 69' lang='grc' dir='ltr'>καὶ</span> <span class='ocrx_word' id='word_1_303' title='bbox 2525 1273 2686 1342; x_wconf 86' lang='grc' dir='ltr'>μόνου</span> <span class='ocrx_word' id='word_1_304' title='bbox 2717 1276 3054 1343; x_wconf 68' lang='grc' dir='ltr'>ἐπιστροφὴν</span> <span class='ocrx_word' id='word_1_305' title='bbox 3078 1277 3212 1346; x_wconf 74' lang='grc' dir='ltr'>πρὸς</span> <span class='ocrx_word' id='word_1_306' title='bbox 3247 1277 3410 1330; x_wconf 75' lang='grc' dir='ltr'>αὑτὸν</span> <span class='ocrx_word' id='word_1_307' title='bbox 3443 1294 3616 1348; x_wconf 76' lang='grc' dir='ltr'>καρα-</span> 
     </span>
    </p>
   </div>
   <div class='ocr_carea' id='block_1_40' title="bbox 2049 1365 3620 1434">
    <p class='ocr_par' dir='ltr' id='par_1_40' title="bbox 2049 1365 3620 1434">
     <span class='ocr_line' id='line_1_40' title="bbox 2049 1365 3620 1434; baseline 0.004 -16"><span class='ocrx_word' id='word_1_308' title='bbox 2049 1365 2218 1419; x_wconf 83' lang='grc' dir='ltr'>δοκῶν</span> <span class='ocrx_word' id='word_1_309' title='bbox 2253 1368 2338 1434; x_wconf 65' lang='grc' dir='ltr'><strong>ἐφ*</strong></span> <span class='ocrx_word' id='word_1_310' title='bbox 2362 1366 2546 1418; x_wconf 84' lang='grc' dir='ltr'>ἱκανὸν</span> <span class='ocrx_word' id='word_1_311' title='bbox 2572 1367 2794 1419; x_wconf 81' lang='grc' dir='ltr'>σιωπῶν</span> <span class='ocrx_word' id='word_1_312' title='bbox 2818 1367 3022 1422; x_wconf 79' lang='grc' dir='ltr'>ἵστατο.</span> <span class='ocrx_word' id='word_1_313' title='bbox 3057 1367 3114 1422; x_wconf 84' lang='grc'><strong>’0</strong></span> <span class='ocrx_word' id='word_1_314' title='bbox 3138 1369 3193 1421; x_wconf 79' lang='grc' dir='ltr'>δὲ</span> <span class='ocrx_word' id='word_1_315' title='bbox 3219 1369 3328 1421; x_wconf 78' lang='grc' dir='ltr'>εἴτε</span> <span class='ocrx_word' id='word_1_316' title='bbox 3363 1387 3414 1422; x_wconf 83' lang='grc' dir='ltr'><strong>τι</strong></span> <span class='ocrx_word' id='word_1_317' title='bbox 3444 1371 3620 1424; x_wconf 79' lang='grc' dir='ltr'>τοιοῦ-</span> 
     </span>
    </p>
   </div>
   <div class='ocr_carea' id='block_1_41' title="bbox 2049 1456 3616 1531">
    <p class='ocr_par' dir='ltr' id='par_1_41' title="bbox 2049 1456 3616 1531">
     <span class='ocr_line' id='line_1_41' title="bbox 2049 1456 3616 1531; baseline 0.003 -22"><span class='ocrx_word' id='word_1_318' title='bbox 2049 1473 2139 1509; x_wconf 86' lang='grc' dir='ltr'><strong>τον</strong></span> <span class='ocrx_word' id='word_1_319' title='bbox 2191 1456 2540 1529; x_wconf 64' lang='grc' dir='ltr'>ὑπονοήσας,</span> <span class='ocrx_word' id='word_1_320' title='bbox 2605 1457 2714 1510; x_wconf 71' lang='grc' dir='ltr'>εἴτε</span> <span class='ocrx_word' id='word_1_321' title='bbox 2771 1459 2864 1510; x_wconf 74' lang='grc' dir='ltr'>καὶ</span> <span class='ocrx_word' id='word_1_322' title='bbox 2922 1459 3094 1523; x_wconf 80' lang='grc' dir='ltr'>ἄλλως</span> <span class='ocrx_word' id='word_1_323' title='bbox 3150 1460 3377 1514; x_wconf 74' lang='grc' dir='ltr'>ἐπελθὸν</span> <span class='ocrx_word' id='word_1_324' title='bbox 3447 1462 3616 1531; x_wconf 74' lang='grc' dir='ltr'>αὐτῷ,</span> 
     </span>
    </p>
   </div>
   <div class='ocr_carea' id='block_1_42' title="bbox 2053 1546 3622 1621">
    <p class='ocr_par' dir='ltr' id='par_1_42' title="bbox 2053 1546 3622 1621">
     <span class='ocr_line' id='line_1_42' title="bbox 2053 1546 3622 1621; baseline 0.004 -23"><span class='ocrx_word' id='word_1_325' title='bbox 2053 1546 2362 1613; x_wconf 82' lang='grc' dir='ltr'>ἐπεγκλίνει</span> <span class='ocrx_word' id='word_1_326' title='bbox 2390 1547 2526 1618; x_wconf 74' lang='grc' dir='ltr'>πρὸς</span> <span class='ocrx_word' id='word_1_327' title='bbox 2562 1549 2652 1600; x_wconf 72' lang='grc' dir='ltr'><strong>τὸν</strong></span> <span class='ocrx_word' id='word_1_328' title='bbox 2684 1549 3072 1620; x_wconf 75' lang='grc' dir='ltr'>πρεσόὐτερον,</span> <span class='ocrx_word' id='word_1_329' title='bbox 3117 1553 3208 1603; x_wconf 73' lang='grc' dir='ltr'>καὶ</span> <span class='ocrx_word' id='word_1_330' title='bbox 3249 1552 3344 1621; x_wconf 77' lang='grc' dir='ltr'><strong>ἅμ’</strong></span> <span class='ocrx_word' id='word_1_331' title='bbox 3385 1547 3491 1606; x_wconf 78' lang='grc' dir='ltr'>εἶδε</span> <span class='ocrx_word' id='word_1_332' title='bbox 3523 1554 3622 1606; x_wconf 74' lang='grc' dir='ltr'>καὶ</span> 
     </span>
    </p>
   </div>
   <div class='ocr_carea' id='block_1_43' title="bbox 2053 1637 3620 1714">
    <p class='ocr_par' dir='ltr' id='par_1_43' title="bbox 2053 1637 3620 1714">
     <span class='ocr_line' id='line_1_43' title="bbox 2053 1637 3620 1714; baseline 0.004 -24"><span class='ocrx_word' id='word_1_333' title='bbox 2053 1637 2169 1704; x_wconf 73' lang='grc' dir='ltr'>ἅμα</span> <span class='ocrx_word' id='word_1_334' title='bbox 2207 1638 2430 1707; x_wconf 82' lang='grc' dir='ltr'>συνῆκε,</span> <span class='ocrx_word' id='word_1_335' title='bbox 2458 1639 2529 1692; x_wconf 80' lang='grc' dir='ltr'><strong>Τὸ</strong></span> <span class='ocrx_word' id='word_1_336' title='bbox 2563 1640 2768 1709; x_wconf 80' lang='grc' dir='ltr'>δρᾶμα,</span> <span class='ocrx_word' id='word_1_337' title='bbox 2813 1642 2904 1693; x_wconf 76' lang='grc' dir='ltr'>καὶ</span> <span class='ocrx_word' id='word_1_338' title='bbox 2929 1683 2944 1708; x_wconf 87' lang='grc'><strong><em>,</em></strong></span> <span class='ocrx_word' id='word_1_339' title='bbox 2982 1642 3067 1706; x_wconf 84' lang='grc' dir='ltr'><strong>Τί,</strong></span> <span class='ocrx_word' id='word_1_340' title='bbox 3106 1645 3260 1714; x_wconf 66' lang='grc' dir='ltr'>φησὶ,</span> <span class='ocrx_word' id='word_1_341' title='bbox 3285 1643 3474 1712; x_wconf 75' lang='grc' dir='ltr'>τοῦτος</span> <span class='ocrx_word' id='word_1_342' title='bbox 3512 1643 3620 1698; x_wconf 80' lang='grc' dir='ltr'><strong>Τυῦ</strong></span> 
     </span>
    </p>
   </div>
   <div class='ocr_carea' id='block_1_44' title="bbox 2052 1727 3619 1808">
    <p class='ocr_par' dir='ltr' id='par_1_44' title="bbox 2052 1727 3619 1808">
     <span class='ocr_line' id='line_1_44' title="bbox 2052 1727 3619 1808; baseline 0.006 -30"><span class='ocrx_word' id='word_1_343' title='bbox 2052 1727 2182 1794; x_wconf 83' lang='grc' dir='ltr'>γοῦν</span> <span class='ocrx_word' id='word_1_344' title='bbox 2214 1728 2406 1796; x_wconf 77' lang='grc' dir='ltr'>ἱερέως</span> <span class='ocrx_word' id='word_1_345' title='bbox 2435 1729 2510 1794; x_wconf 85' lang='grc' dir='ltr'><strong>ὡς</strong></span> <span class='ocrx_word' id='word_1_346' title='bbox 2553 1731 2692 1802; x_wconf 82' lang='grc' dir='ltr'>ὑπὲρ</span> <span class='ocrx_word' id='word_1_347' title='bbox 2735 1734 2900 1786; x_wconf 78' lang='grc' dir='ltr'>αὑτοῦ</span> <span class='ocrx_word' id='word_1_348' title='bbox 2923 1736 3208 1806; x_wconf 76' lang='grc' dir='ltr'>εὐξάμενοι</span> <span class='ocrx_word' id='word_1_349' title='bbox 3241 1737 3498 1808; x_wconf 83' lang='grc' dir='ltr'>φέρουσιν</span> <span class='ocrx_word' id='word_1_350' title='bbox 3535 1742 3619 1798; x_wconf 78' lang='grc' dir='ltr'><strong>εἰς</strong></span> 
     </span>
    </p>
   </div>
   <div class='ocr_carea' id='block_1_45' title="bbox 2059 1820 3622 1894">
    <p class='ocr_par' dir='ltr' id='par_1_45' title="bbox 2059 1820 3622 1894">
     <span class='ocr_line' id='line_1_45' title="bbox 2059 1820 3622 1894; baseline 0.006 -23"><span class='ocrx_word' id='word_1_351' title='bbox 2059 1820 2312 1889; x_wconf 82' lang='grc' dir='ltr'>βοήθειαν</span> <span class='ocrx_word' id='word_1_352' title='bbox 2354 1822 2445 1874; x_wconf 83' lang='grc' dir='ltr'><strong>καί</strong></span> <span class='ocrx_word' id='word_1_353' title='bbox 2479 1823 2551 1876; x_wconf 82' lang='grc' dir='ltr'>τὰ</span> <span class='ocrx_word' id='word_1_354' title='bbox 2577 1825 2724 1891; x_wconf 83' lang='grc' dir='ltr'>δῶρα</span> <span class='ocrx_word' id='word_1_355' title='bbox 2755 1825 2820 1878; x_wconf 77' lang='grc' dir='ltr'><strong>τὰ</strong></span> <span class='ocrx_word' id='word_1_356' title='bbox 2844 1827 2925 1888; x_wconf 88' lang='grc' dir='ltr'><strong>είς</strong></span> <span class='ocrx_word' id='word_1_357' title='bbox 2950 1828 3137 1894; x_wconf 78' lang='grc' dir='ltr'>ὑγείαν</span> <span class='ocrx_word' id='word_1_358' title='bbox 3188 1830 3502 1883; x_wconf 79' lang='grc' dir='ltr'>συνοίσοντα</span> <span class='ocrx_word' id='word_1_359' title='bbox 3528 1829 3622 1882; x_wconf 74' lang='grc' dir='ltr'><strong>λῖ-</strong></span> 
     </span>
    </p>
   </div>
   <div class='ocr_carea' id='block_1_46' title="bbox 2045 1916 3620 1992">
    <p class='ocr_par' dir='ltr' id='par_1_46' title="bbox 2045 1916 3620 1992">
     <span class='ocr_line' id='line_1_46' title="bbox 2045 1916 3620 1992; baseline 0.005 -27"><span class='ocrx_word' id='word_1_360' title='bbox 2045 1929 2254 1982; x_wconf 81' lang='grc' dir='ltr'>γοντος,</span> <span class='ocrx_word' id='word_1_361' title='bbox 2306 1916 2468 1982; x_wconf 76' lang='grc' dir='ltr'>αὐτὸς</span> <span class='ocrx_word' id='word_1_362' title='bbox 2494 1917 2757 1988; x_wconf 76' lang='grc' dir='ltr'>διακόψας</span> <span class='ocrx_word' id='word_1_363' title='bbox 2788 1919 3110 1992; x_wconf 66' lang='grc' dir='ltr'>ἀναθαρρεῖ,</span> <span class='ocrx_word' id='word_1_364' title='bbox 3145 1922 3239 1973; x_wconf 82' lang='grc' dir='ltr'>καὶ</span> <span class='ocrx_word' id='word_1_365' title='bbox 3283 1921 3382 1988; x_wconf 85' lang='grc' dir='ltr'>τῆς</span> <span class='ocrx_word' id='word_1_366' title='bbox 3429 1921 3620 1990; x_wconf 75' lang='grc' dir='ltr'>κλίνης</span> 
     </span>
    </p>
   </div>
   <div class='ocr_carea' id='block_1_47' title="bbox 2043 2007 3621 2081">
    <p class='ocr_par' dir='ltr' id='par_1_47' title="bbox 2043 2007 3621 2081">
     <span class='ocr_line' id='line_1_47' title="bbox 2043 2007 3621 2081; baseline 0.003 -22"><span class='ocrx_word' id='word_1_367' title='bbox 2043 2007 2358 2076; x_wconf 82' lang='grc' dir='ltr'>ἀνέγρεται,</span> <span class='ocrx_word' id='word_1_368' title='bbox 2391 2010 2486 2062; x_wconf 76' lang='grc' dir='ltr'>καὶ</span> <span class='ocrx_word' id='word_1_369' title='bbox 2513 2009 2669 2081; x_wconf 82' lang='grc' dir='ltr'><strong>ζητεῖ</strong></span> <span class='ocrx_word' id='word_1_370' title='bbox 2711 2009 2909 2080; x_wconf 72' lang='grc' dir='ltr'>ζώνην,</span> <span class='ocrx_word' id='word_1_371' title='bbox 2948 2012 3040 2064; x_wconf 81' lang='grc' dir='ltr'>καὶ</span> <span class='ocrx_word' id='word_1_372' title='bbox 3072 2012 3130 2064; x_wconf 86' lang='grc' dir='ltr'><strong>τὺ</strong></span> <span class='ocrx_word' id='word_1_373' title='bbox 3189 2012 3345 2080; x_wconf 77' lang='grc' dir='ltr'>ἅγιον</span> <span class='ocrx_word' id='word_1_374' title='bbox 3397 2012 3621 2078; x_wconf 78' lang='grc' dir='ltr'>διέξεισι</span> 
     </span>
    </p>
   </div>
   <div class='ocr_carea' id='block_1_48' title="bbox 2044 2097 3621 2173">
    <p class='ocr_par' dir='ltr' id='par_1_48' title="bbox 2044 2097 3621 2173">
     <span class='ocr_line' id='line_1_48' title="bbox 2044 2097 3621 2173; baseline 0.006 -24"><span class='ocrx_word' id='word_1_375' title='bbox 2044 2097 2335 2167; x_wconf 76' lang='grc' dir='ltr'>σύμϐολον,</span> <span class='ocrx_word' id='word_1_376' title='bbox 2365 2099 2460 2153; x_wconf 73' lang='grc' dir='ltr'>καὶ</span> <span class='ocrx_word' id='word_1_377' title='bbox 2505 2099 2603 2164; x_wconf 75' lang='grc' dir='ltr'><strong>τὸ,</strong></span> <span class='ocrx_word' id='word_1_378' title='bbox 2645 2121 2663 2153; x_wconf 88' lang='grc'><strong>‹</strong></span> <span class='ocrx_word' id='word_1_379' title='bbox 2712 2101 2904 2170; x_wconf 81' lang='grc' dir='ltr'>Κύριε,</span> <span class='ocrx_word' id='word_1_380' title='bbox 2944 2102 3106 2172; x_wconf 80' lang='grc' dir='ltr'>ῥῦσαί</span> <span class='ocrx_word' id='word_1_381' title='bbox 3139 2121 3205 2172; x_wconf 88' lang='grc' dir='ltr'><strong>με</strong></span> <span class='ocrx_word' id='word_1_382' title='bbox 3247 2105 3311 2157; x_wconf 81' lang='grc' dir='ltr'>ἐκ</span> <span class='ocrx_word' id='word_1_383' title='bbox 3352 2104 3450 2173; x_wconf 76' lang='grc' dir='ltr'>τῆς</span> <span class='ocrx_word' id='word_1_384' title='bbox 3473 2103 3621 2173; x_wconf 56' lang='grc' dir='ltr'>ὥρας</span> 
     </span>
    </p>
   </div>
   <div class='ocr_carea' id='block_1_49' title="bbox 2042 2190 3620 2265">
    <p class='ocr_par' dir='ltr' id='par_1_49' title="bbox 2042 2190 3620 2265">
     <span class='ocr_line' id='line_1_49' title="bbox 2042 2190 3620 2265; baseline 0.003 -23"><span class='ocrx_word' id='word_1_385' title='bbox 2042 2191 2272 2261; x_wconf 81' lang='grc' dir='ltr'>ταύτης,</span> <span class='ocrx_word' id='word_1_386' title='bbox 2302 2209 2321 2243; x_wconf 71' lang='grc' dir='ltr'><strong>ι</strong></span> <span class='ocrx_word' id='word_1_387' title='bbox 2361 2190 2552 2256; x_wconf 75' lang='grc' dir='ltr'>εἰπὼν,</span> <span class='ocrx_word' id='word_1_388' title='bbox 2580 2195 2674 2246; x_wconf 75' lang='grc' dir='ltr'>καὶ</span> <span class='ocrx_word' id='word_1_389' title='bbox 2699 2194 2766 2246; x_wconf 72' lang='grc' dir='ltr'>τὰ</span> <span class='ocrx_word' id='word_1_390' title='bbox 2796 2195 2987 2248; x_wconf 76' lang='grc' dir='ltr'>εἰκότα</span> <span class='ocrx_word' id='word_1_391' title='bbox 3021 2199 3451 2264; x_wconf 79' lang='grc' dir='ltr'>ποτνιασάμενος</span> <span class='ocrx_word' id='word_1_392' title='bbox 3482 2197 3620 2265; x_wconf 74' lang='grc' dir='ltr'>πρὸς</span> 
     </span>
    </p>
   </div>
   <div class='ocr_carea' id='block_1_50' title="bbox 2043 2281 3622 2356">
    <p class='ocr_par' dir='ltr' id='par_1_50' title="bbox 2043 2281 3622 2356">
     <span class='ocr_line' id='line_1_50' title="bbox 2043 2281 3622 2356; baseline 0.002 -21"><span class='ocrx_word' id='word_1_393' title='bbox 2043 2281 2134 2335; x_wconf 79' lang='grc' dir='ltr'><strong>τὸν</strong></span> <span class='ocrx_word' id='word_1_394' title='bbox 2165 2283 2454 2351; x_wconf 50' lang='grc' dir='ltr'>Ὕψιστον,</span> <span class='ocrx_word' id='word_1_395' title='bbox 2483 2284 2582 2354; x_wconf 79' lang='grc' dir='ltr'>τὴν</span> <span class='ocrx_word' id='word_1_396' title='bbox 2606 2285 2768 2352; x_wconf 80' lang='grc' dir='ltr'>ἁγίαν</span> <span class='ocrx_word' id='word_1_397' title='bbox 2795 2285 3097 2356; x_wconf 73' lang='grc' dir='ltr'>μετάληψιν</span> <span class='ocrx_word' id='word_1_398' title='bbox 3126 2287 3362 2355; x_wconf 82' lang='grc' dir='ltr'>δέχεται.</span> <span class='ocrx_word' id='word_1_399' title='bbox 3398 2289 3490 2340; x_wconf 72' lang='grc' dir='ltr'>καὶ</span> <span class='ocrx_word' id='word_1_400' title='bbox 3525 2304 3622 2339; x_wconf 84' lang='grc' dir='ltr'>πε-</span> 
     </span>
    </p>
   </div>
   <div class='ocr_carea' id='block_1_51' title="bbox 2045 2373 3618 2450">
    <p class='ocr_par' dir='ltr' id='par_1_51' title="bbox 2045 2373 3618 2450">
     <span class='ocr_line' id='line_1_51' title="bbox 2045 2373 3618 2450; baseline 0.006 -24"><span class='ocrx_word' id='word_1_401' title='bbox 2045 2373 2156 2426; x_wconf 84' lang='grc' dir='ltr'>σὼν</span> <span class='ocrx_word' id='word_1_402' title='bbox 2185 2374 2342 2439; x_wconf 77' lang='grc' dir='ltr'>αὖθις</span> <span class='ocrx_word' id='word_1_403' title='bbox 2383 2378 2476 2430; x_wconf 66' lang='grc' dir='ltr'>καὶ</span> <span class='ocrx_word' id='word_1_404' title='bbox 2507 2380 2701 2447; x_wconf 75' lang='grc' dir='ltr'>καιρὸν</span> <span class='ocrx_word' id='word_1_405' title='bbox 2751 2377 2989 2447; x_wconf 80' lang='grc' dir='ltr'>ἐπισχὼν</span> <span class='ocrx_word' id='word_1_406' title='bbox 3045 2379 3142 2448; x_wconf 80' lang='grc' dir='ltr'>τὴν</span> <span class='ocrx_word' id='word_1_407' title='bbox 3173 2380 3352 2449; x_wconf 69' lang='grc' dir='ltr'>ψυχὴν</span> <span class='ocrx_word' id='word_1_408' title='bbox 3399 2382 3618 2450; x_wconf 76' lang='grc' dir='ltr'>ἀφίησι.</span> 
     </span>
    </p>
   </div>
   <div class='ocr_carea' id='block_1_52' title="bbox 2045 2461 3615 2541">
    <p class='ocr_par' dir='ltr' id='par_1_52' title="bbox 2045 2461 3615 2541">
     <span class='ocr_line' id='line_1_52' title="bbox 2045 2461 3615 2541; baseline 0.003 -23"><span class='ocrx_word' id='word_1_409' title='bbox 2045 2467 2154 2518; x_wconf 67' lang='grc' dir='ltr'>Καὶ</span> <span class='ocrx_word' id='word_1_410' title='bbox 2184 2465 2246 2537; x_wconf 83' lang='grc' dir='ltr'>δὴ</span> <span class='ocrx_word' id='word_1_411' title='bbox 2282 2467 2615 2538; x_wconf 79' lang='grc' dir='ltr'>τελευτήσας</span> <span class='ocrx_word' id='word_1_412' title='bbox 2665 2469 2763 2539; x_wconf 71' lang='grc' dir='ltr'><strong>οὐχ</strong></span> <span class='ocrx_word' id='word_1_413' title='bbox 2797 2461 2967 2538; x_wconf 84' lang='grc' dir='ltr'>ἦττον</span> <span class='ocrx_word' id='word_1_414' title='bbox 3015 2472 3128 2531; x_wconf 87' lang='grc' dir='ltr'>τοῖς</span> <span class='ocrx_word' id='word_1_415' title='bbox 3158 2470 3268 2521; x_wconf 85' lang='grc' dir='ltr'><strong>τῶν</strong></span> <span class='ocrx_word' id='word_1_416' title='bbox 3293 2471 3548 2541; x_wconf 80' lang='grc' dir='ltr'>Τοχάρων</span> <span class='ocrx_word' id='word_1_417' title='bbox 3586 2472 3615 2540; x_wconf 84' lang='grc' dir='ltr'>ἦ</span> 
     </span>
    </p>
   </div>
   <div class='ocr_carea' id='block_1_53' title="bbox 2042 2553 3613 2633">
    <p class='ocr_par' dir='ltr' id='par_1_53' title="bbox 2042 2553 3613 2633">
     <span class='ocr_line' id='line_1_53' title="bbox 2042 2553 3613 2633; baseline 0.004 -25"><span class='ocrx_word' id='word_1_418' title='bbox 2042 2556 2150 2608; x_wconf 81' lang='grc' dir='ltr'><strong>τῶν</strong></span> <span class='ocrx_word' id='word_1_419' title='bbox 2177 2558 2394 2610; x_wconf 78' lang='grc' dir='ltr'>οίκεέων</span> <span class='ocrx_word' id='word_1_420' title='bbox 2422 2561 2716 2628; x_wconf 82' lang='grc' dir='ltr'>τετίμηται</span> <span class='ocrx_word' id='word_1_421' title='bbox 2762 2559 3047 2630; x_wconf 83' lang='grc' dir='ltr'>δάκρυσιν.</span> <span class='ocrx_word' id='word_1_422' title='bbox 3102 2553 3178 2614; x_wconf 68' lang='lat' dir='ltr'><strong>Ob</strong></span> <span class='ocrx_word' id='word_1_423' title='bbox 3209 2560 3298 2613; x_wconf 68' lang='grc' dir='ltr'><strong>τὸν</strong></span> <span class='ocrx_word' id='word_1_424' title='bbox 3328 2565 3519 2633; x_wconf 68' lang='grc' dir='ltr'>νεκρὸν</span> <span class='ocrx_word' id='word_1_425' title='bbox 3554 2563 3613 2614; x_wconf 73' lang='grc' dir='ltr'><strong>τδ</strong></span> 
     </span>
    </p>
   </div>
   <div class='ocr_carea' id='block_1_54' title="bbox 2045 2733 3625 2808">
    <p class='ocr_par' dir='ltr' id='par_1_54' title="bbox 2045 2733 3625 2808">
     <span class='ocr_line' id='line_1_54' title="bbox 2045 2733 3625 2808; baseline 0.007 -20"><span class='ocrx_word' id='word_1_426' title='bbox 2045 2733 2312 2788; x_wconf 69' lang='lat' dir='ltr'><strong>Cabasilte</strong></span> <span class='ocrx_word' id='word_1_427' title='bbox 2367 2733 2508 2787; x_wconf 83' lang='lat' dir='ltr'><strong>haud</strong></span> <span class='ocrx_word' id='word_1_428' title='bbox 2557 2736 2771 2788; x_wconf 89' lang='lat' dir='ltr'><strong>animus</strong></span> <span class='ocrx_word' id='word_1_429' title='bbox 2815 2746 2993 2790; x_wconf 89' lang='lat' dir='ltr'><strong>tamen</strong></span> <span class='ocrx_word' id='word_1_430' title='bbox 3054 2738 3247 2801; x_wconf 74' lang='lat' dir='ltr'><strong>adluit,</strong></span> <span class='ocrx_word' id='word_1_431' title='bbox 3296 2741 3625 2808; x_wconf 60' lang='lat' dir='ltr'><strong>praevalente</strong></span> 
     </span>
    </p>
   </div>
   <div class='ocr_carea' id='block_1_55' title="bbox 2046 2825 3620 2900">
    <p class='ocr_par' dir='ltr' id='par_1_55' title="bbox 2046 2825 3620 2900">
     <span class='ocr_line' id='line_1_55' title="bbox 2046 2825 3620 2900; baseline 0.006 -21"><span class='ocrx_word' id='word_1_432' title='bbox 2046 2836 2193 2879; x_wconf 81' lang='lat' dir='ltr'><strong>metu</strong></span> <span class='ocrx_word' id='word_1_433' title='bbox 2259 2825 2610 2887; x_wconf 78' lang='lat' dir='ltr'><strong>offensionis.</strong></span> <span class='ocrx_word' id='word_1_434' title='bbox 2673 2828 2947 2882; x_wconf 85' lang='lat' dir='ltr'><strong>indicandi</strong></span> <span class='ocrx_word' id='word_1_435' title='bbox 3005 2831 3252 2898; x_wconf 83' lang='lat' dir='ltr'><strong>Augusto</strong></span> <span class='ocrx_word' id='word_1_436' title='bbox 3320 2835 3620 2900; x_wconf 85' lang='lat' dir='ltr'><strong>periculuu</strong></span> 
     </span>
    </p>
   </div>
   <div class='ocr_carea' id='block_1_56' title="bbox 2045 2917 3619 2990">
    <p class='ocr_par' dir='ltr' id='par_1_56' title="bbox 2045 2917 3619 2990">
     <span class='ocr_line' id='line_1_56' title="bbox 2045 2917 3619 2990; baseline 0.003 -16"><span class='ocrx_word' id='word_1_437' title='bbox 2045 2935 2230 2974; x_wconf 69' lang='lat' dir='ltr'><strong>suum.</strong></span> <span class='ocrx_word' id='word_1_438' title='bbox 2261 2917 2392 2970; x_wconf 80' lang='lat' dir='ltr'><strong>Nam</strong></span> <span class='ocrx_word' id='word_1_439' title='bbox 2422 2926 2475 2970; x_wconf 83' lang='lat' dir='ltr'><strong>et</strong></span> <span class='ocrx_word' id='word_1_440' title='bbox 2510 2919 2611 2972; x_wconf 88' lang='lat' dir='ltr'><strong>hoc</strong></span> <span class='ocrx_word' id='word_1_441' title='bbox 2642 2919 2823 2974; x_wconf 79' lang='lat' dir='ltr'><strong>fatalis</strong></span> <span class='ocrx_word' id='word_1_442' title='bbox 2850 2925 2979 2974; x_wconf 80' lang='lat' dir='ltr'><strong>hora</strong></span> <span class='ocrx_word' id='word_1_443' title='bbox 3017 2922 3272 2990; x_wconf 69' lang='lat' dir='ltr'><strong>ingruens</strong></span> <span class='ocrx_word' id='word_1_444' title='bbox 3304 2924 3496 2978; x_wconf 77' lang='lat' dir='ltr'><strong>aﬂcrre</strong></span> <span class='ocrx_word' id='word_1_445' title='bbox 3529 2941 3619 2979; x_wconf 84' lang='lat' dir='ltr'><strong>so-</strong></span> 
     </span>
    </p>
   </div>
   <div class='ocr_carea' id='block_1_57' title="bbox 2047 3013 3620 3088">
    <p class='ocr_par' dir='ltr' id='par_1_57' title="bbox 2047 3013 3620 3088">
     <span class='ocr_line' id='line_1_57' title="bbox 2047 3013 3620 3088; baseline 0.003 -22"><span class='ocrx_word' id='word_1_446' title='bbox 2047 3013 2123 3066; x_wconf 88' lang='lat' dir='ltr'><strong>let</strong></span> <span class='ocrx_word' id='word_1_447' title='bbox 2149 3015 2199 3066; x_wconf 91' lang='lat' dir='ltr'><strong>iu</strong></span> <span class='ocrx_word' id='word_1_448' title='bbox 2237 3014 2430 3082; x_wconf 77' lang='lat' dir='ltr'><strong>primis</strong></span> <span class='ocrx_word' id='word_1_449' title='bbox 2470 3014 2694 3067; x_wconf 80' lang='lat' dir='ltr'><strong>noxium</strong></span> <span class='ocrx_word' id='word_1_450' title='bbox 2731 3015 3076 3079; x_wconf 88' lang='lat' dir='ltr'><strong>mortalibus,</strong></span> <span class='ocrx_word' id='word_1_451' title='bbox 3113 3025 3169 3068; x_wconf 85' lang='grc' dir='ltr'><strong>ιιι</strong></span> <span class='ocrx_word' id='word_1_452' title='bbox 3203 3017 3408 3072; x_wconf 85' lang='lat' dir='ltr'><strong>indices</strong></span> <span class='ocrx_word' id='word_1_453' title='bbox 3438 3035 3620 3088; x_wconf 73' lang='lat' dir='ltr'><strong>qum-</strong></span> 
     </span>
    </p>
   </div>
   <div class='ocr_carea' id='block_1_58' title="bbox 2050 3102 3621 3180">
    <p class='ocr_par' dir='ltr' id='par_1_58' title="bbox 2050 3102 3621 3180">
     <span class='ocr_line' id='line_1_58' title="bbox 2050 3102 3621 3180; baseline 0.006 -21"><span class='ocrx_word' id='word_1_454' title='bbox 2050 3107 2254 3162; x_wconf 86' lang='lat' dir='ltr'><strong>lumvis</strong></span> <span class='ocrx_word' id='word_1_455' title='bbox 2294 3108 2588 3162; x_wconf 85' lang='lat' dir='ltr'><strong>benevolos</strong></span> <span class='ocrx_word' id='word_1_456' title='bbox 2637 3107 2974 3162; x_wconf 72' lang='lat' dir='ltr'><strong>imminentis</strong></span> <span class='ocrx_word' id='word_1_457' title='bbox 3016 3109 3197 3163; x_wconf 84' lang='lat' dir='ltr'><strong>obitus</strong></span> <span class='ocrx_word' id='word_1_458' title='bbox 3224 3152 3238 3175; x_wconf 89' lang='lat'><strong>,</strong></span> <span class='ocrx_word' id='word_1_459' title='bbox 3276 3102 3530 3180; x_wconf 81' lang='lat' dir='ltr'><strong>tauquam</strong></span> <span class='ocrx_word' id='word_1_460' title='bbox 3573 3116 3621 3168; x_wconf 86' lang='lat' dir='ltr'><strong>si</strong></span> 
     </span>
    </p>
   </div>
   <div class='ocr_carea' id='block_1_59' title="bbox 371 3200 3620 3293">
    <p class='ocr_par' dir='ltr' id='par_1_59' title="bbox 371 3200 3620 3293">
     <span class='ocr_line' id='line_1_59' title="bbox 371 3200 3620 3293; baseline -0.001 -31"><span class='ocrx_word' id='word_1_461' title='bbox 371 3207 667 3278; x_wconf 87' lang='lat' dir='ltr'><strong>peratoris.</strong></span> <span class='ocrx_word' id='word_1_462' title='bbox 696 3207 812 3275; x_wconf 88' lang='lat' dir='ltr'><strong>Ipse</strong></span> <span class='ocrx_word' id='word_1_463' title='bbox 835 3205 1090 3267; x_wconf 87' lang='lat' dir='ltr'><strong>connisu,</strong></span> <span class='ocrx_word' id='word_1_464' title='bbox 1116 3217 1379 3276; x_wconf 86' lang='lat' dir='ltr'><strong>quantun</strong></span> <span class='ocrx_word' id='word_1_465' title='bbox 1410 3205 1663 3260; x_wconf 73' lang='lat' dir='ltr'><strong>debiiitas</strong></span> <span class='ocrx_word' id='word_1_466' title='bbox 1699 3208 1944 3274; x_wconf 87' lang='lat' dir='ltr'><strong>corporis</strong></span> <span class='ocrx_word' id='word_1_467' title='bbox 1975 3233 2019 3293; x_wconf 67' lang='grc' dir='ltr'>α</span> <span class='ocrx_word' id='word_1_468' title='bbox 2049 3200 2169 3268; x_wconf 83' lang='lat' dir='ltr'><strong>ejus</strong></span> <span class='ocrx_word' id='word_1_469' title='bbox 2196 3216 2360 3255; x_wconf 86' lang='lat' dir='ltr'><strong>causa</strong></span> <span class='ocrx_word' id='word_1_470' title='bbox 2399 3211 2608 3266; x_wconf 83' lang='lat' dir='ltr'><strong>essent,</strong></span> <span class='ocrx_word' id='word_1_471' title='bbox 2632 3217 2829 3257; x_wconf 84' lang='lat' dir='ltr'><strong>exosos</strong></span> <span class='ocrx_word' id='word_1_472' title='bbox 2859 3203 2967 3257; x_wconf 80' lang='lat' dir='ltr'><strong>rere</strong></span> <span class='ocrx_word' id='word_1_473' title='bbox 2999 3203 3253 3260; x_wconf 82' lang='lat' dir='ltr'><strong>habeam.</strong></span> <span class='ocrx_word' id='word_1_474' title='bbox 3287 3203 3431 3259; x_wconf 81' lang='lat' dir='ltr'><strong>l-lem</strong></span> <span class='ocrx_word' id='word_1_475' title='bbox 3456 3222 3620 3276; x_wconf 81' lang='lat' dir='ltr'><strong>porro</strong></span> 
     </span>
    </p>
   </div>
   <div class='ocr_carea' id='block_1_60' title="bbox 374 3295 1949 3364">
    <p class='ocr_par' dir='ltr' id='par_1_60' title="bbox 374 3295 1949 3364">
     <span class='ocr_line' id='line_1_60' title="bbox 374 3295 1949 3364; baseline -0.003 -12"><span class='ocrx_word' id='word_1_476' title='bbox 374 3300 607 3364; x_wconf 76' lang='lat' dir='ltr'><strong>ferebat,</strong></span> <span class='ocrx_word' id='word_1_477' title='bbox 639 3310 854 3352; x_wconf 89' lang='lat' dir='ltr'><strong>erectus</strong></span> <span class='ocrx_word' id='word_1_478' title='bbox 877 3304 932 3350; x_wconf 87' lang='lat' dir='ltr'><strong>et</strong></span> <span class='ocrx_word' id='word_1_479' title='bbox 966 3296 1168 3351; x_wconf 91' lang='lat' dir='ltr'><strong>lectulo</strong></span> <span class='ocrx_word' id='word_1_480' title='bbox 1208 3295 1474 3359; x_wconf 80' lang='lat' dir='ltr'><strong>insidens,</strong></span> <span class='ocrx_word' id='word_1_481' title='bbox 1503 3297 1825 3364; x_wconf 78' lang='lat' dir='ltr'><strong>obsequium</strong></span> <span class='ocrx_word' id='word_1_482' title='bbox 1859 3295 1949 3349; x_wconf 86' lang='lat' dir='ltr'><strong>bc-</strong></span> 
     </span>
    </p>
   </div>
   <div class='ocr_carea' id='block_1_61' title="bbox 375 3387 1952 3445">
    <p class='ocr_par' dir='ltr' id='par_1_61' title="bbox 375 3387 1952 3445">
     <span class='ocr_line' id='line_1_61' title="bbox 375 3387 1952 3445; baseline -0.004 -1"><span class='ocrx_word' id='word_1_483' title='bbox 375 3391 700 3445; x_wconf 86' lang='lat' dir='ltr'><strong>nevolorurn</strong></span> <span class='ocrx_word' id='word_1_484' title='bbox 733 3389 1009 3444; x_wconf 88' lang='lat' dir='ltr'><strong>sociorum</strong></span> <span class='ocrx_word' id='word_1_485' title='bbox 1046 3389 1110 3442; x_wconf 90' lang='lat' dir='ltr'><strong>ad</strong></span> <span class='ocrx_word' id='word_1_486' title='bbox 1144 3387 1378 3442; x_wconf 87' lang='lat' dir='ltr'><strong>amicam</strong></span> <span class='ocrx_word' id='word_1_487' title='bbox 1422 3388 1797 3441; x_wconf 74' lang='lat' dir='ltr'><strong>invitationem</strong></span> <span class='ocrx_word' id='word_1_488' title='bbox 1833 3396 1952 3439; x_wconf 87' lang='lat' dir='ltr'><strong>stu-</strong></span> 
     </span>
    </p>
   </div>
   <div class='ocr_carea' id='block_1_62' title="bbox 374 3479 1949 3550">
    <p class='ocr_par' dir='ltr' id='par_1_62' title="bbox 374 3479 1949 3550">
     <span class='ocr_line' id='line_1_62' title="bbox 374 3479 1949 3550; baseline -0.003 -14"><span class='ocrx_word' id='word_1_489' title='bbox 374 3483 534 3537; x_wconf 88' lang='lat' dir='ltr'><strong>diose</strong></span> <span class='ocrx_word' id='word_1_490' title='bbox 562 3481 966 3536; x_wconf 88' lang='lat' dir='ltr'><strong>occurrentium</strong></span> <span class='ocrx_word' id='word_1_491' title='bbox 1001 3480 1248 3550; x_wconf 85' lang='lat' dir='ltr'><strong>impense</strong></span> <span class='ocrx_word' id='word_1_492' title='bbox 1286 3479 1708 3542; x_wconf 83' lang='lat' dir='ltr'><strong>commendavit,</strong></span> <span class='ocrx_word' id='word_1_493' title='bbox 1737 3487 1949 3547; x_wconf 86' lang='lat' dir='ltr'><strong>gratum</strong></span> 
     </span>
    </p>
   </div>
   <div class='ocr_carea' id='block_1_63' title="bbox 376 3570 1950 3641">
    <p class='ocr_par' dir='ltr' id='par_1_63' title="bbox 376 3570 1950 3641">
     <span class='ocr_line' id='line_1_63' title="bbox 376 3570 1950 3641; baseline -0.002 -12"><span class='ocrx_word' id='word_1_494' title='bbox 376 3576 437 3629; x_wconf 90' lang='lat' dir='ltr'><strong>id</strong></span> <span class='ocrx_word' id='word_1_495' title='bbox 465 3575 567 3628; x_wconf 87' lang='lat' dir='ltr'><strong>sibi</strong></span> <span class='ocrx_word' id='word_1_496' title='bbox 600 3583 653 3628; x_wconf 88' lang='lat' dir='ltr'><strong>et</strong></span> <span class='ocrx_word' id='word_1_497' title='bbox 685 3574 916 3628; x_wconf 89' lang='lat' dir='ltr'><strong>memori</strong></span> <span class='ocrx_word' id='word_1_498' title='bbox 951 3572 1139 3626; x_wconf 90' lang='lat' dir='ltr'><strong>animo</strong></span> <span class='ocrx_word' id='word_1_499' title='bbox 1169 3570 1515 3626; x_wconf 81' lang='lat' dir='ltr'><strong>condendam</strong></span> <span class='ocrx_word' id='word_1_500' title='bbox 1548 3571 1786 3625; x_wconf 78' lang='lat' dir='ltr'><strong>ciliciqu</strong></span> <span class='ocrx_word' id='word_1_501' title='bbox 1822 3587 1950 3641; x_wconf 80' lang='lat' dir='ltr'><strong>pto-</strong></span> 
     </span>
    </p>
   </div>
   <div class='ocr_carea' id='block_1_64' title="bbox 374 3665 1949 3737">
    <p class='ocr_par' dir='ltr' id='par_1_64' title="bbox 374 3665 1949 3737">
     <span class='ocr_line' id='line_1_64' title="bbox 374 3665 1949 3737; baseline -0.001 -15"><span class='ocrx_word' id='word_1_502' title='bbox 374 3669 562 3722; x_wconf 81' lang='lat' dir='ltr'><strong>ﬁtens.</strong></span> <span class='ocrx_word' id='word_1_503' title='bbox 597 3668 652 3721; x_wconf 88' lang='lat' dir='ltr'><strong>In</strong></span> <span class='ocrx_word' id='word_1_504' title='bbox 693 3666 885 3736; x_wconf 82' lang='lat' dir='ltr'><strong>primis</strong></span> <span class='ocrx_word' id='word_1_505' title='bbox 915 3679 977 3720; x_wconf 83' lang='lat' dir='ltr'><strong>se</strong></span> <span class='ocrx_word' id='word_1_506' title='bbox 1014 3665 1177 3737; x_wconf 73' lang='lat' dir='ltr'><strong>Nega:</strong></span> <span class='ocrx_word' id='word_1_507' title='bbox 1202 3665 1409 3736; x_wconf 89' lang='lat' dir='ltr'><strong>gratias</strong></span> <span class='ocrx_word' id='word_1_508' title='bbox 1438 3679 1598 3735; x_wconf 85' lang='lat' dir='ltr'><strong>agere</strong></span> <span class='ocrx_word' id='word_1_509' title='bbox 1632 3665 1949 3734; x_wconf 88' lang='lat' dir='ltr'><strong>habereque</strong></span> 
     </span>
    </p>
   </div>
   <div class='ocr_carea' id='block_1_65' title="bbox 374 3757 1948 3830">
    <p class='ocr_par' dir='ltr' id='par_1_65' title="bbox 374 3757 1948 3830">
     <span class='ocr_line' id='line_1_65' title="bbox 374 3757 1948 3830; baseline -0.003 -16"><span class='ocrx_word' id='word_1_510' title='bbox 374 3762 642 3830; x_wconf 87' lang='lat' dir='ltr'><strong>plurimas</strong></span> <span class='ocrx_word' id='word_1_511' title='bbox 671 3768 1011 3815; x_wconf 89' lang='lat' dir='ltr'><strong>contestatus</strong></span> <span class='ocrx_word' id='word_1_512' title='bbox 1029 3757 1293 3828; x_wconf 89' lang='lat' dir='ltr'><strong>est,quod</strong></span> <span class='ocrx_word' id='word_1_513' title='bbox 1321 3758 1368 3812; x_wconf 91' lang='lat' dir='ltr'><strong>is</strong></span> <span class='ocrx_word' id='word_1_514' title='bbox 1404 3765 1512 3810; x_wconf 89' lang='lat' dir='ltr'><strong>tam</strong></span> <span class='ocrx_word' id='word_1_515' title='bbox 1545 3766 1812 3826; x_wconf 75' lang='lat' dir='ltr'><strong>prompte,</strong></span> <span class='ocrx_word' id='word_1_516' title='bbox 1842 3766 1948 3810; x_wconf 82' lang='lat' dir='ltr'><strong>tam</strong></span> 
     </span>
    </p>
   </div>
   <div class='ocr_carea' id='block_1_66' title="bbox 378 3850 1949 3921">
    <p class='ocr_par' dir='ltr' id='par_1_66' title="bbox 378 3850 1949 3921">
     <span class='ocr_line' id='line_1_66' title="bbox 378 3850 1949 3921; baseline -0.001 -17"><span class='ocrx_word' id='word_1_517' title='bbox 378 3854 592 3921; x_wconf 71' lang='lat' dir='ltr'><strong>prolixe</strong></span> <span class='ocrx_word' id='word_1_518' title='bbox 627 3851 831 3920; x_wconf 85' lang='lat' dir='ltr'><strong>petenti</strong></span> <span class='ocrx_word' id='word_1_519' title='bbox 869 3851 973 3905; x_wconf 85' lang='lat' dir='ltr'><strong>sibi</strong></span> <span class='ocrx_word' id='word_1_520' title='bbox 1020 3850 1166 3921; x_wconf 89' lang='lat' dir='ltr'><strong>quod</strong></span> <span class='ocrx_word' id='word_1_521' title='bbox 1215 3858 1428 3916; x_wconf 90' lang='lat' dir='ltr'><strong>optarat</strong></span> <span class='ocrx_word' id='word_1_522' title='bbox 1479 3850 1802 3914; x_wconf 88' lang='lat' dir='ltr'><strong>annuisset;</strong></span> <span class='ocrx_word' id='word_1_523' title='bbox 1840 3864 1949 3919; x_wconf 88' lang='lat' dir='ltr'><strong>quo</strong></span> 
     </span>
    </p>
   </div>
   <div class='ocr_carea' id='block_1_67' title="bbox 380 3940 1946 4010">
    <p class='ocr_par' dir='ltr' id='par_1_67' title="bbox 380 3940 1946 4010">
     <span class='ocr_line' id='line_1_67' title="bbox 380 3940 1946 4010; baseline -0.001 -16"><span class='ocrx_word' id='word_1_524' title='bbox 380 3943 625 4002; x_wconf 88' lang='lat' dir='ltr'><strong>nomine.</strong></span> <span class='ocrx_word' id='word_1_525' title='bbox 664 3951 722 3994; x_wconf 83' lang='grc' dir='ltr'><strong>ιιι</strong></span> <span class='ocrx_word' id='word_1_526' title='bbox 751 3941 884 4010; x_wconf 87' lang='lat' dir='ltr'><strong>ipsis</strong></span> <span class='ocrx_word' id='word_1_527' title='bbox 919 3955 1059 4010; x_wconf 92' lang='lat' dir='ltr'><strong>quos</strong></span> <span class='ocrx_word' id='word_1_528' title='bbox 1097 3940 1381 4009; x_wconf 85' lang='lat' dir='ltr'><strong>spectabat</strong></span> <span class='ocrx_word' id='word_1_529' title='bbox 1412 3953 1671 4006; x_wconf 67' lang='lat' dir='ltr'><strong>praesens,</strong></span> <span class='ocrx_word' id='word_1_530' title='bbox 1707 3945 1797 4007; x_wconf 87' lang='lat' dir='ltr'><strong>qui</strong></span> <span class='ocrx_word' id='word_1_531' title='bbox 1837 3950 1946 3996; x_wconf 84' lang='lat' dir='ltr'><strong>tatn</strong></span> 
     </span>
    </p>
   </div>
   <div class='ocr_carea' id='block_1_68' title="bbox 377 4029 1950 4100">
    <p class='ocr_par' dir='ltr' id='par_1_68' title="bbox 377 4029 1950 4100">
     <span class='ocr_line' id='line_1_68' title="bbox 377 4029 1950 4100; baseline -0.004 -13"><span class='ocrx_word' id='word_1_532' title='bbox 377 4043 609 4087; x_wconf 84' lang='lat' dir='ltr'><strong>strenue</strong></span> <span class='ocrx_word' id='word_1_533' title='bbox 636 4033 842 4085; x_wconf 80' lang='lat' dir='ltr'><strong>auxilio</strong></span> <span class='ocrx_word' id='word_1_534' title='bbox 883 4033 1182 4094; x_wconf 81' lang='lat' dir='ltr'><strong>venissent,</strong></span> <span class='ocrx_word' id='word_1_535' title='bbox 1221 4032 1303 4084; x_wconf 88' lang='lat' dir='ltr'><strong>sic</strong></span> <span class='ocrx_word' id='word_1_536' title='bbox 1346 4031 1423 4084; x_wconf 93' lang='lat' dir='ltr'><strong>illi</strong></span> <span class='ocrx_word' id='word_1_537' title='bbox 1453 4031 1544 4099; x_wconf 91' lang='lat' dir='ltr'><strong>qui</strong></span> <span class='ocrx_word' id='word_1_538' title='bbox 1578 4029 1812 4100; x_wconf 81' lang='lat' dir='ltr'><strong>benigne</strong></span> <span class='ocrx_word' id='word_1_539' title='bbox 1849 4031 1950 4082; x_wconf 80' lang='lat' dir='ltr'><strong>Ini-</strong></span> 
     </span>
    </p>
   </div>
   <div class='ocr_carea' id='block_1_69' title="bbox 377 4119 1951 4185">
    <p class='ocr_par' dir='ltr' id='par_1_69' title="bbox 377 4119 1951 4185">
     <span class='ocr_line' id='line_1_69' title="bbox 377 4119 1951 4185; baseline -0.001 -7"><span class='ocrx_word' id='word_1_540' title='bbox 377 4135 570 4185; x_wconf 64' lang='lat' dir='ltr'><strong>sisset,</strong></span> <span class='ocrx_word' id='word_1_541' title='bbox 600 4135 863 4177; x_wconf 67' lang='lat' dir='ltr'><strong>aeternum</strong></span> <span class='ocrx_word' id='word_1_542' title='bbox 896 4137 955 4178; x_wconf 91' lang='lat' dir='ltr'><strong>se</strong></span> <span class='ocrx_word' id='word_1_543' title='bbox 998 4123 1321 4176; x_wconf 84' lang='lat' dir='ltr'><strong>obstrictum</strong></span> <span class='ocrx_word' id='word_1_544' title='bbox 1363 4121 1501 4177; x_wconf 83' lang='lat' dir='ltr'><strong>fore.</strong></span> <span class='ocrx_word' id='word_1_545' title='bbox 1542 4119 1951 4176; x_wconf 82' lang='lat' dir='ltr'><strong>Perincommo-</strong></span> 
     </span>
    </p>
   </div>
   <div class='ocr_carea' id='block_1_70' title="bbox 379 4212 1947 4278">
    <p class='ocr_par' dir='ltr' id='par_1_70' title="bbox 379 4212 1947 4278">
     <span class='ocr_line' id='line_1_70' title="bbox 379 4212 1947 4278; baseline 0 -11"><span class='ocrx_word' id='word_1_546' title='bbox 379 4214 511 4267; x_wconf 87' lang='lat' dir='ltr'><strong>dum</strong></span> <span class='ocrx_word' id='word_1_547' title='bbox 546 4214 640 4266; x_wconf 92' lang='lat' dir='ltr'><strong>tali</strong></span> <span class='ocrx_word' id='word_1_548' title='bbox 669 4214 905 4266; x_wconf 85' lang='lat' dir='ltr'><strong>articulo</strong></span> <span class='ocrx_word' id='word_1_549' title='bbox 938 4213 1042 4268; x_wconf 83' lang='lat' dir='ltr'><strong>sibi</strong></span> <span class='ocrx_word' id='word_1_550' title='bbox 1083 4212 1333 4266; x_wconf 89' lang='lat' dir='ltr'><strong>morbmn</strong></span> <span class='ocrx_word' id='word_1_551' title='bbox 1371 4213 1515 4266; x_wconf 90' lang='lat' dir='ltr'><strong>hunc</strong></span> <span class='ocrx_word' id='word_1_552' title='bbox 1568 4213 1947 4278; x_wconf 75' lang='lat' dir='ltr'><strong>intervenisse,</strong></span> 
     </span>
    </p>
   </div>
   <div class='ocr_carea' id='block_1_71' title="bbox 381 4302 1950 4374">
    <p class='ocr_par' dir='ltr' id='par_1_71' title="bbox 381 4302 1950 4374">
     <span class='ocr_line' id='line_1_71' title="bbox 381 4302 1950 4374; baseline 0.003 -20"><span class='ocrx_word' id='word_1_553' title='bbox 381 4305 507 4374; x_wconf 77' lang='lat' dir='ltr'><strong>plus</strong></span> <span class='ocrx_word' id='word_1_554' title='bbox 538 4303 660 4357; x_wconf 90' lang='lat' dir='ltr'><strong>ideo</strong></span> <span class='ocrx_word' id='word_1_555' title='bbox 693 4304 978 4356; x_wconf 81' lang='lat' dir='ltr'><strong>molestum</strong></span> <span class='ocrx_word' id='word_1_556' title='bbox 1019 4304 1161 4373; x_wconf 88' lang='lat' dir='ltr'><strong>quod</strong></span> <span class='ocrx_word' id='word_1_557' title='bbox 1194 4303 1397 4374; x_wconf 84' lang='lat' dir='ltr'><strong>quibus</strong></span> <span class='ocrx_word' id='word_1_558' title='bbox 1438 4302 1805 4358; x_wconf 85' lang='lat' dir='ltr'><strong>destinaverat</strong></span> <span class='ocrx_word' id='word_1_559' title='bbox 1832 4305 1950 4359; x_wconf 78' lang='lat' dir='ltr'><strong>olli-</strong></span> 
     </span>
    </p>
   </div>
   <div class='ocr_carea' id='block_1_72' title="bbox 379 4395 1952 4467">
    <p class='ocr_par' dir='ltr' id='par_1_72' title="bbox 379 4395 1952 4467">
     <span class='ocr_line' id='line_1_72' title="bbox 379 4395 1952 4467; baseline 0.003 -19"><span class='ocrx_word' id='word_1_560' title='bbox 379 4399 485 4448; x_wconf 88' lang='lat' dir='ltr'><strong>ciis</strong></span> <span class='ocrx_word' id='word_1_561' title='bbox 517 4397 839 4466; x_wconf 85' lang='lat' dir='ltr'><strong>indiciisque</strong></span> <span class='ocrx_word' id='word_1_562' title='bbox 871 4395 1032 4466; x_wconf 73' lang='grc'><strong>530</strong></span> <span class='ocrx_word' id='word_1_563' title='bbox 1058 4398 1172 4450; x_wconf 86' lang='lat' dir='ltr'><strong>veri</strong></span> <span class='ocrx_word' id='word_1_564' title='bbox 1201 4396 1406 4449; x_wconf 89' lang='lat' dir='ltr'><strong>amoris</strong></span> <span class='ocrx_word' id='word_1_565' title='bbox 1435 4399 1688 4466; x_wconf 82' lang='lat' dir='ltr'><strong>excipere</strong></span> <span class='ocrx_word' id='word_1_566' title='bbox 1719 4412 1952 4467; x_wconf 85' lang='lat' dir='ltr'><strong>genero-</strong></span> 
     </span>
    </p>
   </div>
   <div class='ocr_carea' id='block_1_73' title="bbox 379 4488 1946 4557">
    <p class='ocr_par' dir='ltr' id='par_1_73' title="bbox 379 4488 1946 4557">
     <span class='ocr_line' id='line_1_73' title="bbox 379 4488 1946 4557; baseline 0.002 -15"><span class='ocrx_word' id='word_1_567' title='bbox 379 4505 474 4543; x_wconf 91' lang='lat' dir='ltr'><strong>sos</strong></span> <span class='ocrx_word' id='word_1_568' title='bbox 509 4489 692 4543; x_wconf 88' lang='lat' dir='ltr'><strong>socios</strong></span> <span class='ocrx_word' id='word_1_569' title='bbox 731 4503 830 4542; x_wconf 88' lang='lat' dir='ltr'><strong>sua</strong></span> <span class='ocrx_word' id='word_1_570' title='bbox 865 4503 1033 4542; x_wconf 84' lang='lat' dir='ltr'><strong>causa</strong></span> <span class='ocrx_word' id='word_1_571' title='bbox 1065 4498 1174 4542; x_wconf 90' lang='lat' dir='ltr'><strong>tam</strong></span> <span class='ocrx_word' id='word_1_572' title='bbox 1206 4489 1366 4557; x_wconf 88' lang='lat' dir='ltr'><strong>longe</strong></span> <span class='ocrx_word' id='word_1_573' title='bbox 1417 4488 1691 4557; x_wconf 82' lang='lat' dir='ltr'><strong>proiectos</strong></span> <span class='ocrx_word' id='word_1_574' title='bbox 1727 4492 1946 4545; x_wconf 87' lang='lat' dir='ltr'><strong>interim</strong></span> 
     </span>
    </p>
   </div>
   <div class='ocr_carea' id='block_1_74' title="bbox 382 4581 1946 4652">
    <p class='ocr_par' dir='ltr' id='par_1_74' title="bbox 382 4581 1946 4652">
     <span class='ocr_line' id='line_1_74' title="bbox 382 4581 1946 4652; baseline 0.003 -20"><span class='ocrx_word' id='word_1_575' title='bbox 382 4582 783 4650; x_wconf 75' lang='lat' dir='ltr'><strong>prohiberetur.</strong></span> <span class='ocrx_word' id='word_1_576' title='bbox 813 4581 1080 4635; x_wconf 68' lang='lat' dir='ltr'><strong>Caeterum</strong></span> <span class='ocrx_word' id='word_1_577' title='bbox 1111 4596 1334 4650; x_wconf 85' lang='lat' dir='ltr'><strong>sperare</strong></span> <span class='ocrx_word' id='word_1_578' title='bbox 1366 4581 1516 4636; x_wconf 79' lang='lat' dir='ltr'><strong>brevi</strong></span> <span class='ocrx_word' id='word_1_579' title='bbox 1537 4583 1946 4652; x_wconf 82' lang='lat' dir='ltr'><strong>remittendum;</strong></span> 
     </span>
    </p>
   </div>
   <div class='ocr_carea' id='block_1_75' title="bbox 387 4669 1948 4739">
    <p class='ocr_par' dir='ltr' id='par_1_75' title="bbox 387 4669 1948 4739">
     <span class='ocr_line' id='line_1_75' title="bbox 387 4669 1948 4739; baseline -0.001 -14"><span class='ocrx_word' id='word_1_580' title='bbox 387 4673 606 4739; x_wconf 84' lang='lat' dir='ltr'><strong>sibique</strong></span> <span class='ocrx_word' id='word_1_581' title='bbox 636 4670 948 4724; x_wconf 86' lang='lat' dir='ltr'><strong>valetudine</strong></span> <span class='ocrx_word' id='word_1_582' title='bbox 980 4681 1301 4738; x_wconf 86' lang='lat' dir='ltr'><strong>recuperata</strong></span> <span class='ocrx_word' id='word_1_583' title='bbox 1342 4678 1582 4738; x_wconf 88' lang='lat' dir='ltr'><strong>optatam</strong></span> <span class='ocrx_word' id='word_1_584' title='bbox 1618 4686 1738 4724; x_wconf 80' lang='lat' dir='ltr'><strong>mox</strong></span> <span class='ocrx_word' id='word_1_585' title='bbox 1779 4669 1948 4724; x_wconf 78' lang='lat' dir='ltr'><strong>facul-</strong></span> 
     </span>
    </p>
   </div>
   <div class='ocr_carea' id='block_1_76' title="bbox 383 4762 1946 4832">
    <p class='ocr_par' dir='ltr' id='par_1_76' title="bbox 383 4762 1946 4832">
     <span class='ocr_line' id='line_1_76' title="bbox 383 4762 1946 4832; baseline 0.001 -17"><span class='ocrx_word' id='word_1_586' title='bbox 383 4771 550 4816; x_wconf 85' lang='lat' dir='ltr'><strong>tatem</strong></span> <span class='ocrx_word' id='word_1_587' title='bbox 590 4762 757 4816; x_wconf 79' lang='lat' dir='ltr'><strong>aﬂ&#39;ore</strong></span> <span class='ocrx_word' id='word_1_588' title='bbox 801 4771 1008 4832; x_wconf 73' lang='lat' dir='ltr'><strong>gratam</strong></span> <span class='ocrx_word' id='word_1_589' title='bbox 1059 4776 1214 4816; x_wconf 84' lang='lat' dir='ltr'><strong>suam</strong></span> <span class='ocrx_word' id='word_1_590' title='bbox 1249 4776 1375 4830; x_wconf 86' lang='lat' dir='ltr'><strong>erga</strong></span> <span class='ocrx_word' id='word_1_591' title='bbox 1419 4766 1568 4830; x_wconf 87' lang='lat' dir='ltr'><strong>ipsos</strong></span> <span class='ocrx_word' id='word_1_592' title='bbox 1613 4765 1946 4817; x_wconf 89' lang='lat' dir='ltr'><strong>voluntatem</strong></span> 
     </span>
    </p>
   </div>
   <div class='ocr_carea' id='block_1_77' title="bbox 386 4851 1948 4920">
    <p class='ocr_par' dir='ltr' id='par_1_77' title="bbox 386 4851 1948 4920">
     <span class='ocr_line' id='line_1_77' title="bbox 386 4851 1948 4920; baseline 0.001 -15"><span class='ocrx_word' id='word_1_593' title='bbox 386 4852 774 4906; x_wconf 80' lang='lat' dir='ltr'><strong>consentaneis</strong></span> <span class='ocrx_word' id='word_1_594' title='bbox 804 4860 861 4905; x_wconf 89' lang='lat' dir='ltr'><strong>et</strong></span> <span class='ocrx_word' id='word_1_595' title='bbox 905 4853 1098 4904; x_wconf 92' lang='lat' dir='ltr'><strong>merito</strong></span> <span class='ocrx_word' id='word_1_596' title='bbox 1131 4854 1371 4920; x_wconf 87' lang='lat' dir='ltr'><strong>ipsorum</strong></span> <span class='ocrx_word' id='word_1_597' title='bbox 1408 4866 1458 4904; x_wconf 81' lang='lat' dir='ltr'><strong>et</strong></span> <span class='ocrx_word' id='word_1_598' title='bbox 1499 4866 1601 4905; x_wconf 87' lang='lat' dir='ltr'><strong>suo</strong></span> <span class='ocrx_word' id='word_1_599' title='bbox 1635 4853 1817 4906; x_wconf 91' lang='lat' dir='ltr'><strong>studio</strong></span> <span class='ocrx_word' id='word_1_600' title='bbox 1854 4851 1948 4906; x_wconf 90' lang='lat' dir='ltr'><strong>be-</strong></span> 
     </span>
    </p>
   </div>
   <div class='ocr_carea' id='block_1_78' title="bbox 382 4941 1948 5012">
    <p class='ocr_par' dir='ltr' id='par_1_78' title="bbox 382 4941 1948 5012">
     <span class='ocr_line' id='line_1_78' title="bbox 382 4941 1948 5012; baseline 0 -16"><span class='ocrx_word' id='word_1_601' title='bbox 382 4943 592 4997; x_wconf 72' lang='lat' dir='ltr'><strong>neﬁciis</strong></span> <span class='ocrx_word' id='word_1_602' title='bbox 621 4941 998 5010; x_wconf 74' lang='lat' dir='ltr'><strong>expromendi.</strong></span> <span class='ocrx_word' id='word_1_603' title='bbox 1033 4941 1159 4996; x_wconf 71' lang='lat' dir='ltr'><strong>Haec</strong></span> <span class='ocrx_word' id='word_1_604' title='bbox 1180 4957 1248 4998; x_wconf 88' lang='lat' dir='ltr'><strong>eo</strong></span> <span class='ocrx_word' id='word_1_605' title='bbox 1266 4947 1454 5011; x_wconf 84' lang='lat' dir='ltr'><strong>paucis</strong></span> <span class='ocrx_word' id='word_1_606' title='bbox 1484 4951 1538 4995; x_wconf 87' lang='lat' dir='ltr'><strong>et</strong></span> <span class='ocrx_word' id='word_1_607' title='bbox 1569 4957 1711 5012; x_wconf 67' lang='lat' dir='ltr'><strong>aegre</strong></span> <span class='ocrx_word' id='word_1_608' title='bbox 1743 4943 1948 5006; x_wconf 90' lang='lat' dir='ltr'><strong>locuto,</strong></span> 
     </span>
    </p>
   </div>
   <div class='ocr_carea' id='block_1_79' title="bbox 385 5031 1952 5103">
    <p class='ocr_par' dir='ltr' id='par_1_79' title="bbox 385 5031 1952 5103">
     <span class='ocr_line' id='line_1_79' title="bbox 385 5031 1952 5103; baseline 0.001 -15"><span class='ocrx_word' id='word_1_609' title='bbox 385 5031 622 5088; x_wconf 80' lang='lat' dir='ltr'><strong>Tochari</strong></span> <span class='ocrx_word' id='word_1_610' title='bbox 682 5049 795 5103; x_wconf 67' lang='lat' dir='ltr'><strong>piae</strong></span> <span class='ocrx_word' id='word_1_611' title='bbox 839 5050 900 5089; x_wconf 86' lang='lat' dir='ltr'><strong>se</strong></span> <span class='ocrx_word' id='word_1_612' title='bbox 948 5036 1193 5086; x_wconf 91' lang='lat' dir='ltr'><strong>tulerunt</strong></span> <span class='ocrx_word' id='word_1_613' title='bbox 1255 5034 1436 5088; x_wconf 85' lang='lat' dir='ltr'><strong>dolere</strong></span> <span class='ocrx_word' id='word_1_614' title='bbox 1487 5049 1547 5088; x_wconf 89' lang='lat' dir='ltr'><strong>se</strong></span> <span class='ocrx_word' id='word_1_615' title='bbox 1605 5035 1952 5089; x_wconf 87' lang='lat' dir='ltr'><strong>incommodo</strong></span> 
     </span>
    </p>
   </div>
   <div class='ocr_carea' id='block_1_80' title="bbox 385 5127 1948 5197">
    <p class='ocr_par' dir='ltr' id='par_1_80' title="bbox 385 5127 1948 5197">
     <span class='ocr_line' id='line_1_80' title="bbox 385 5127 1948 5197; baseline 0.002 -20"><span class='ocrx_word' id='word_1_616' title='bbox 385 5127 650 5195; x_wconf 69' lang='lat' dir='ltr'><strong>principis</strong></span> <span class='ocrx_word' id='word_1_617' title='bbox 685 5127 868 5192; x_wconf 82' lang='lat' dir='ltr'><strong>amici,</strong></span> <span class='ocrx_word' id='word_1_618' title='bbox 916 5139 1224 5195; x_wconf 86' lang='lat' dir='ltr'><strong>cupercque</strong></span> <span class='ocrx_word' id='word_1_619' title='bbox 1269 5140 1333 5180; x_wconf 86' lang='lat' dir='ltr'><strong>ac</strong></span> <span class='ocrx_word' id='word_1_620' title='bbox 1378 5142 1601 5197; x_wconf 86' lang='lat' dir='ltr'><strong>sperare</strong></span> <span class='ocrx_word' id='word_1_621' title='bbox 1643 5130 1792 5182; x_wconf 86' lang='lat' dir='ltr'><strong>brevi</strong></span> <span class='ocrx_word' id='word_1_622' title='bbox 1826 5142 1948 5183; x_wconf 88' lang='lat' dir='ltr'><strong>eum</strong></span> 
     </span>
    </p>
   </div>
   <div class='ocr_carea' id='block_1_81' title="bbox 384 5221 1952 5295">
    <p class='ocr_par' dir='ltr' id='par_1_81' title="bbox 384 5221 1952 5295">
     <span class='ocr_line' id='line_1_81' title="bbox 384 5221 1952 5295; baseline 0.003 -21"><span class='ocrx_word' id='word_1_623' title='bbox 384 5221 793 5276; x_wconf 81' lang='lat' dir='ltr'><strong>restituendum</strong></span> <span class='ocrx_word' id='word_1_624' title='bbox 829 5222 884 5275; x_wconf 80' lang='lat' dir='ltr'><strong>in</strong></span> <span class='ocrx_word' id='word_1_625' title='bbox 927 5222 1304 5276; x_wconf 83' lang='lat' dir='ltr'><strong>salubritatem</strong></span> <span class='ocrx_word' id='word_1_626' title='bbox 1348 5223 1669 5292; x_wconf 86' lang='lat' dir='ltr'><strong>pristlnam;</strong></span> <span class='ocrx_word' id='word_1_627' title='bbox 1715 5234 1952 5295; x_wconf 82' lang='lat' dir='ltr'><strong>tuncque</strong></span> 
     </span>
    </p>
   </div>
   <div class='ocr_carea' id='block_1_82' title="bbox 385 5313 1952 5387">
    <p class='ocr_par' dir='ltr' id='par_1_82' title="bbox 385 5313 1952 5387">
     <span class='ocr_line' id='line_1_82' title="bbox 385 5313 1952 5387; baseline 0.004 -19"><span class='ocrx_word' id='word_1_628' title='bbox 385 5328 447 5368; x_wconf 88' lang='lat' dir='ltr'><strong>se</strong></span> <span class='ocrx_word' id='word_1_629' title='bbox 481 5313 770 5368; x_wconf 84' lang='lat' dir='ltr'><strong>sinceriorl</strong></span> <span class='ocrx_word' id='word_1_630' title='bbox 803 5321 1157 5383; x_wconf 87' lang='lat' dir='ltr'><strong>percepturos</strong></span> <span class='ocrx_word' id='word_1_631' title='bbox 1197 5315 1396 5383; x_wconf 83' lang='lat' dir='ltr'><strong>gaudio</strong></span> <span class='ocrx_word' id='word_1_632' title='bbox 1429 5316 1699 5384; x_wconf 88' lang='lat' dir='ltr'><strong>promissa</strong></span> <span class='ocrx_word' id='word_1_633' title='bbox 1732 5316 1804 5370; x_wconf 87' lang='lat' dir='ltr'><strong>ab</strong></span> <span class='ocrx_word' id='word_1_634' title='bbox 1832 5317 1952 5387; x_wconf 90' lang='lat' dir='ltr'><strong>ipso</strong></span> 
     </span>
    </p>
   </div>
   <div class='ocr_carea' id='block_1_83' title="bbox 388 5404 1950 5478">
    <p class='ocr_par' dir='ltr' id='par_1_83' title="bbox 388 5404 1950 5478">
     <span class='ocr_line' id='line_1_83' title="bbox 388 5404 1950 5478; baseline 0.002 -17"><span class='ocrx_word' id='word_1_635' title='bbox 388 5405 553 5461; x_wconf 85' lang='lat' dir='ltr'><strong>bona.</strong></span> <span class='ocrx_word' id='word_1_636' title='bbox 586 5405 662 5459; x_wconf 87' lang='lat' dir='ltr'><strong>Ita</strong></span> <span class='ocrx_word' id='word_1_637' title='bbox 698 5406 800 5461; x_wconf 91' lang='lat' dir='ltr'><strong>illi.</strong></span> <span class='ocrx_word' id='word_1_638' title='bbox 829 5404 1096 5461; x_wconf 73' lang='lat' dir='ltr'><strong>Caeterum</strong></span> <span class='ocrx_word' id='word_1_639' title='bbox 1132 5406 1356 5462; x_wconf 88' lang='lat' dir='ltr'><strong>morbus</strong></span> <span class='ocrx_word' id='word_1_640' title='bbox 1390 5409 1517 5462; x_wconf 88' lang='lat' dir='ltr'><strong>inde</strong></span> <span class='ocrx_word' id='word_1_641' title='bbox 1559 5422 1861 5478; x_wconf 76' lang='lat' dir='ltr'><strong>augescens</strong></span> <span class='ocrx_word' id='word_1_642' title='bbox 1902 5409 1950 5464; x_wconf 88' lang='lat' dir='ltr'><strong>vi</strong></span> 
     </span>
    </p>
   </div>
   <div class='ocr_carea' id='block_1_84' title="bbox 386 5499 1952 5570">
    <p class='ocr_par' dir='ltr' id='par_1_84' title="bbox 386 5499 1952 5570">
     <span class='ocr_line' id='line_1_84' title="bbox 386 5499 1952 5570; baseline 0.003 -19"><span class='ocrx_word' id='word_1_643' title='bbox 386 5514 493 5568; x_wconf 87' lang='lat' dir='ltr'><strong>qua</strong></span> <span class='ocrx_word' id='word_1_644' title='bbox 530 5501 883 5566; x_wconf 81' lang='lat' dir='ltr'><strong>grassabatur</strong></span> <span class='ocrx_word' id='word_1_645' title='bbox 919 5514 1084 5562; x_wconf 66' lang='lat' dir='ltr'><strong>saeva,</strong></span> <span class='ocrx_word' id='word_1_646' title='bbox 1122 5499 1266 5554; x_wconf 88' lang='lat' dir='ltr'><strong>haud</strong></span> <span class='ocrx_word' id='word_1_647' title='bbox 1295 5503 1530 5554; x_wconf 88' lang='lat' dir='ltr'><strong>obscure</strong></span> <span class='ocrx_word' id='word_1_648' title='bbox 1557 5502 1864 5570; x_wconf 83' lang='lat' dir='ltr'><strong>Augustum</strong></span> <span class='ocrx_word' id='word_1_649' title='bbox 1898 5503 1952 5556; x_wconf 93' lang='lat' dir='ltr'><strong>in</strong></span> 
     </span>
    </p>
   </div>
   <div class='ocr_carea' id='block_1_85' title="bbox 388 5591 1950 5662">
    <p class='ocr_par' dir='ltr' id='par_1_85' title="bbox 388 5591 1950 5662">
     <span class='ocr_line' id='line_1_85' title="bbox 388 5591 1950 5662; baseline 0.001 -18"><span class='ocrx_word' id='word_1_650' title='bbox 388 5591 666 5644; x_wconf 87' lang='lat' dir='ltr'><strong>interitum</strong></span> <span class='ocrx_word' id='word_1_651' title='bbox 699 5592 946 5662; x_wconf 75' lang='lat' dir='ltr'><strong>urgebat,</strong></span> <span class='ocrx_word' id='word_1_652' title='bbox 983 5591 1271 5660; x_wconf 79' lang='lat' dir='ltr'><strong>adiuitque</strong></span> <span class='ocrx_word' id='word_1_653' title='bbox 1296 5607 1403 5646; x_wconf 92' lang='lat' dir='ltr'><strong>non</strong></span> <span class='ocrx_word' id='word_1_654' title='bbox 1435 5593 1607 5645; x_wconf 91' lang='lat' dir='ltr'><strong>multo</strong></span> <span class='ocrx_word' id='word_1_655' title='bbox 1637 5600 1760 5659; x_wconf 79' lang='lat' dir='ltr'><strong>pust</strong></span> <span class='ocrx_word' id='word_1_656' title='bbox 1787 5593 1950 5646; x_wconf 86' lang='lat' dir='ltr'><strong>mini-</strong></span> 
     </span>
    </p>
   </div>
   <div class='ocr_carea' id='block_1_86' title="bbox 387 5685 1950 5756">
    <p class='ocr_par' dir='ltr' id='par_1_86' title="bbox 387 5685 1950 5756">
     <span class='ocr_line' id='line_1_86' title="bbox 387 5685 1950 5756; baseline 0.001 -19"><span class='ocrx_word' id='word_1_657' title='bbox 387 5700 476 5738; x_wconf 88' lang='lat' dir='ltr'><strong>me</strong></span> <span class='ocrx_word' id='word_1_658' title='bbox 528 5686 708 5740; x_wconf 79' lang='lat' dir='ltr'><strong>dubiis</strong></span> <span class='ocrx_word' id='word_1_659' title='bbox 759 5689 1104 5756; x_wconf 78' lang='lat' dir='ltr'><strong>agnoscenda</strong></span> <span class='ocrx_word' id='word_1_660' title='bbox 1151 5685 1370 5740; x_wconf 86' lang='lat' dir='ltr'><strong>indiciis</strong></span> <span class='ocrx_word' id='word_1_661' title='bbox 1429 5699 1682 5754; x_wconf 84' lang='lat' dir='ltr'><strong>suprema</strong></span> <span class='ocrx_word' id='word_1_662' title='bbox 1745 5695 1950 5755; x_wconf 70' lang='lat' dir='ltr'><strong>:cgroto</strong></span> 
     </span>
    </p>
   </div>
   <div class='ocr_carea' id='block_1_87' title="bbox 387 5775 1950 5844">
    <p class='ocr_par' dir='ltr' id='par_1_87' title="bbox 387 5775 1950 5844">
     <span class='ocr_line' id='line_1_87' title="bbox 387 5775 1950 5844; baseline -0.001 -16"><span class='ocrx_word' id='word_1_663' title='bbox 387 5775 526 5840; x_wconf 77' lang='lat' dir='ltr'><strong>dies,</strong></span> <span class='ocrx_word' id='word_1_664' title='bbox 559 5778 781 5844; x_wconf 61' lang='lat' dir='ltr'><strong>quando</strong></span> <span class='ocrx_word' id='word_1_665' title='bbox 811 5779 1036 5832; x_wconf 85' lang='lat' dir='ltr'><strong>medicis</strong></span> <span class='ocrx_word' id='word_1_666' title='bbox 1066 5775 1202 5831; x_wconf 88' lang='lat' dir='ltr'><strong>nihil</strong></span> <span class='ocrx_word' id='word_1_667' title='bbox 1255 5775 1444 5830; x_wconf 84' lang='lat' dir='ltr'><strong>mitius</strong></span> <span class='ocrx_word' id='word_1_668' title='bbox 1471 5791 1634 5844; x_wconf 85' lang='lat' dir='ltr'><strong>quam</strong></span> <span class='ocrx_word' id='word_1_669' title='bbox 1679 5786 1950 5829; x_wconf 86' lang='lat' dir='ltr'><strong>maturum</strong></span> 
     </span>
    </p>
   </div>
   <div class='ocr_carea' id='block_1_88' title="bbox 388 5869 1954 5932">
    <p class='ocr_par' dir='ltr' id='par_1_88' title="bbox 388 5869 1954 5932">
     <span class='ocr_line' id='line_1_88' title="bbox 388 5869 1954 5932; baseline 0.001 -12"><span class='ocrx_word' id='word_1_670' title='bbox 388 5872 765 5926; x_wconf 74' lang='lat' dir='ltr'><strong>decumbentis</strong></span> <span class='ocrx_word' id='word_1_671' title='bbox 816 5871 1025 5924; x_wconf 72' lang='lat' dir='ltr'><strong>obitum</strong></span> <span class='ocrx_word' id='word_1_672' title='bbox 1074 5874 1250 5926; x_wconf 83' lang='lat' dir='ltr'><strong>Da&#39;ant</strong></span> <span class='ocrx_word' id='word_1_673' title='bbox 1283 5869 1674 5932; x_wconf 65' lang='lat' dir='ltr'><strong>outrinanttbns,</strong></span> <span class='ocrx_word' id='word_1_674' title='bbox 1708 5872 1954 5921; x_wconf 80' lang='lat' dir='ltr'><strong>actuario</strong></span> 
     </span>
    </p>
   </div>
   <div class='ocr_carea' id='block_1_89' title="bbox 2052 3294 3620 3368">
    <p class='ocr_par' dir='ltr' id='par_1_89' title="bbox 2052 3294 3620 3368">
     <span class='ocr_line' id='line_1_89' title="bbox 2052 3294 3620 3368; baseline 0.002 -18"><span class='ocrx_word' id='word_1_675' title='bbox 2052 3294 2336 3350; x_wconf 88' lang='lat' dir='ltr'><strong>Cabasilas</strong></span> <span class='ocrx_word' id='word_1_676' title='bbox 2367 3294 2613 3364; x_wconf 79' lang='lat' dir='ltr'><strong>religioni</strong></span> <span class='ocrx_word' id='word_1_677' title='bbox 2669 3297 2866 3350; x_wconf 89' lang='lat' dir='ltr'><strong>merito</strong></span> <span class='ocrx_word' id='word_1_678' title='bbox 2913 3297 3144 3351; x_wconf 85' lang='lat' dir='ltr'><strong>ducebat</strong></span> <span class='ocrx_word' id='word_1_679' title='bbox 3173 3300 3252 3351; x_wconf 87' lang='lat' dir='ltr'><strong>sic</strong></span> <span class='ocrx_word' id='word_1_680' title='bbox 3291 3300 3620 3368; x_wconf 87' lang='lat' dir='ltr'><strong>imparatum</strong></span> 
     </span>
    </p>
   </div>
   <div class='ocr_carea' id='block_1_90' title="bbox 2052 3387 3624 3458">
    <p class='ocr_par' dir='ltr' id='par_1_90' title="bbox 2052 3387 3624 3458">
     <span class='ocr_line' id='line_1_90' title="bbox 2052 3387 3624 3458; baseline 0.004 -17"><span class='ocrx_word' id='word_1_681' title='bbox 2052 3403 2118 3444; x_wconf 78' lang='lat' dir='ltr'><strong>ex</strong></span> <span class='ocrx_word' id='word_1_682' title='bbox 2153 3387 2260 3440; x_wconf 84' lang='lat' dir='ltr'><strong>vita</strong></span> <span class='ocrx_word' id='word_1_683' title='bbox 2308 3387 2574 3441; x_wconf 78' lang='lat' dir='ltr'><strong>excedere</strong></span> <span class='ocrx_word' id='word_1_684' title='bbox 2619 3387 2923 3458; x_wconf 84' lang='lat' dir='ltr'><strong>Augustum</strong></span> <span class='ocrx_word' id='word_1_685' title='bbox 2974 3389 3176 3444; x_wconf 86' lang='lat' dir='ltr'><strong>sinere.</strong></span> <span class='ocrx_word' id='word_1_686' title='bbox 3210 3388 3389 3456; x_wconf 88' lang='lat' dir='ltr'><strong>Quare</strong></span> <span class='ocrx_word' id='word_1_687' title='bbox 3431 3393 3624 3448; x_wconf 77' lang='grc' dir='ltr'>ιΙι-[ιιη-</span> 
     </span>
    </p>
   </div>
   <div class='ocr_carea' id='block_1_91' title="bbox 2052 3470 3620 3550">
    <p class='ocr_par' dir='ltr' id='par_1_91' title="bbox 2052 3470 3620 3550">
     <span class='ocr_line' id='line_1_91' title="bbox 2052 3470 3620 3550; baseline 0.004 -18"><span class='ocrx_word' id='word_1_688' title='bbox 2052 3488 2271 3533; x_wconf 89' lang='lat' dir='ltr'><strong>cturum</strong></span> <span class='ocrx_word' id='word_1_689' title='bbox 2325 3470 2433 3532; x_wconf 78' lang='grc' dir='ltr'><strong>ἱεῖο</strong></span> <span class='ocrx_word' id='word_1_690' title='bbox 2485 3493 2543 3533; x_wconf 90' lang='lat' dir='ltr'><strong>se</strong></span> <span class='ocrx_word' id='word_1_691' title='bbox 2586 3494 2712 3547; x_wconf 87' lang='lat' dir='ltr'><strong>erga</strong></span> <span class='ocrx_word' id='word_1_692' title='bbox 2763 3479 2910 3532; x_wconf 92' lang='lat' dir='ltr'><strong>illum</strong></span> <span class='ocrx_word' id='word_1_693' title='bbox 2946 3479 3122 3534; x_wconf 79' lang='lat' dir='ltr'><strong>oliicio</strong></span> <span class='ocrx_word' id='word_1_694' title='bbox 3159 3484 3390 3550; x_wconf 78' lang='lat' dir='ltr'><strong>putavit,</strong></span> <span class='ocrx_word' id='word_1_695' title='bbox 3425 3485 3470 3537; x_wconf 90' lang='lat' dir='ltr'><strong>si</strong></span> <span class='ocrx_word' id='word_1_696' title='bbox 3510 3487 3620 3538; x_wconf 84' lang='lat' dir='ltr'><strong>lilio</strong></span> 
     </span>
    </p>
   </div>
   <div class='ocr_carea' id='block_1_92' title="bbox 2054 3569 3626 3640">
    <p class='ocr_par' dir='ltr' id='par_1_92' title="bbox 2054 3569 3626 3640">
     <span class='ocr_line' id='line_1_92' title="bbox 2054 3569 3626 3640; baseline 0.002 -15"><span class='ocrx_word' id='word_1_697' title='bbox 2054 3571 2478 3640; x_wconf 68' lang='lat' dir='ltr'><strong>successorique</strong></span> <span class='ocrx_word' id='word_1_698' title='bbox 2509 3569 2629 3639; x_wconf 87' lang='lat' dir='ltr'><strong>ejus</strong></span> <span class='ocrx_word' id='word_1_699' title='bbox 2662 3569 2976 3626; x_wconf 73' lang='lat' dir='ltr'><strong>Andronico</strong></span> <span class='ocrx_word' id='word_1_700' title='bbox 3007 3573 3300 3628; x_wconf 87' lang='lat' dir='ltr'><strong>discrimen</strong></span> <span class='ocrx_word' id='word_1_701' title='bbox 3332 3575 3626 3630; x_wconf 83' lang='lat' dir='ltr'><strong>denuntia-</strong></span> 
     </span>
    </p>
   </div>
   <div class='ocr_carea' id='block_1_93' title="bbox 2054 3662 3623 3734">
    <p class='ocr_par' dir='ltr' id='par_1_93' title="bbox 2054 3662 3623 3734">
     <span class='ocr_line' id='line_1_93' title="bbox 2054 3662 3623 3734; baseline 0.004 -17"><span class='ocrx_word' id='word_1_702' title='bbox 2054 3673 2137 3718; x_wconf 88' lang='lat' dir='ltr'><strong>ret</strong></span> <span class='ocrx_word' id='word_1_703' title='bbox 2170 3662 2336 3731; x_wconf 85' lang='lat' dir='ltr'><strong>patris</strong></span> <span class='ocrx_word' id='word_1_704' title='bbox 2369 3671 2693 3726; x_wconf 66' lang='lat' dir='ltr'><strong>estreulnm,</strong></span> <span class='ocrx_word' id='word_1_705' title='bbox 2735 3663 2881 3734; x_wconf 87' lang='lat' dir='ltr'><strong>quod</strong></span> <span class='ocrx_word' id='word_1_706' title='bbox 2934 3673 2987 3717; x_wconf 86' lang='lat' dir='ltr'><strong>et</strong></span> <span class='ocrx_word' id='word_1_707' title='bbox 3033 3668 3220 3720; x_wconf 84' lang='lat' dir='ltr'><strong>statim</strong></span> <span class='ocrx_word' id='word_1_708' title='bbox 3249 3667 3394 3722; x_wconf 84' lang='lat' dir='ltr'><strong>fecit.</strong></span> <span class='ocrx_word' id='word_1_709' title='bbox 3425 3669 3623 3724; x_wconf 78' lang='lat' dir='ltr'><strong>Verum</strong></span> 
     </span>
    </p>
   </div>
   <div class='ocr_carea' id='block_1_94' title="bbox 2053 3755 3628 3829">
    <p class='ocr_par' dir='ltr' id='par_1_94' title="bbox 2053 3755 3628 3829">
     <span class='ocr_line' id='line_1_94' title="bbox 2053 3755 3628 3829; baseline 0.002 -18"><span class='ocrx_word' id='word_1_710' title='bbox 2053 3773 2123 3811; x_wconf 92' lang='lat' dir='ltr'><strong>ne</strong></span> <span class='ocrx_word' id='word_1_711' title='bbox 2155 3755 2504 3810; x_wconf 84' lang='lat' dir='ltr'><strong>Andronicus</strong></span> <span class='ocrx_word' id='word_1_712' title='bbox 2537 3757 2758 3825; x_wconf 83' lang='lat' dir='ltr'><strong>quidem</strong></span> <span class='ocrx_word' id='word_1_713' title='bbox 2811 3772 2977 3812; x_wconf 87' lang='lat' dir='ltr'><strong>ausus</strong></span> <span class='ocrx_word' id='word_1_714' title='bbox 3019 3767 3104 3812; x_wconf 87' lang='lat' dir='ltr'><strong>est</strong></span> <span class='ocrx_word' id='word_1_715' title='bbox 3143 3768 3248 3812; x_wconf 92' lang='lat' dir='ltr'><strong>tam</strong></span> <span class='ocrx_word' id='word_1_716' title='bbox 3286 3761 3496 3813; x_wconf 88' lang='lat' dir='ltr'><strong>tristem</strong></span> <span class='ocrx_word' id='word_1_717' title='bbox 3535 3779 3628 3829; x_wconf 83' lang='lat' dir='ltr'><strong>pa-</strong></span> 
     </span>
    </p>
   </div>
   <div class='ocr_carea' id='block_1_95' title="bbox 2054 3847 3625 3922">
    <p class='ocr_par' dir='ltr' id='par_1_95' title="bbox 2054 3847 3625 3922">
     <span class='ocr_line' id='line_1_95' title="bbox 2054 3847 3625 3922; baseline 0.003 -19"><span class='ocrx_word' id='word_1_718' title='bbox 2054 3851 2194 3905; x_wconf 89' lang='lat' dir='ltr'><strong>renti</strong></span> <span class='ocrx_word' id='word_1_719' title='bbox 2228 3847 2420 3901; x_wconf 80' lang='lat' dir='ltr'><strong>aﬂ‘erre</strong></span> <span class='ocrx_word' id='word_1_720' title='bbox 2479 3849 2752 3904; x_wconf 90' lang='lat' dir='ltr'><strong>nuntium.</strong></span> <span class='ocrx_word' id='word_1_721' title='bbox 2799 3847 3003 3902; x_wconf 89' lang='lat' dir='ltr'><strong>Tamen</strong></span> <span class='ocrx_word' id='word_1_722' title='bbox 3051 3849 3251 3920; x_wconf 89' lang='lat' dir='ltr'><strong>aliquid</strong></span> <span class='ocrx_word' id='word_1_723' title='bbox 3293 3855 3625 3922; x_wconf 79' lang='lat' dir='ltr'><strong>excogimrit</strong></span> 
     </span>
    </p>
   </div>
   <div class='ocr_carea' id='block_1_96' title="bbox 2055 3941 3620 4012">
    <p class='ocr_par' dir='ltr' id='par_1_96' title="bbox 2055 3941 3620 4012">
     <span class='ocr_line' id='line_1_96' title="bbox 2055 3941 3620 4012; baseline 0.005 -19"><span class='ocrx_word' id='word_1_724' title='bbox 2055 3956 2166 4009; x_wconf 90' lang='lat' dir='ltr'><strong>quo</strong></span> <span class='ocrx_word' id='word_1_725' title='bbox 2223 3955 2381 3994; x_wconf 89' lang='lat' dir='ltr'><strong>suum</strong></span> <span class='ocrx_word' id='word_1_726' title='bbox 2430 3949 2726 4009; x_wconf 88' lang='lat' dir='ltr'><strong>utcumque</strong></span> <span class='ocrx_word' id='word_1_727' title='bbox 2775 3941 3056 3994; x_wconf 90' lang='lat' dir='ltr'><strong>silentium</strong></span> <span class='ocrx_word' id='word_1_728' title='bbox 3105 3943 3401 4012; x_wconf 84' lang='lat' dir='ltr'><strong>suppleret.</strong></span> <span class='ocrx_word' id='word_1_729' title='bbox 3453 3945 3620 4001; x_wconf 68' lang='lat' dir='ltr'><strong>Jusut</strong></span> 
     </span>
    </p>
   </div>
   <div class='ocr_carea' id='block_1_97' title="bbox 2055 4031 3625 4100">
    <p class='ocr_par' dir='ltr' id='par_1_97' title="bbox 2055 4031 3625 4100">
     <span class='ocr_line' id='line_1_97' title="bbox 2055 4031 3625 4100; baseline 0.004 -14"><span class='ocrx_word' id='word_1_730' title='bbox 2055 4032 2267 4088; x_wconf 88' lang='lat' dir='ltr'><strong>scilicet</strong></span> <span class='ocrx_word' id='word_1_731' title='bbox 2324 4031 2444 4100; x_wconf 82' lang='lat' dir='ltr'><strong>ejus</strong></span> <span class='ocrx_word' id='word_1_732' title='bbox 2487 4031 2668 4088; x_wconf 88' lang='lat' dir='ltr'><strong>subito</strong></span> <span class='ocrx_word' id='word_1_733' title='bbox 2721 4043 3045 4099; x_wconf 86' lang='lat' dir='ltr'><strong>promuntur</strong></span> <span class='ocrx_word' id='word_1_734' title='bbox 3091 4033 3388 4090; x_wconf 72' lang='lat' dir='ltr'><strong>Dominicze</strong></span> <span class='ocrx_word' id='word_1_735' title='bbox 3432 4041 3625 4093; x_wconf 80' lang='lat' dir='ltr'><strong>mortis</strong></span> 
     </span>
    </p>
   </div>
   <div class='ocr_carea' id='block_1_98' title="bbox 2056 4121 3622 4194">
    <p class='ocr_par' dir='ltr' id='par_1_98' title="bbox 2056 4121 3622 4194">
     <span class='ocr_line' id='line_1_98' title="bbox 2056 4121 3622 4194; baseline 0.002 -17"><span class='ocrx_word' id='word_1_736' title='bbox 2056 4122 2324 4193; x_wconf 84' lang='lat' dir='ltr'><strong>symbola,</strong></span> <span class='ocrx_word' id='word_1_737' title='bbox 2350 4137 2472 4191; x_wconf 66' lang='lat' dir='ltr'><strong>quae</strong></span> <span class='ocrx_word' id='word_1_738' title='bbox 2495 4121 2750 4178; x_wconf 87' lang='lat' dir='ltr'><strong>sacerdos</strong></span> <span class='ocrx_word' id='word_1_739' title='bbox 2773 4121 2901 4177; x_wconf 87' lang='lat' dir='ltr'><strong>cleri</strong></span> <span class='ocrx_word' id='word_1_740' title='bbox 2929 4124 3150 4192; x_wconf 87' lang='lat' dir='ltr'><strong>palatini</strong></span> <span class='ocrx_word' id='word_1_741' title='bbox 3178 4128 3622 4194; x_wconf 67' lang='lat' dir='ltr'><strong>venerabundus,</strong></span> 
     </span>
    </p>
   </div>
   <div class='ocr_carea' id='block_1_99' title="bbox 2055 4217 3625 4290">
    <p class='ocr_par' dir='ltr' id='par_1_99' title="bbox 2055 4217 3625 4290">
     <span class='ocr_line' id='line_1_99' title="bbox 2055 4217 3625 4290; baseline 0.005 -22"><span class='ocrx_word' id='word_1_742' title='bbox 2055 4230 2164 4284; x_wconf 90' lang='lat' dir='ltr'><strong>quo</strong></span> <span class='ocrx_word' id='word_1_743' title='bbox 2199 4230 2296 4283; x_wconf 79' lang='lat' dir='ltr'><strong>par</strong></span> <span class='ocrx_word' id='word_1_744' title='bbox 2323 4225 2441 4269; x_wconf 85' lang='lat' dir='ltr'><strong>erat</strong></span> <span class='ocrx_word' id='word_1_745' title='bbox 2477 4223 2675 4269; x_wconf 89' lang='lat' dir='ltr'><strong>ornatu</strong></span> <span class='ocrx_word' id='word_1_746' title='bbox 2711 4217 3009 4285; x_wconf 82' lang='lat' dir='ltr'><strong>accipiens,</strong></span> <span class='ocrx_word' id='word_1_747' title='bbox 3047 4217 3343 4286; x_wconf 82' lang='lat' dir='ltr'><strong>improviso</strong></span> <span class='ocrx_word' id='word_1_748' title='bbox 3395 4237 3625 4290; x_wconf 79' lang='lat' dir='ltr'><strong>prorsus</strong></span> 
     </span>
    </p>
   </div>
   <div class='ocr_carea' id='block_1_100' title="bbox 2054 4305 3620 4378">
    <p class='ocr_par' dir='ltr' id='par_1_100' title="bbox 2054 4305 3620 4378">
     <span class='ocr_line' id='line_1_100' title="bbox 2054 4305 3620 4378; baseline 0.006 -18"><span class='ocrx_word' id='word_1_749' title='bbox 2054 4308 2120 4362; x_wconf 90' lang='lat' dir='ltr'><strong>ad</strong></span> <span class='ocrx_word' id='word_1_750' title='bbox 2143 4305 2298 4378; x_wconf 75' lang='lat'><strong>531</strong></span> <span class='ocrx_word' id='word_1_751' title='bbox 2322 4306 2454 4361; x_wconf 90' lang='lat' dir='ltr'><strong>nihil</strong></span> <span class='ocrx_word' id='word_1_752' title='bbox 2483 4306 2662 4363; x_wconf 89' lang='lat' dir='ltr'><strong>minus</strong></span> <span class='ocrx_word' id='word_1_753' title='bbox 2690 4311 3012 4377; x_wconf 84' lang='lat' dir='ltr'><strong>cogitantem</strong></span> <span class='ocrx_word' id='word_1_754' title='bbox 3033 4311 3335 4378; x_wconf 81' lang='lat' dir='ltr'><strong>Angustum</strong></span> <span class='ocrx_word' id='word_1_755' title='bbox 3361 4317 3620 4370; x_wconf 75' lang='lat' dir='ltr'><strong>acceSsit.</strong></span> 
     </span>
    </p>
   </div>
   <div class='ocr_carea' id='block_1_101' title="bbox 2054 4398 3618 4474">
    <p class='ocr_par' dir='ltr' id='par_1_101' title="bbox 2054 4398 3618 4474">
     <span class='ocr_line' id='line_1_101' title="bbox 2054 4398 3618 4474; baseline 0.004 -21"><span class='ocrx_word' id='word_1_756' title='bbox 2054 4398 2184 4454; x_wconf 84' lang='lat' dir='ltr'><strong>Erat</strong></span> <span class='ocrx_word' id='word_1_757' title='bbox 2233 4414 2381 4469; x_wconf 66' lang='lat' dir='ltr'><strong>aeger</strong></span> <span class='ocrx_word' id='word_1_758' title='bbox 2431 4409 2558 4453; x_wconf 91' lang='lat' dir='ltr'><strong>tunc</strong></span> <span class='ocrx_word' id='word_1_759' title='bbox 2609 4401 2745 4456; x_wconf 77' lang='lat' dir='ltr'><strong>forte</strong></span> <span class='ocrx_word' id='word_1_760' title='bbox 2777 4401 2924 4453; x_wconf 88' lang='lat' dir='ltr'><strong>vultu</strong></span> <span class='ocrx_word' id='word_1_761' title='bbox 2965 4403 3030 4455; x_wconf 87' lang='lat' dir='ltr'><strong>ad</strong></span> <span class='ocrx_word' id='word_1_762' title='bbox 3077 4405 3338 4471; x_wconf 86' lang='lat' dir='ltr'><strong>parietem</strong></span> <span class='ocrx_word' id='word_1_763' title='bbox 3401 4422 3618 4474; x_wconf 80' lang='lat' dir='ltr'><strong>averso,</strong></span> 
     </span>
    </p>
   </div>
   <div class='ocr_carea' id='block_1_102' title="bbox 2055 4490 3621 4568">
    <p class='ocr_par' dir='ltr' id='par_1_102' title="bbox 2055 4490 3621 4568">
     <span class='ocr_line' id='line_1_102' title="bbox 2055 4490 3621 4568; baseline 0.008 -25"><span class='ocrx_word' id='word_1_764' title='bbox 2055 4493 2204 4548; x_wconf 86' lang='lat' dir='ltr'><strong>curis</strong></span> <span class='ocrx_word' id='word_1_765' title='bbox 2237 4501 2296 4546; x_wconf 88' lang='lat' dir='ltr'><strong>ut</strong></span> <span class='ocrx_word' id='word_1_766' title='bbox 2333 4493 2630 4562; x_wconf 88' lang='lat' dir='ltr'><strong>apparebat</strong></span> <span class='ocrx_word' id='word_1_767' title='bbox 2665 4490 3028 4547; x_wconf 84' lang='lat' dir='ltr'><strong>fatuiliaribus</strong></span> <span class='ocrx_word' id='word_1_768' title='bbox 3081 4497 3355 4556; x_wconf 87' lang='lat' dir='ltr'><strong>intentus:</strong></span> <span class='ocrx_word' id='word_1_769' title='bbox 3405 4501 3621 4568; x_wconf 84' lang='lat' dir='ltr'><strong>vigebat</strong></span> 
     </span>
    </p>
   </div>
   <div class='ocr_carea' id='block_1_103' title="bbox 1983 4574 3623 4656">
    <p class='ocr_par' dir='ltr' id='par_1_103' title="bbox 1983 4574 3623 4656">
     <span class='ocr_line' id='line_1_103' title="bbox 1983 4574 3623 4656; baseline 0.007 -19"><span class='ocrx_word' id='word_1_770' title='bbox 1983 4574 2025 4628; x_wconf 75' lang='grc' dir='ltr'><strong>θ</strong></span> <span class='ocrx_word' id='word_1_771' title='bbox 2050 4585 2198 4638; x_wconf 89' lang='lat' dir='ltr'><strong>enim</strong></span> <span class='ocrx_word' id='word_1_772' title='bbox 2228 4585 2433 4646; x_wconf 91' lang='lat' dir='ltr'><strong>animo,</strong></span> <span class='ocrx_word' id='word_1_773' title='bbox 2461 4600 2560 4638; x_wconf 90' lang='lat' dir='ltr'><strong>nec</strong></span> <span class='ocrx_word' id='word_1_774' title='bbox 2590 4585 2953 4652; x_wconf 84' lang='lat' dir='ltr'><strong>dejudicandi</strong></span> <span class='ocrx_word' id='word_1_775' title='bbox 2985 4588 3104 4656; x_wconf 86' lang='lat' dir='ltr'><strong>ejus</strong></span> <span class='ocrx_word' id='word_1_776' title='bbox 3130 4598 3225 4644; x_wconf 85' lang='lat' dir='ltr'><strong>aut</strong></span> <span class='ocrx_word' id='word_1_777' title='bbox 3248 4593 3623 4648; x_wconf 79' lang='lat' dir='ltr'><strong>ratiocinandi</strong></span> 
     </span>
    </p>
   </div>
   <div class='ocr_carea' id='block_1_104' title="bbox 2054 4677 3623 4748">
    <p class='ocr_par' dir='ltr' id='par_1_104' title="bbox 2054 4677 3623 4748">
     <span class='ocr_line' id='line_1_104' title="bbox 2054 4677 3623 4748; baseline 0.007 -17"><span class='ocrx_word' id='word_1_778' title='bbox 2054 4677 2240 4732; x_wconf 88' lang='lat' dir='ltr'><strong>solerti</strong></span> <span class='ocrx_word' id='word_1_779' title='bbox 2299 4678 2600 4732; x_wconf 90' lang='lat' dir='ltr'><strong>acrimonia</strong></span> <span class='ocrx_word' id='word_1_780' title='bbox 2644 4679 2941 4748; x_wconf 83' lang='lat' dir='ltr'><strong>quidquam</strong></span> <span class='ocrx_word' id='word_1_781' title='bbox 2978 4681 3202 4736; x_wconf 89' lang='lat' dir='ltr'><strong>morbus</strong></span> <span class='ocrx_word' id='word_1_782' title='bbox 3250 4685 3623 4742; x_wconf 63' lang='lat' dir='ltr'><strong>imminuerat.</strong></span> 
     </span>
    </p>
   </div>
   <div class='ocr_carea' id='block_1_105' title="bbox 2055 4768 3621 4846">
    <p class='ocr_par' dir='ltr' id='par_1_105' title="bbox 2055 4768 3621 4846">
     <span class='ocr_line' id='line_1_105' title="bbox 2055 4768 3621 4846; baseline 0.006 -22"><span class='ocrx_word' id='word_1_783' title='bbox 2055 4768 2249 4824; x_wconf 86' lang='lat' dir='ltr'><strong>Stabat</strong></span> <span class='ocrx_word' id='word_1_784' title='bbox 2300 4771 2468 4842; x_wconf 88' lang='lat' dir='ltr'><strong>igitur</strong></span> <span class='ocrx_word' id='word_1_785' title='bbox 2517 4771 2571 4824; x_wconf 92' lang='lat' dir='ltr'><strong>in</strong></span> <span class='ocrx_word' id='word_1_786' title='bbox 2627 4775 2900 4826; x_wconf 82' lang='lat' dir='ltr'><strong>contraria</strong></span> <span class='ocrx_word' id='word_1_787' title='bbox 2934 4785 3082 4842; x_wconf 89' lang='lat' dir='ltr'><strong>parte</strong></span> <span class='ocrx_word' id='word_1_788' title='bbox 3131 4778 3414 4846; x_wconf 81' lang='lat' dir='ltr'><strong>presbyter</strong></span> <span class='ocrx_word' id='word_1_789' title='bbox 3464 4794 3621 4834; x_wconf 83' lang='lat' dir='ltr'><strong>sacra</strong></span> 
     </span>
    </p>
   </div>
   <div class='ocr_carea' id='block_1_106' title="bbox 2053 4861 3622 4938">
    <p class='ocr_par' dir='ltr' id='par_1_106' title="bbox 2053 4861 3622 4938">
     <span class='ocr_line' id='line_1_106' title="bbox 2053 4861 3622 4938; baseline 0.006 -22"><span class='ocrx_word' id='word_1_790' title='bbox 2053 4861 2195 4916; x_wconf 85' lang='lat' dir='ltr'><strong>dona</strong></span> <span class='ocrx_word' id='word_1_791' title='bbox 2237 4879 2400 4918; x_wconf 88' lang='lat' dir='ltr'><strong>manu</strong></span> <span class='ocrx_word' id='word_1_792' title='bbox 2451 4865 2748 4928; x_wconf 88' lang='lat' dir='ltr'><strong>sustinens,</strong></span> <span class='ocrx_word' id='word_1_793' title='bbox 2780 4875 2833 4920; x_wconf 93' lang='lat' dir='ltr'><strong>et</strong></span> <span class='ocrx_word' id='word_1_794' title='bbox 2869 4870 2994 4920; x_wconf 92' lang='lat' dir='ltr'><strong>dum</strong></span> <span class='ocrx_word' id='word_1_795' title='bbox 3027 4868 3117 4922; x_wconf 89' lang='lat' dir='ltr'><strong>ille</strong></span> <span class='ocrx_word' id='word_1_796' title='bbox 3145 4883 3204 4922; x_wconf 88' lang='lat' dir='ltr'><strong>se</strong></span> <span class='ocrx_word' id='word_1_797' title='bbox 3249 4881 3442 4938; x_wconf 85' lang='lat' dir='ltr'><strong>sponte</strong></span> <span class='ocrx_word' id='word_1_798' title='bbox 3486 4886 3622 4927; x_wconf 82' lang='lat' dir='ltr'><strong>con-</strong></span> 
     </span>
    </p>
   </div>
   <div class='ocr_carea' id='block_1_107' title="bbox 2055 4957 3620 5031">
    <p class='ocr_par' dir='ltr' id='par_1_107' title="bbox 2055 4957 3620 5031">
     <span class='ocr_line' id='line_1_107' title="bbox 2055 4957 3620 5031; baseline 0.007 -23"><span class='ocrx_word' id='word_1_799' title='bbox 2055 4965 2313 5021; x_wconf 86' lang='lat' dir='ltr'><strong>verteret,</strong></span> <span class='ocrx_word' id='word_1_800' title='bbox 2366 4965 2450 5012; x_wconf 87' lang='lat' dir='ltr'><strong>sat</strong></span> <span class='ocrx_word' id='word_1_801' title='bbox 2497 4957 2658 5028; x_wconf 87' lang='lat' dir='ltr'><strong>longo</strong></span> <span class='ocrx_word' id='word_1_802' title='bbox 2708 4966 2952 5027; x_wconf 85' lang='lat' dir='ltr'><strong>tempore</strong></span> <span class='ocrx_word' id='word_1_803' title='bbox 2997 4961 3217 5014; x_wconf 82' lang='lat' dir='ltr'><strong>silentio</strong></span> <span class='ocrx_word' id='word_1_804' title='bbox 3272 4973 3620 5031; x_wconf 77' lang='lat' dir='ltr'><strong>exspectans.</strong></span> 
     </span>
    </p>
   </div>
   <div class='ocr_carea' id='block_1_108' title="bbox 2058 5044 3622 5124">
    <p class='ocr_par' dir='ltr' id='par_1_108' title="bbox 2058 5044 3622 5124">
     <span class='ocr_line' id='line_1_108' title="bbox 2058 5044 3622 5124; baseline 0.006 -24"><span class='ocrx_word' id='word_1_805' title='bbox 2058 5044 2300 5101; x_wconf 87' lang='lat' dir='ltr'><strong>Tandem</strong></span> <span class='ocrx_word' id='word_1_806' title='bbox 2341 5049 2656 5116; x_wconf 87' lang='lat' dir='ltr'><strong>imperator,</strong></span> <span class='ocrx_word' id='word_1_807' title='bbox 2696 5051 2812 5103; x_wconf 82' lang='lat' dir='ltr'><strong>slve</strong></span> <span class='ocrx_word' id='word_1_808' title='bbox 2863 5065 2971 5118; x_wconf 91' lang='lat' dir='ltr'><strong>quo</strong></span> <span class='ocrx_word' id='word_1_809' title='bbox 3002 5054 3271 5108; x_wconf 76' lang='lat' dir='ltr'><strong>excitatus</strong></span> <span class='ocrx_word' id='word_1_810' title='bbox 3309 5056 3464 5124; x_wconf 83' lang='lat' dir='ltr'><strong>signo</strong></span> <span class='ocrx_word' id='word_1_811' title='bbox 3503 5058 3622 5110; x_wconf 84' lang='lat' dir='ltr'><strong>sive</strong></span> 
     </span>
    </p>
   </div>
   <div class='ocr_carea' id='block_1_109' title="bbox 2059 5140 3621 5210">
    <p class='ocr_par' dir='ltr' id='par_1_109' title="bbox 2059 5140 3621 5210">
     <span class='ocr_line' id='line_1_109' title="bbox 2059 5140 3621 5210; baseline 0.004 -16"><span class='ocrx_word' id='word_1_812' title='bbox 2059 5140 2326 5194; x_wconf 83' lang='lat' dir='ltr'><strong>instinctu</strong></span> <span class='ocrx_word' id='word_1_813' title='bbox 2379 5143 2610 5210; x_wconf 72' lang='lat' dir='ltr'><strong>propria:</strong></span> <span class='ocrx_word' id='word_1_814' title='bbox 2659 5144 2856 5197; x_wconf 73' lang='lat' dir='ltr'><strong>mentis</strong></span> <span class='ocrx_word' id='word_1_815' title='bbox 2908 5143 3239 5206; x_wconf 82' lang='lat' dir='ltr'><strong>admonitus,</strong></span> <span class='ocrx_word' id='word_1_816' title='bbox 3290 5146 3378 5198; x_wconf 89' lang='lat' dir='ltr'><strong>ubi</strong></span> <span class='ocrx_word' id='word_1_817' title='bbox 3424 5145 3621 5201; x_wconf 82' lang='lat' dir='ltr'><strong>faciem</strong></span> 
     </span>
    </p>
   </div>
   <div class='ocr_carea' id='block_1_110' title="bbox 2059 5230 3622 5302">
    <p class='ocr_par' dir='ltr' id='par_1_110' title="bbox 2059 5230 3622 5302">
     <span class='ocr_line' id='line_1_110' title="bbox 2059 5230 3622 5302; baseline 0.006 -21"><span class='ocrx_word' id='word_1_818' title='bbox 2059 5230 2318 5283; x_wconf 89' lang='lat' dir='ltr'><strong>aliorsum</strong></span> <span class='ocrx_word' id='word_1_819' title='bbox 2355 5231 2690 5294; x_wconf 83' lang='lat' dir='ltr'><strong>retorsisset,</strong></span> <span class='ocrx_word' id='word_1_820' title='bbox 2727 5230 2843 5286; x_wconf 83' lang='lat' dir='ltr'><strong>viso</strong></span> <span class='ocrx_word' id='word_1_821' title='bbox 2885 5233 3200 5302; x_wconf 81' lang='lat' dir='ltr'><strong>presbytero</strong></span> <span class='ocrx_word' id='word_1_822' title='bbox 3233 5238 3413 5288; x_wconf 87' lang='lat' dir='ltr'><strong>statim</strong></span> <span class='ocrx_word' id='word_1_823' title='bbox 3459 5239 3622 5290; x_wconf 64' lang='lat' dir='ltr'><strong>lutei.</strong></span> 
     </span>
    </p>
   </div>
   <div class='ocr_carea' id='block_1_111' title="bbox 2059 5322 3621 5400">
    <p class='ocr_par' dir='ltr' id='par_1_111' title="bbox 2059 5322 3621 5400">
     <span class='ocr_line' id='line_1_111' title="bbox 2059 5322 3621 5400; baseline 0.006 -25"><span class='ocrx_word' id='word_1_824' title='bbox 2059 5322 2474 5391; x_wconf 77' lang='lat' dir='ltr'><strong>lexitquorsum</strong></span> <span class='ocrx_word' id='word_1_825' title='bbox 2507 5325 2552 5378; x_wconf 90' lang='lat' dir='ltr'><strong>is</strong></span> <span class='ocrx_word' id='word_1_826' title='bbox 2580 5325 2836 5382; x_wconf 75' lang='lat' dir='ltr'><strong>venisset.</strong></span> <span class='ocrx_word' id='word_1_827' title='bbox 2877 5324 3233 5396; x_wconf 62' lang='lat' dir='ltr'><strong>Intvrrogavit</strong></span> <span class='ocrx_word' id='word_1_828' title='bbox 3271 5338 3448 5383; x_wconf 72' lang='grc' dir='ltr'>ιιιιιιι-ιη</span> <span class='ocrx_word' id='word_1_829' title='bbox 3488 5331 3621 5400; x_wconf 67' lang='grc' dir='ltr'>(ιιιὲά</span> 
     </span>
    </p>
   </div>
   <div class='ocr_carea' id='block_1_112' title="bbox 2011 5414 3628 5488">
    <p class='ocr_par' dir='ltr' id='par_1_112' title="bbox 2011 5414 3628 5488">
     <span class='ocr_line' id='line_1_112' title="bbox 2011 5414 3628 5488; baseline 0.004 -20"><span class='ocrx_word' id='word_1_830' title='bbox 2011 5451 2018 5457; x_wconf 92' lang='grc'><strong><em>-</em></strong></span> <span class='ocrx_word' id='word_1_831' title='bbox 2058 5414 2162 5468; x_wconf 86' lang='lat' dir='ltr'><strong>sibi</strong></span> <span class='ocrx_word' id='word_1_832' title='bbox 2201 5429 2266 5467; x_wconf 85' lang='lat' dir='ltr'><strong>eo</strong></span> <span class='ocrx_word' id='word_1_833' title='bbox 2295 5422 2518 5482; x_wconf 85' lang='lat' dir='ltr'><strong>ornatu,</strong></span> <span class='ocrx_word' id='word_1_834' title='bbox 2548 5429 2613 5467; x_wconf 90' lang='lat' dir='ltr'><strong>co</strong></span> <span class='ocrx_word' id='word_1_835' title='bbox 2649 5425 2794 5468; x_wconf 87' lang='lat' dir='ltr'><strong>statu</strong></span> <span class='ocrx_word' id='word_1_836' title='bbox 2830 5417 3009 5471; x_wconf 88' lang='lat' dir='ltr'><strong>vellet.</strong></span> <span class='ocrx_word' id='word_1_837' title='bbox 3032 5417 3231 5485; x_wconf 75' lang='lat' dir='ltr'><strong>Ilioque</strong></span> <span class='ocrx_word' id='word_1_838' title='bbox 3259 5421 3628 5488; x_wconf 80' lang='lat' dir='ltr'><strong>respondente</strong></span> 
     </span>
    </p>
   </div>
   <div class='ocr_carea' id='block_1_113' title="bbox 2058 5509 3620 5578">
    <p class='ocr_par' dir='ltr' id='par_1_113' title="bbox 2058 5509 3620 5578">
     <span class='ocr_line' id='line_1_113' title="bbox 2058 5509 3620 5578; baseline 0.003 -17"><span class='ocrx_word' id='word_1_839' title='bbox 2058 5523 2180 5561; x_wconf 82' lang='lat' dir='ltr'><strong>sese</strong></span> <span class='ocrx_word' id='word_1_840' title='bbox 2209 5516 2330 5576; x_wconf 82' lang='lat' dir='ltr'><strong>post</strong></span> <span class='ocrx_word' id='word_1_841' title='bbox 2362 5523 2551 5578; x_wconf 78' lang='lat' dir='ltr'><strong>preces</strong></span> <span class='ocrx_word' id='word_1_842' title='bbox 2596 5522 2695 5576; x_wconf 90' lang='lat' dir='ltr'><strong>pro</strong></span> <span class='ocrx_word' id='word_1_843' title='bbox 2729 5511 2849 5577; x_wconf 80' lang='lat' dir='ltr'><strong>ejus</strong></span> <span class='ocrx_word' id='word_1_844' title='bbox 2880 5509 3051 5563; x_wconf 64' lang='lat' dir='ltr'><strong>salute</strong></span> <span class='ocrx_word' id='word_1_845' title='bbox 3087 5509 3236 5564; x_wconf 81' lang='lat' dir='ltr'><strong>fusas</strong></span> <span class='ocrx_word' id='word_1_846' title='bbox 3267 5515 3430 5567; x_wconf 79' lang='lat' dir='ltr'><strong>eiam</strong></span> <span class='ocrx_word' id='word_1_847' title='bbox 3469 5517 3620 5568; x_wconf 60' lang='lat' dir='ltr'><strong>utilia</strong></span> 
     </span>
    </p>
   </div>
   <div class='ocr_carea' id='block_1_114' title="bbox 2057 5597 3623 5673">
    <p class='ocr_par' dir='ltr' id='par_1_114' title="bbox 2057 5597 3623 5673">
     <span class='ocr_line' id='line_1_114' title="bbox 2057 5597 3623 5673; baseline 0.006 -22"><span class='ocrx_word' id='word_1_848' title='bbox 2057 5599 2106 5652; x_wconf 85' lang='lat' dir='ltr'><strong>ei</strong></span> <span class='ocrx_word' id='word_1_849' title='bbox 2139 5597 2382 5664; x_wconf 67' lang='lat' dir='ltr'><strong>iuvando</strong></span> <span class='ocrx_word' id='word_1_850' title='bbox 2410 5597 2681 5652; x_wconf 83' lang='lat' dir='ltr'><strong>alleretnla</strong></span> <span class='ocrx_word' id='word_1_851' title='bbox 2711 5614 2862 5652; x_wconf 83' lang='lat' dir='ltr'><strong>sacra</strong></span> <span class='ocrx_word' id='word_1_852' title='bbox 2891 5602 3030 5655; x_wconf 86' lang='lat' dir='ltr'><strong>dona</strong></span> <span class='ocrx_word' id='word_1_853' title='bbox 3066 5603 3362 5670; x_wconf 58' lang='lat' dir='ltr'><strong>putavisse,</strong></span> <span class='ocrx_word' id='word_1_854' title='bbox 3389 5621 3623 5673; x_wconf 67' lang='lat' dir='ltr'><strong>quorum</strong></span> 
     </span>
    </p>
   </div>
   <div class='ocr_carea' id='block_1_115' title="bbox 2061 5687 3625 5759">
    <p class='ocr_par' dir='ltr' id='par_1_115' title="bbox 2061 5687 3625 5759">
     <span class='ocr_line' id='line_1_115' title="bbox 2061 5687 3625 5759; baseline 0.006 -17"><span class='ocrx_word' id='word_1_855' title='bbox 2061 5689 2338 5758; x_wconf 78' lang='lat' dir='ltr'><strong>perceptio</strong></span> <span class='ocrx_word' id='word_1_856' title='bbox 2378 5687 2444 5741; x_wconf 90' lang='lat' dir='ltr'><strong>ad</strong></span> <span class='ocrx_word' id='word_1_857' title='bbox 2497 5690 2671 5744; x_wconf 88' lang='lat' dir='ltr'><strong>morbi</strong></span> <span class='ocrx_word' id='word_1_858' title='bbox 2715 5704 2930 5759; x_wconf 87' lang='lat' dir='ltr'><strong>quoque</strong></span> <span class='ocrx_word' id='word_1_859' title='bbox 2972 5693 3202 5748; x_wconf 83' lang='lat' dir='ltr'><strong>valitura</strong></span> <span class='ocrx_word' id='word_1_860' title='bbox 3249 5701 3625 5754; x_wconf 66' lang='lat' dir='ltr'><strong>essulsinncm</strong></span> 
     </span>
    </p>
   </div>
   <div class='ocr_carea' id='block_1_116' title="bbox 2060 5781 3624 5854">
    <p class='ocr_par' dir='ltr' id='par_1_116' title="bbox 2060 5781 3624 5854">
     <span class='ocr_line' id='line_1_116' title="bbox 2060 5781 3624 5854; baseline 0.008 -26"><span class='ocrx_word' id='word_1_861' title='bbox 2060 5781 2221 5842; x_wconf 62' lang='lat' dir='ltr'><strong>I&#39;orrt,</strong></span> <span class='ocrx_word' id='word_1_862' title='bbox 2253 5794 2360 5831; x_wconf 86' lang='lat' dir='ltr'><strong>non</strong></span> <span class='ocrx_word' id='word_1_863' title='bbox 2393 5791 2710 5849; x_wconf 66' lang='lat' dir='ltr'><strong>exspectato</strong></span> <span class='ocrx_word' id='word_1_864' title='bbox 2743 5785 2871 5835; x_wconf 79' lang='lat' dir='ltr'><strong>tium</strong></span> <span class='ocrx_word' id='word_1_865' title='bbox 2903 5782 2953 5836; x_wconf 91' lang='lat' dir='ltr'><strong>id</strong></span> <span class='ocrx_word' id='word_1_866' title='bbox 2990 5792 3162 5838; x_wconf 86' lang='lat' dir='ltr'><strong>totum</strong></span> <span class='ocrx_word' id='word_1_867' title='bbox 3191 5793 3624 5854; x_wconf 73' lang='lat' dir='ltr'><strong>pronuntias-rt,</strong></span> 
     </span>
    </p>
   </div>
   <div class='ocr_carea' id='block_1_117' title="bbox 2057 5873 3627 5938">
    <p class='ocr_par' dir='ltr' id='par_1_117' title="bbox 2057 5873 3627 5938">
     <span class='ocr_line' id='line_1_117' title="bbox 2057 5873 3627 5938; baseline 0.006 -14"><span class='ocrx_word' id='word_1_868' title='bbox 2057 5886 2197 5931; x_wconf 55' lang='lat' dir='ltr'><strong>auter</strong></span> <span class='ocrx_word' id='word_1_869' title='bbox 2249 5873 2432 5926; x_wconf 75' lang='lat' dir='ltr'><strong>Statim</strong></span> <span class='ocrx_word' id='word_1_870' title='bbox 2489 5887 2738 5929; x_wconf 59' lang='lat' dir='ltr'><strong>cxcuans</strong></span> <span class='ocrx_word' id='word_1_871' title='bbox 2777 5889 2836 5930; x_wconf 81' lang='lat' dir='ltr'><strong>se</strong></span> <span class='ocrx_word' id='word_1_872' title='bbox 2885 5879 3059 5931; x_wconf 76' lang='lat' dir='ltr'><strong>lusum</strong></span> <span class='ocrx_word' id='word_1_873' title='bbox 3095 5892 3258 5938; x_wconf 77' lang='lat' dir='ltr'><strong>supra</strong></span> <span class='ocrx_word' id='word_1_874' title='bbox 3295 5881 3492 5934; x_wconf 75' lang='lat' dir='ltr'><strong>lectum</strong></span> <span class='ocrx_word' id='word_1_875' title='bbox 3531 5897 3627 5934; x_wconf 63' lang='lat' dir='ltr'><strong>tx-</strong></span> 
     </span>
    </p>
   </div>
  </div>
