3992 6560
309 429 421 490 ὩΘἹ

1698 428 2223 490 ΟΙΑἾΞΒᾹΙΗΗΜ.

3488 411 3596 472 9(ὶὸ

319 539 520 593 tionem
565 546 692 592 ante
734 537 1177 594 communionem
1214 554 1243 594 a
1281 539 1624 594 sacriﬁcante
1667 555 1911 610 pronuu-
1945 546 1986 599 Λ
2017 554 2234 592 causam
2267 550 2360 605 pro
2395 532 2536 586 illius
2578 527 2827 598 temporis
2883 523 3090 579 ratione
3141 521 3458 586 habuerunt,
3517 523 3596 575 ita

320 628 546 688 tiantur,
582 643 686 681 una
721 639 806 683 est
838 629 892 683 in
925 645 1028 699 qua
1062 629 1301 684 dicitur:
1335 631 1406 684 Σὺ
1439 632 1466 684 ὁ
1503 630 1635 694 Θεὸς
1673 631 1851 700 ἡμῶν,
1885 632 1910 681 ὁ

315 722 746 791 προσδεξάμενος
776 724 843 774 τὰ
871 722 1017 793 δῶρα
1052 722 1245 789 ταῦτα,
1278 725 1575 795 καθάρισον
1627 724 1776 794 ἡμᾶς
1808 725 1914 776 ἀπὸ

316 815 512 872 ’παντὸς
541 815 815 884 μολυσμοῦ
845 817 1045 884 σαρκὸς
1089 819 1180 868 καὶ
1215 817 1543 886 πνεύματος,
1579 821 1668 870 καὶ
1704 818 1912 880 δίδαξον

314 907 625 978 ἁγιωσύνην
656 908 921 961 ἐπιτελεῖν
950 911 1006 961 ἐν
1048 909 1197 980 φόϐῳ
1228 927 1343 974 σου,
1381 910 1468 963 ἵνα
1498 912 1553 962 ἐν
1583 911 1804 979 καθαρῷ
1838 909 1911 978 τῷ

319 1003 604 1072 μαρτυρίῳ
637 1004 731 1069 τῆς
787 1001 1145 1071 συνειδήσεως
1199 1001 1353 1071 ἡμῶν
1393 1002 1776 1071 ὑποδεχόμενοι
1813 1002 1910 1072 τὴν

319 1095 514 1164 μερίδα
550 1094 654 1144 τῶν
675 1095 1036 1163 atrocitatem
1072 1110 1186 1147 σου.
1215 1093 1530 1162 ὲνωῡῶμεν,
1550 1104 1656 1148 etc.
1689 1093 1784 1146 llic.
1813 1096 1906 1161 μὲ-

319 1204 402 1254 ρις
442 1187 801 1254 ἁγιασμὰτων
838 1197 1067 1240 vocatur
1094 1187 1385 1240 manifeste
1440 1187 1703 1255 particula
1741 1204 1814 1256 qu
1841 1205 1905 1239 λιιι

316 1279 552 1346 quisque
575 1280 1100 1334 couimunicantium
1136 1281 1368 1350 percipit
1411 1299 1474 1335 ex
1513 1299 1650 1350 pane
1681 1297 1743 1335 ac
1781 1282 1908 1336 vino

319 1377 671 1427 consecratis.
725 1375 898 1427 Paulo
943 1372 1172 1426 inferius
1200 1375 1254 1426 in
1290 1375 1480 1428 eadem
1535 1375 1782 1428 oratione
1815 1391 1908 1427 sa-

322 1473 516 1518 cerdos
545 1481 742 1533 rogans
784 1476 842 1519 ιιι
867 1467 1028 1542 detur
1063 1467 1474 1535 participaturis
1503 1468 1904 1521 Eucharistiam

320 1559 729 1625 perseverantia
775 1558 828 1610 iu
865 1559 1035 1626 gratia
1073 1575 1244 1627 usque
1294 1560 1360 1614 ad
1413 1560 1906 1629 extremumspiri-

321 1660 461 1710 tum.
492 1666 600 1718 quo
635 1649 733 1702 ista
765 1665 914 1704 sacra
948 1650 1189 1720 symbola
1219 1650 1329 1704 sint
1361 1651 1435 1706 illi
1481 1667 1580 1721 pro
1616 1652 1812 1706 viatico
1854 1653 1906 1706 in

319 1743 492 1796 vitam
531 1752 814 1804 icti-ruam,
868 1742 946 1795 sic
984 1743 1227 1811 loquitur
1264 1761 1278 1796 :
1319 1745 1418 1807 Δὸς
1447 1747 1582 1814 ἡμῖν
1610 1747 1772 1817 μέχρι
1805 1747 1906 1816 τῆς

322 1836 560 1902 ἐσχάτης
585 1834 739 1902 ἡμῶν
767 1833 1040 1902 ἀναπνοῆς
1068 1835 1233 1898 ἀξίως
1287 1835 1646 1905 ὑποδέχεσθαι
1698 1839 1798 1906 τὴν
1827 1841 1909 1890 ἐλ-

324 1927 455 1978 πίδα
487 1929 592 1978 τῶν
619 1928 976 1996 ἁγιασμάτων
1015 1944 1107 1980 σου
1141 1932 1218 1992 εἰς
1254 1929 1461 1996 ἐφόδιον
1493 1931 1631 1998 ζωῆς
1664 1931 1910 1995 αἰωνίου,

324 2026 437 2071 etc.
476 2017 611 2070 Cum
652 2029 832 2071 autem
896 2019 1211 2088 ἁγιάσματσ.
1275 2020 1622 2074 Eucharistiw
1669 2021 1919 2091 reliquias

327 2109 420 2163 hic
454 2111 614 2171 verti,
647 2111 781 2163 nihil
813 2111 1090 2165 diversum
1154 2113 1222 2166 ab
1266 2111 1382 2180 ipsa
1448 2113 1794 2167 Eucharistia
1838 2115 1916 2168 si-

325 2202 593 2272 gniﬁcare
629 2203 815 2276 volui;
859 2206 1062 2272 quippe
1099 2204 1190 2274 qui
1229 2207 1488 2275 prolitear
1519 2222 1641 2258 cum
1686 2207 1920 2261 catholi.

325 2297 412 2350 eis
445 2296 700 2350 euntibus
731 2297 832 2350 sub
865 2297 1108 2365 qualibet
1141 2313 1420 2351 sacrarum
1453 2299 1765 2366 specierum
1792 2313 1919 2366 par-

327 2388 500 2441 ticula
551 2398 721 2442 totum
753 2389 954 2442 Christi
1007 2404 1208 2458 corpus
1277 2404 1420 2450 esse,
1491 2388 1576 2461 [1³.
1602 2388 1727 2460 564]
1765 2402 1818 2443 et
1863 2400 1920 2444 ut

327 2482 577 2536 Ecclesia
612 2483 761 2537 cauit
793 2484 935 2538 inter
952 2500 1126 2548 sacra,
1161 2493 1368 2536 tantum
1391 2500 1499 2537 esse
1515 2485 1609 2536 sub
1641 2485 1918 2554 fragmen-

328 2584 384 2626 to
421 2586 677 2643 quantum
711 2587 818 2629 toto
853 2578 1068 2646 tegitur.
1112 2576 1269 2631 Unde
1301 2577 1579 2646 quaelibet
1620 2577 1758 2629 mica
1813 2577 1920 2628 τῶν

328 2667 690 2736 ἁγιασμάτων
753 2667 941 2735 utique
1000 2669 1250 2736 ἁγίασμα
1309 2678 1364 2722 et
1397 2685 1522 2722 vera
1576 2667 1920 2722 Eucharistia

328 2775 439 2812 est.
479 2760 618 2814 Usus
651 2772 832 2814 autem
857 2778 980 2814 sum
1023 2762 1110 2814 illa
1142 2761 1315 2816 forma
1341 2763 1597 2831 loquendi
1626 2774 1682 2816 ut
1716 2778 1920 2816 morem

327 2851 620 2904 inulte-rem
660 2853 972 2919 antiptum,
1003 2853 1058 2906 in
1093 2869 1255 2922 quem
1308 2855 1606 2910 historicus
1664 2856 1769 2910 hoc
1802 2856 1922 2910 loco

327 2943 563 3010 digitum
593 2944 848 3006 intendit,
900 2946 1218 3015 signiﬁcans
1249 2957 1377 3002 tunc
1402 2948 1622 3002 solitum
1687 2951 1739 3004 itt
1777 2951 1922 3004 Con-

328 3039 824 3105 stant-immolitana
850 3037 1096 3094 Ecclesia
1132 3041 1302 3095 fuisse
1328 3041 1587 3110 reliquias
1611 3041 1773 3114 536
1796 3061 1922 3112 par-

326 3125 624 3179 ticularum
683 3130 1170 3186 eucharisticarum
1211 3133 1396 3202 pueris
1450 3133 1740 3202 baptizatis
1790 3151 1925 3188 con-

328 3226 630 3274 sumeiidas
662 3223 813 3276 dare.
851 3222 964 3278 Hoc
996 3225 1141 3279 idem
1177 3234 1231 3279 et
1261 3225 1602 3295 Nicephorus
1643 3227 1921 3291 Callistus,
1956 3239 1999 3297 ο
2035 3238 2274 3292 unquam
2341 3221 2498 3273 Deus
2522 3219 2632 3274 sine
2691 3221 2980 3287 sapientia.

327 3315 474 3366 Hist.
513 3313 651 3368 Eccl.
710 3333 843 3382 xvii,
873 3333 922 3370 c.
970 3317 1064 3380 25,
1107 3328 1337 3373 testatur
1364 3319 1450 3373 his
1482 3321 1662 3374 verbis
1705 3339 1718 3374 :
1767 3321 1927 3384 ἘΘος

326 3409 678 3477 κεκράτηκεν
706 3412 769 3461 ἐκ
804 3411 1000 3464 πολλοῦ
1037 3414 1100 3482 τῇ
1151 3412 1380 3480 βασιλίδι
1421 3414 1528 3466 τῶν
1561 3413 1795 3478 πόλεων,
1851 3414 1927 3476 ὡς

331 3500 562 3551 ἐπειδλν
602 3501 734 3553 πολύ
795 3502 987 3555 τιτῶν
1049 3504 1285 3573 μερίδων
1339 3504 1432 3557 τοῦ
1499 3506 1770 3574 ἀχράντου
1835 3509 1929 3558 καὶ

328 3589 484 3643 Θείου
537 3592 790 3661 σώματος
821 3595 914 3647 τοῦ
948 3596 1154 3666 Κυρίου
1189 3597 1284 3649 καὶ
1333 3595 1472 3649 Θεοῦ
1529 3598 1624 3649 καὶ
1678 3598 1928 3667 Σωτῆρος

336 3683 506 3752 ἡμῶν
549 3686 726 3754 Ἰησοῦ
757 3687 998 3756 Χριστοῦ
1047 3687 1495 3758 ἐναπολειιροείη,
1558 3691 1930 3758 μεταστέλλε-

327 3776 462 3828 σθαι
498 3778 621 3840 τοὺς
656 3779 836 3848 ἱερέας
867 3780 1062 3841 παῖδας
1087 3781 1355 3850 ἁφῡόρους
1381 3781 1446 3834 ἐκ
1471 3782 1646 3845 τῶνὲς
1675 3782 1931 3851 χαμαιδι-

325 3868 605 3922 δασκάλου
634 3869 966 3938 φοιτώντων,
1012 3873 1106 3924 καὶ
1137 3872 1340 3934 ταύτας
1387 3873 1604 3937 νήστεις
1649 3872 1871 3924 ἐσθίεινο
1902 3872 1930 3925 ὃ

326 3961 396 4028 δὴ
440 3962 534 4012 καὶ
569 3964 691 4031 ἐμοὶ
724 3963 984 4028 πολλάκις
1019 3966 1269 4034 νεωτέρῳ
1309 3966 1512 4034 κομιδῆ
1545 3983 1609 4033 γε
1653 3966 1768 4018 ὄντι
1810 3968 1928 4018 ὲττι-

330 4049 539 4120 συνέϐη
571 4051 847 4135 γενέςιθαι,
867 4060 976 4107 etc.
1014 4069 1030 4106 :
1066 4052 1403 4107 Consuetudo
1433 4073 1463 4107 a
1507 4055 1672 4108 multo
1699 4065 1931 4122 tempore

329 4142 625 4210 imperanti
677 4145 794 4197 urbi
839 4146 960 4214 fuit,
1025 4157 1080 4200 ut
1109 4164 1229 4200 cum
1264 4147 1561 4216 plusculum
1599 4149 1661 4201 de
1691 4148 1930 4214 partibus

329 4233 670 4287 immaculati
707 4237 973 4305 divinique
1024 4241 1256 4305 corporis
1280 4237 1490 4291 Domini
1521 4247 1567 4290 et
1605 4237 1699 4291 Dei
1733 4247 1779 4290 et
1805 4235 1928 4290 Ser-

328 4326 537 4377 vatoris
565 4327 731 4378 nastri
758 4324 887 4380 Jesu
914 4326 1108 4382 Christi
1153 4327 1412 4396 reliquum
1437 4338 1589 4391 esset,
1634 4329 1930 4381 sacerdotes

327 4433 527 4484 pueros
567 4418 895 4488 incorruptos
922 4436 986 4472 ex
1021 4419 1084 4472 iis
1115 4421 1204 4489 qui
1264 4421 1334 4473 ad
1372 4432 1744 4488 prwceptorem
1798 4423 1930 4490 infe-

330 4509 495 4558 rioris
532 4507 640 4559 ludi
672 4525 770 4560 eun
829 4520 1176 4567 accerserent.
1205 4511 1294 4580 qui
1323 4511 1500 4580 jejuni
1537 4511 1792 4582 reliquias
1840 4531 1928 4567 eas

2019 634 2158 678 certe
2192 640 2276 676 eos
2328 621 2475 672 nulla
2525 619 2714 671 solutis
2775 616 3078 669 necessitate
3123 612 3175 665 id
3236 611 3440 679 [ecisse,
3488 615 3602 665 sine

2017 709 2704 792 controversia'credendum
2733 718 2829 762 est.
2865 707 2953 761 Sic
2993 720 3148 758 sacra
3185 705 3444 774 synodus.

2099 808 2532 876 ’Aé‘tayopo'tnc
2571 819 2621 872 p.
2655 802 2781 856 281.
2820 800 3027 853 Dudum
3058 807 3139 852 est
3184 813 3306 852 cum
3343 796 3602 850 ecclesia-

2016 905 2157 963 stici,
2191 899 2488 970 prtesertim
2555 895 2798 958 ascetici,
2857 892 3153 961 scriptores
3203 892 3403 960 aliquid
3440 891 3600 943 iuno-

2017 1003 2212 1049 varttnt
2249 994 2300 1046 in
2334 992 2556 1046 notione
2599 987 2748 1042 vocis
2779 986 3091 1054 ἀδιαφορία,
3130 1000 3228 1054 pro
3268 1000 3371 1052 qua
3405 981 3600 1035 Noster

2014 1088 2412 1156 ἁδιαφορότητα
2449 1083 2552 1136 hoc
2584 1081 2703 1136 loco
2740 1079 2940 1148 posuit.
3003 1075 3139 1131 Cum
3175 1076 3321 1129 enim
3359 1076 3598 1144 philoso-

2018 1185 2110 1252 phi
2149 1189 2364 1236 veteres
2395 1177 2568 1232 ϐιτεοί
2596 1177 2662 1230 de
2697 1174 2944 1228 moribus
2975 1180 3202 1241 agentes
3234 1170 3376 1224 inter
3397 1169 3598 1223 bonum

2013 1284 2069 1328 et
2107 1276 2308 1327 malum
2353 1271 2598 1324 medium
2654 1265 2914 1336 quiddam
2976 1261 3266 1329 ἀδιάφορον
3322 1269 3601 1323 vocarent,

2016 1365 2095 1420 uti
2147 1365 2322 1432 culpae
2371 1362 2442 1416 ita
2495 1371 2549 1414 et
2583 1359 2760 1412 laudis
2811 1369 3032 1424 expers,
3087 1350 3404 1412 Christiani.
3459 1349 3604 1403 ducti

2014 1460 2154 1513 forte
2202 1455 2524 1525 evangelica
2579 1451 2784 1506 Christi
2827 1448 3124 1507 sententia,
3177 1445 3404 1497 verbum
3441 1443 3604 1495 etiam

2010 1554 2248 1606 otiosum
2303 1547 2591 1603 reddendae
2631 1545 2828 1600 rationi
2870 1542 3168 1597 obnoxium
3228 1552 3349 1592 esse
3391 1535 3607 1590 dcntttt-

2015 1649 2208 1708 tianle,
2241 1642 2301 1696 τὸ
2329 1641 2624 1708 ἀδιάφορον
2663 1637 2794 1690 vitio
2821 1642 3245 1689 accensueruut.
3272 1629 3426 1694 Quod
3468 1643 3608 1696 prae-

2011 1741 2201 1794 sertim
2231 1739 2286 1792 in
2310 1739 2367 1793 S.
2395 1735 2593 1789 Basilio
2621 1743 2675 1800 et
2706 1732 2828 1786 aliis
2851 1731 2942 1800 qui
2972 1729 3247 1797 ἀσκητικὰ
3267 1726 3608 1786 scripserunt

2015 1848 2244 1888 cernere
2264 1839 2348 1884 est
2368 1839 2554 1898 ;prout
2572 1827 2707 1880 alias
2724 1825 2942 1878 memini
2964 1832 3228 1875 annotaie
3253 1835 3338 1873 me
3359 1819 3424 1872 ad
3442 1817 3605 1886 epist.

2023 1925 2083 1980 ὃ.
2112 1924 2215 1978 Nili
2245 1924 2370 1978 555.
2407 1923 2482 1977 Ex
2520 1923 2621 1974 hoc
2647 1936 2747 1973 usu
2777 1917 3140 1986 Pachymeres
3172 1914 3259 1967 hic
3286 1913 3606 1966 solutioretn

2021 2033 2123 2072 nec
2170 2014 2710 2085 irreprchensibilctn
2768 2011 2958 2082 agendi
3013 2009 3324 2063 Lbertalem
3383 2008 3608 2073 ἀδιαφο-

2025 2112 2224 2181 ρότητα
2264 2110 2501 2163 vocavit.

2087 2204 2288 2268 Διτιος
2319 2219 2374 2272 p.
2399 2201 2524 2258 482.
2562 2201 2719 2266 Quod
2757 2199 2995 2266 theologi
3049 2196 3221 2250 Latini
3265 2192 3610 2263 frequentius

2024 2296 2345 2365 principium
2409 2295 2687 2364 appellarat
2721 2295 2774 2346 in
2807 2292 3008 2346 divinis
3045 2286 3500 2358 productionibus
3537 2284 3607 2336 ad

2026 2389 2186 2450 intra,
2228 2386 2396 2441 Grzeci
2437 2386 2635 2455 passim
2693 2385 2866 2437 αἴτιον
2916 2393 2971 2437 et
2999 2383 3179 2435 αἰτίαν
3238 2381 3447 2434 dicunt.
3499 2377 3610 2431 Nec

2025 2481 2348 2535 vocabulum
2386 2497 2546 2534 causa
2579 2493 2967 2549 usquequaque
2998 2480 3064 2530 ab
3096 2492 3161 2529 eo
3195 2491 3292 2529 usu
3325 2475 3606 2527 abhorret.

2027 2575 2084 2629 S.
2137 2574 2373 2628 llilarius
2408 2575 2481 2628 De
2505 2575 2695 2628 Trinit.
2721 2574 2811 2629 lib.
2845 2591 2920 2636 ιιι,
2952 2571 3169 2625 Patrem
3198 2578 3355 2623 vorat
3388 2583 3608 2620 causam

2026 2670 2316 2722 nativitatis
2357 2667 2504 2723 Filii.
2542 2670 2602 2722 Et
2651 2669 2742 2721 hh.
2785 2685 2879 2728 xu,
2916 2682 3084 2735 agens
3135 2667 3202 2718 de
3257 2661 3612 2735 generatione

2027 2762 2170 2820 Filii.
2208 2762 2273 2816 Et
2306 2778 2369 2815 ea:
2397 2777 2582 2822 causa,
2616 2761 2812 2829 inquit.
2844 2761 3078 2828 perfecta
3112 2769 3271 2825 atque
3303 2755 3610 2808 intletnttla-

2026 2855 2120 2908 bili
2150 2871 2390 2917 nascens,
2424 2869 2628 2907 necesse
2682 2861 2756 2905 est
2796 2868 2858 2904 ea:
2893 2867 3054 2903 causa
3116 2851 3167 2902 in
3201 2865 3380 2902 causa,
3439 2847 3610 2913 ipsius

2028 2948 2357 3016 proprietate
2439 2955 2715 2998 nascatur.
2782 2944 2840 2996 S.
2905 2943 3243 3011 Augustinus
3303 2939 3460 3008 537
3513 2938 3608 2990 lib.

2027 3041 2226 3106 Quaest.
2254 3055 2479 3102 LXXXIII,
2508 3048 2699 3105 quiest.
2753 3037 2816 3090 16
2855 3054 2866 3088 :
2895 3035 3040 3100 Quod
3098 3046 3269 3088 autem
3295 3050 3467 3086 rerum
3501 3049 3612 3084 om-

2029 3132 2173 3182 nium
2198 3145 2358 3182 causa
2389 3139 2485 3187 est.
2518 3129 2678 3180 etiam
2707 3129 2979 3195 sapientim
3007 3142 3117 3179 sua:
3163 3142 3326 3178 causa
3359 3134 3453 3178 est.
3503 3123 3612 3176 Nrc

3062 3217 3228 3287 Igitur
3281 3218 3614 3280 sempiterna:

2033 3331 2144 3370 sua!
2197 3315 2471 3382 sapientia:
2514 3329 2682 3366 causa
2741 3324 2815 3366 est
2880 3315 3226 3378 sempiterna.
3293 3308 3609 3361 Victorinus

2032 3408 2181 3472 Afer,
2229 3408 2476 3460 adversus
2541 3409 2729 3459 Arium
2767 3406 2861 3459 lib.
2893 3423 2907 3459 ι
2937 3423 2949 3458 :
2984 3403 3230 3474 qunalis
3293 3401 3463 3462 Patri,
3523 3401 3614 3452 sed

2036 3502 2211 3570 major
2245 3499 2431 3563 Pater,
2492 3502 2631 3570 quod
2683 3501 2792 3571 ipse
2813 3501 2953 3552 dedit
2981 3498 3082 3568 ipsi
3131 3497 3330 3559 omnia,
3379 3504 3424 3547 et
3451 3508 3613 3545 causa

2034 3605 2110 3648 est
2145 3595 2245 3664 ipsi
2279 3594 2419 3648 Filio
2450 3605 2504 3645 ut
2537 3598 2623 3654 sit,
2667 3603 2723 3645 ut
2771 3593 2873 3645 isto
2921 3592 3073 3644 modo
3103 3591 3190 3642 sit.
3249 3589 3428 3643 Utitur
3471 3596 3520 3640 ct

2034 3689 2328 3742 Anscltnus
2360 3697 2410 3740 et
2449 3687 2760 3741 Richardus
2805 3683 3128 3738 Victorinus
3183 3683 3284 3736 hoc
3343 3681 3502 3734 modo
3538 3681 3620 3730 lo-

2033 3781 2262 3850 quendi.
2299 3779 2562 3845 Quamvis
2591 3779 2647 3833 S.
2683 3777 2924 3831 Thomas
2958 3779 3156 3845 Opusc.
3183 3784 3370 3830 contra
3400 3773 3618 3828 Graecos

2032 3889 2148 3943 cap.
2185 3874 2234 3937 1,
2270 3873 2394 3926 etin
2421 3871 2642 3925 Summa
2679 3872 2700 3924 1
2736 3888 2786 3940 p.
2812 3880 3006 3940 quaest.
3029 3870 3230 3930 55,art.
3264 3868 3313 3933 1,
3349 3877 3399 3921 et
3433 3868 3620 3935 .Euge-

2035 3964 2268 4028 niuslV,
2295 3981 2348 4018 tn
2383 3965 2584 4019 concil.
2621 3964 2864 4018 Florcnt.
2904 3962 2967 4034 [P
3011 3961 3138 4033 565]
3189 3962 3242 4014 in
3275 3961 3381 4014 Lit.
3419 3961 3521 4014 lin.
3562 3969 3618 4014 et

2035 4057 2184 4112 idem
2222 4057 2515 4112 concilium
2550 4072 2688 4110 sess.
2717 4056 2804 4116 15,
2832 4057 3083 4113 doceant.
3112 4054 3254 4123 quod
3289 4053 3460 4106 ϐινωοί
3488 4069 3618 4105 cau-

2031 4166 2147 4203 sam
2173 4149 2228 4204 in
2278 4149 2546 4204 Trinitate
2580 4148 2877 4218 appellant,
2939 4147 3205 4202 aLatiuis
3257 4146 3508 4201 securius
3559 4154 3617 4198 et

2033 4242 2230 4297 melius
2264 4242 2577 4311 principium
2612 4240 2739 4295 dici.

2108 4334 2350 4403 Αὶψηρὴ
2381 4332 2592 4402 «ἀγορή
2659 4350 2710 4402 p.
2765 4331 2892 4386 8268.
2939 4330 3229 4401 Sumptum
3273 4345 3336 4384 ex
3382 4328 3620 4380 llomero

2035 4425 2203 4479 Iliad.
2231 4444 2282 4491 1:,
2309 4443 2362 4480 ν.
2398 4424 2551 4478 9.76:
2587 4424 2632 4477 ὃ)
2693 4424 2780 4492 ἄρ’
2816 4422 3120 4490 ἐφώνησεν,
3171 4421 3332 4474 λῦσεν
3366 4420 3618 4490 δ’ἁγορὴν

2033 4520 2296 4590 αἰψηρήν,
2332 4519 2422 4587 qui
2454 4533 2645 4572 versus
2676 4517 2819 4569 idem
2843 4515 3111 4584 repetitur
3141 4515 3331 4583 Odyss.
3359 4515 3411 4583 β,
3446 4513 3616 4582 priori
3663 4518 3670 4524 ’

329 4603 573 4653 ederent.
635 4601 788 4666 Quod
844 4604 1053 4671 quidem
1102 4604 1230 4656 mihi
1288 4620 1490 4673 quoque
1539 4622 1920 4675 sa'pennmero,

2034 4611 2155 4664 loco
2188 4612 2424 4680 explicat
2453 4609 2781 4665 scholiastcs
2819 4619 2972 4662 vrtus
3004 4609 3245 4676 αἰψηρὴν
3273 4606 3369 4677 τὴν
3406 4607 3616 4674 ταχέως

328 4705 455 4740 cum
487 4706 616 4757 puer
657 4691 781 4741 adm
817 4693 940 4743 dum
981 4708 1168 4750 essem.
1194 4692 1432 4758 contigit.
1464 4691 1589 4746 Hice
1631 4694 1923 4762 Callistus;

329 4778 589 4846 quicum
634 4781 917 4834 historiam
973 4783 1320 4853 inscripserit
1357 4785 1674 4840 Andronico
1727 4787 1927 4840 Palam-

334 4876 483 4936 togo,
518 4870 682 4940 hujus
715 4875 886 4945 nostri
919 4873 1198 4928 Michaelis
1225 4875 1336 4929 lilio
1367 4885 1421 4930 et
1452 4878 1781 4942 successori,
1813 4895 1929 4932 ma-

334 4963 598 5016 nifestum
655 4976 738 5017 est
769 4981 879 5034 quo
926 4975 1172 5037 tempore
1215 4966 1333 5023 ιιιω
1389 4985 1510 5036 qua:
1547 4986 1692 5023 nunc
1744 4982 1925 5026 narrat

334 5054 702 5124 Pachymcres
735 5059 1108 5128 contigerunt,
1142 5061 1288 5115 hunc
1317 5061 1500 5116 adhuc
1554 5078 1764 5115 morem
1834 5064 1922 5117 vi-

333 5148 547 5217 guisse.
585 5149 689 5214 Qui
717 5153 939 5220 quidem
973 5169 999 5205 a
1037 5152 1292 5225 Dionysio
1311 5156 1607 5226 Areopag.,
1639 5156 1924 5211 Clemente

333 5242 611 5294 Alexand.
651 5255 704 5298 et
737 5245 862 5300 aliis
921 5247 1324 5314 antiquissimis
1373 5246 1631 5302 Patriuus
1677 5253 1925 5303 testimo-

335 5338 494 5388 nium
529 5336 715 5392 habet.
752 5339 908 5394 Uude
940 5339 1064 5409 ejus
1092 5340 1396 5394 honoriﬁce
1440 5342 1690 5395 un-rninit
1739 5341 1927 5393 conci-

336 5426 477 5479 lium
523 5427 930 5494 Tridcutiuum,
989 5446 1125 5485 sess.
1163 5431 1254 5494 ει,
1315 5447 1436 5502 cap.
1471 5433 1525 5487 4.
1588 5434 1724 5487 Cum
1779 5434 1923 5489 enim

336 5519 681 5575 da-ﬁuivisset
718 5515 974 5592 parvulos
1000 5533 1128 5577 ante
1165 5525 1390 5578 rationis
1435 5542 1595 5579 usum
1656 5543 1762 5579 non
1792 5528 1928 5581 obli-

340 5615 457 5679 gari
509 5614 576 5666 ad
636 5616 1048 5684 perceptionem
1108 5614 1494 5675 Eucharistite.
1556 5617 1670 5671 hinc
1729 5618 1923 5672 addit:

340 5700 524 5770 Neque
556 5706 668 5757 ideo
699 5716 876 5758 tamen
911 5707 1221 5759 damnanda
1251 5719 1327 5760 est
1364 5710 1675 5778 antiquitas,
1729 5713 1771 5762 si
1810 5727 1924 5763 eum

343 5811 544 5847 uiarem
580 5797 634 5849 in
666 5799 978 5864 quibusdam
1030 5800 1156 5851 locis
1210 5799 1500 5867 aliquando
1556 5802 1802 5856 servavit.
1863 5802 1922 5855 Ut

343 5887 482 5940 enim
553 5891 874 5944 sanctissimi
916 5890 996 5944 illi
1036 5889 1223 5943 l’atrcs
1293 5895 1372 5945 sui
1407 5895 1558 5961 fact"
1605 5896 1922 5961 pisant-iisut

2033 4701 2434 4766 ἀϐροισθείσαν.
2488 4701 2570 4754 Ab
2642 4701 2744 4753 hoc
2779 4701 3034 4754 dissentit
3089 4699 3432 4757 Eustathius,
3487 4697 3619 4749 dum

2031 4795 2098 4848 ad
2127 4795 2406 4864 geminum
2444 4793 2623 4848 locum
2666 4792 2851 4863 Odyss.
2887 4794 2938 4861 β,
2976 4808 3096 4862 pag.
3135 4790 3271 4844 Mil
3336 4791 3424 4842 ed.
3457 4788 3616 4840 Boni.

2032 4889 2110 4942 sic
2169 4892 2392 4941 adnotat
2440 4906 2451 4940 :
2493 4886 2744 4957 Αἰψηρὴν
2794 4886 2847 4937 δὲ
2909 4880 3063 4936 εἶπεν
3113 4885 3211 4935 οὐκ
3268 4883 3615 4942 ὲπιθετικὼς,

2031 4980 2090 5032 οὑ
2123 4980 2230 5048 γὰρ
2261 4979 2470 5048 αἰψηρή
2509 4979 2658 5030 ἐστιν
2712 4978 2887 5046 ἀγορὰ
2953 4978 3121 5038 πᾶσα,
3157 4973 3615 5044 ἐπιρρηματικώς

2029 5068 2086 5121 δὲ
2119 5068 2319 5134 μᾶλλον
2353 5069 2473 5119 ἀντὶ
2512 5067 2604 5120 τοῦ
2637 5069 2798 5134 ταχὺ’
2838 5066 2930 5117 καὶ
2973 5065 3119 5117 ἐστιν
3160 5065 3345 5130 ὅμοιον
3370 5064 3466 5130 τῷ,
3493 5063 3614 5113 τότε

2035 5176 2125 5228 μοι
2165 5159 2304 5228 χάνῃ
2329 5159 2516 5226 εὐρεῖα
2551 5157 2717 5226 χθών.
2750 5157 2910 5209 Vich
2935 5156 3021 5208 hic
3044 5165 3248 5209 sentire
3272 5155 3615 5208 Ettslatltuut

2037 5250 2270 5304 solutam
2305 5249 2625 5305 concionem
2679 5249 2909 5301 subitam
2941 5249 3072 5310 dici,
3114 5250 3305 5301 eadem
3339 5251 3614 5302 sententia

2033 5343 2187 5412 quasi
2254 5343 2588 5396 scriberetur
2607 5341 2835 5394 solutam
2864 5342 3055 5400 subito.
3083 5342 3324 5410 epitheto
3368 5339 3614 5394 adverbii

2034 5451 2263 5489 tnunere
2295 5434 2578 5502 fungente,
2611 5442 2668 5486 ut
2711 5433 2762 5486 ia
2792 5434 2880 5486 illo
2911 5434 3018 5486 alio
3073 5449 3257 5496 versu,
3297 5442 3418 5485 tunc
3463 5434 3619 5487 tellus

2036 5527 2163 5580 mihi
2192 5526 2304 5578 lata
2339 5526 2598 5589 dehiscat,
2633 5526 2747 5578 lata
2781 5527 3002 5594 ponitur
3048 5541 3144 5594 pro
3182 5523 3310 5578 late.
3356 5524 3510 5590 Quod
3562 5535 3619 5580 et

2033 5619 2278 5674 imitatur
2313 5619 2589 5689 Virgilius,
2613 5618 2740 5672 dum
2775 5619 2992 5687 de'lnpo
3023 5619 3120 5686 ait,
3145 5619 3387 5688 gregibus
3407 5629 3615 5671 nectar.

2033 5727 2128 5763 nus
2159 5710 2503 5775 obambulat;
2536 5722 2588 5764 et
2618 5710 2685 5764 de
2721 5710 2894 5764 {Enea
2936 5726 2947 5761 :
2983 5710 3048 5764 Se
3087 5712 3377 5762 matutinus
3401 5710 3530 5778 ageb
3553 5720 3615 5764 .t.

2031 5802 2172 5856 Crcd
2200 5803 2372 5857 derint
2401 5804 2657 5874 equidem
2689 5802 3080 5874 Pacliymercm
3109 5804 3280 5872 magis
3322 5804 3616 5856 adhassisse

2033 5893 2201 5962 priori
2234 5895 2520 5951 scit-runca
2575 5909 2695 5964 qua:
2741 5892 2982 5964 αἰψηρὴν
3031 5908 3220 5951 verum
3260 5894 3466 5962 ἀγορᾶς
3502 5895 3618 5949 sive
