3992 6520
440 416 547 479 999

1361 413 1423 475 Ρ.
1470 411 1775 473 POSSINI
1817 407 2459 472 OBSERVATIONUM
2507 412 2651 473 LIB.
2701 413 2745 476 Ῐ.

3547 408 3676 470 Ῑοό

439 528 661 582 συνόίου
699 525 1016 595 adiunctum
1047 526 1312 595 agnoscit.
1348 527 1399 578 ls
1432 527 1576 578 enim
1608 532 1715 578 tota
1755 523 1857 577 hac
1883 537 2010 575 nar-
2039 525 2082 580 Α
2112 531 2514 591 oppugnantes,
2544 523 2653 590 jam
2700 523 2919 591 jamque
2980 531 3036 576 ut
3094 524 3385 593 sperabant
3448 501 3676 589 capturi,

437 621 654 674 ratione
682 623 814 671 satis
846 617 1049 670 indicat
1070 632 1128 671 se
1157 615 1339 670 favere
1378 616 1701 685 patriarcha:
1753 615 1923 668 Arsen
1950 628 2003 676 ο,

441 725 496 764 γι
531 710 736 778 injuste
774 708 1086 761 damnatum
1129 717 1370 778 putasse.
1405 706 1559 762 Unde
1598 705 1815 759 σύνοδον
1845 720 1873 757 a
1900 721 2004 773 qua

444 801 736 869 damnatus
763 812 848 854 est
899 799 1140 869 αἰψηρήν
1166 798 1430 863 vocando,
1474 800 1623 853 visus
1654 807 1736 852 est
1764 796 2008 851 indicare

438 895 675 947 voluisse
689 891 949 963 judicium
966 890 1107 947 istud
1139 892 1262 960 ejus
1278 890 1706 961 praefestinatum
1725 898 1782 943 et
1811 889 2008 957 cupide

444 985 713 1056 perlatum
745 982 937 1046 fuisse,
963 982 1016 1036 in
1052 985 1277 1052 gratiam
1307 983 1652 1051 imperatoris
1685 981 2008 1034 incumben-

445 1079 516 1130 tis
548 1077 604 1129 in
646 1075 909 1130 ultionem
959 1074 1177 1128 duritiei
1219 1074 1563 1143 patriarchae,
1614 1072 1798 1143 potius
1839 1087 2003 1143 quam

448 1187 511 1224 ex
553 1170 727 1239 culpa:
752 1166 970 1221 merito.
1004 1166 1244 1221 Adhibct
1266 1175 1322 1221 et
1349 1166 1479 1220 alibi
1513 1166 1654 1219 hanc
1698 1164 1853 1232 quasi
1888 1178 2008 1233 pro-

446 1261 742 1317 verbialem
787 1258 1075 1314 formulam
1129 1257 1511 1328 Pacbymeres,
1567 1266 1626 1309 ut
1666 1256 1759 1308 lib.
1786 1272 1843 1318 v,
1883 1268 2004 1322 cap.

449 1352 536 1416 12,
570 1352 674 1405 sub
707 1351 902 1416 finem;
951 1349 1041 1403 ubi
1063 1363 1187 1403 cum
1219 1347 1381 1402 ambo
1408 1348 1565 1405 codd.
1607 1345 1647 1398 Β
1673 1355 1728 1400 et
1755 1346 1797 1401 Α
1836 1346 2008 1400 habe-

444 1452 570 1497 rent
599 1441 759 1495 λῦσοιι.
789 1441 847 1494 δὲ
876 1440 1147 1511 λαιψηρὴν
1197 1438 1423 1509 ἀγορὴν,
1468 1439 1758 1492 manifesto
1786 1438 2004 1499 mendo,

447 1550 610 1589 manu
635 1532 937 1588 remedium
969 1531 1254 1587 attulimus
1297 1529 1685 1594 rest-ribentes,
1736 1538 1795 1583 ut
1827 1544 2004 1598 opor-

445 1629 572 1691 tuit,
602 1626 765 1679 λῦσιν
798 1624 1089 1693 δἀἰψηρην
1116 1623 1347 1692 ἀγορήν,
1379 1636 1442 1675 ea
1470 1623 1653 1687 verba,
1682 1630 1740 1676 ut
1767 1622 2007 1689 plerum-

443 1736 552 1789 que
584 1719 746 1783 solet,
782 1719 835 1772 in
863 1732 1096 1772 occursu
1127 1715 1538 1777 abhorrentium
1568 1730 1599 1771 a
1629 1715 1832 1786 vulgari
1883 1730 2005 1777 usu,

443 1828 642 1867 secure
671 1814 960 1866 omittente
992 1807 1255 1864 Vaticano
1280 1808 1494 1863 codice.

2124 612 2366 681 Deiparze
2410 628 2563 667 suam
2613 613 2801 668 urbem
2846 615 3047 668 tuentis
3081 629 3183 683 Ope
3243 616 3468 668 contriti
3533 623 3677 675 sunt,

2116 705 2352 772 primum
2389 707 2509 773 plus
2545 721 2706 774 quam
2742 705 2928 777 viginti
2962 706 3199 761 millibus
3229 706 3471 776 ipsorum
3503 722 3533 758 a
3557 702 3675 758 Bul-

2117 795 2260 863 garis
2292 797 2467 860 caesis,
2518 796 2714 851 deinde
2740 795 3039 852 fmdissitno
3073 798 3138 850 ad
3172 796 3524 850 Sosthenium
3559 811 3685 848 nau-

2116 886 2289 957 fragio
2327 887 2503 941 classe
2562 888 2796 943 maxima
2842 904 2905 942 ex
2957 898 3111 959 paite
3166 889 3388 951 deleta;
3446 889 3678 957 denique

2116 992 2259 1032 sa-va
2290 980 2433 1033 fame
2465 979 2707 1049 ipsorum
2730 980 2976 1050 reliquiis
3003 997 3174 1050 usque
3206 981 3273 1035 ad
3296 997 3453 1035 esum
3487 980 3672 1033 huma-

2119 1084 2317 1123 norum
2366 1072 2718 1136 cadaverum,
2775 1072 2907 1141 quin
2964 1080 3018 1126 et
3063 1082 3391 1134 stercorum,
3455 1069 3677 1131 adactis,

2117 1160 2247 1215 dum
2295 1171 2376 1215 tot
2403 1162 2539 1216 mala
2572 1163 2733 1233 pauci
2776 1168 3100 1234 superstites
3144 1164 3414 1234 fugientes
3439 1177 3566 1218 cum
3599 1179 3675 1216 re-

2121 1253 2299 1309 siduis
2328 1255 2561 1325 navigiis
2589 1272 2686 1325 per
2714 1255 2956 1326 Egmum
2979 1268 3229 1321 currunt,
3274 1254 3518 1322 immissa
3548 1253 3672 1307 divi-

2118 1346 2269 1400 nitus
2299 1348 2568 1416 grandine
2614 1349 2852 1415 ardenti,
2927 1350 3087 1420 cujus
3123 1351 3306 1404 fervor
3345 1350 3521 1418 picem
3575 1363 3676 1415 qua

2118 1439 2316 1494 tabulae
2349 1440 2566 1494 navium
2600 1441 3080 1513 agglutinabantur
3106 1441 3404 1512 liquefecit,
3437 1456 3561 1495 cum
3585 1456 3679 1495 sua

2118 1530 2196 1585 lb’t
2239 1546 2430 1586 omnes
2485 1532 2658 1587 classe
2687 1535 2986 1602 perierunt,
3021 1535 3194 1589 tribus
3218 1543 3427 1589 tantum
3453 1534 3682 1588 navibus

2117 1624 2183 1677 ad
2216 1624 2387 1680 eladis
2414 1624 2677 1679 indicium
2733 1626 2958 1680 domum
3019 1626 3252 1680 reversis
3312 1644 3327 1680 :
3384 1626 3484 1677 Διὰ
3510 1625 3682 1679 ταῦτα.

2120 1718 2365 1789 (subjieit
2394 1718 2536 1773 idem
2563 1719 2774 1790 auctor)
2828 1720 2899 1772 τὰ
2940 1720 3200 1791 ὑπερφυῆ
3263 1720 3547 1787 θαυμάσια
3587 1722 3682 1782 τῆς

2119 1810 2399 1878 πινάγνου
2435 1810 2530 1864 καὶ
2554 1812 2898 1881 θεομήτορος
2925 1811 3022 1880 τὴν
3046 1810 3327 1880 παροῦσαν
3354 1811 3548 1884 ἑορτὴν
3566 1810 3686 1878 ἑορ-

536 1904 878 1969 ᾉκάθιστος
927 1919 985 1974 p.
1035 1903 1158 1957 257.
1209 1901 1604 1957 Celebrabatur
1658 1899 1763 1956 hoc
1813 1901 2011 1957 festum

2127 1901 2378 1971 τάξομεν.
2450 1903 2767 1966 Ἀκάθιστος
2808 1901 2864 1955 δὲ
2898 1902 3137 1972 εἴρηται,
3173 1902 3307 1956 διότι
3357 1902 3686 1972 ὀρθοστάδην

445 1997 745 2051 ἀκάθιστον
785 1996 991 2050 dictum
1022 1995 1099 2064 τῷ
1123 1992 1388 2063 Σαὸὁάτῳ
1431 1993 1531 2062 τῆς
1577 1993 1833 2063 πέμπτης
1867 1995 2017 2046 ἑϐδο-

452 2088 616 2157 μάδος
649 2088 744 2154 τῆς
773 2086 1247 2154 τεσσαρακοστῆς.
1282 2086 1361 2138 ait
1392 2083 1606 2140 Bituale
1649 2085 1962 2139 (ira-corum
1997 2105 2012 2140 :

448 2181 551 2235 hoc
578 2191 657 2234 es'
682 2178 912 2233 Sabbato
943 2178 1139 2248 quintae
1186 2177 1521 2231 hebdomadis
1564 2176 2014 2248 Quadragesima'.

450 2273 607 2328 Unde
645 2281 873 2342 apparet
902 2285 1011 2340 quo
1036 2271 1313 2341 pertineat
1337 2270 1425 2323 illa
1463 2269 1671 2324 mentio
1714 2271 1824 2323 τῶν
1851 2274 2017 2340 συνή-

449 2365 558 2415 θων
582 2363 845 2431 νηστειῶν
896 2360 1255 2431 τελουμένων.
1307 2358 1558 2429 Origines
1600 2374 1759 2429 porro
1802 2361 2020 2414 institu-

450 2457 613 2510 tionis
645 2456 804 2509 istius
851 2454 972 2509 festi
1004 2454 1121 2508 fuse
1149 2452 1560 2507 disserunturin
1580 2454 1771 2506 eodem
1796 2451 2019 2506 Bituali.

454 2549 575 2602 llaec
615 2562 826 2603 summa
864 2554 966 2601 est.
1035 2544 1291 2600 Profecto
1333 2544 1384 2597 in
1426 2544 1703 2598 Persidem
1759 2544 2021 2598 adversus

452 2637 735 2692 Chosroen
780 2634 1029 2690 lleraclio
1057 2635 1406 2704 imperatore.
1433 2633 1722 2702 Chaganus
1747 2632 2022 2704 Mysorum

448 2729 852 2799 etSt-ytbarntn
893 2731 1025 2794 dux,
1082 2738 1244 2797 rupto
1275 2741 1401 2781 eum
1464 2725 1730 2779 Romanis
1785 2725 2019 2791 foedere,

456 2820 623 2891 538
653 2821 722 2875 ab
775 2819 1031 2875 Ucciduis
1094 2818 1344 2889 partibus
1387 2831 1510 2870 cum
1569 2816 2023 2871 numerosissime

450 2912 698 2969 exercitu
747 2911 981 2967 infestus
1050 2908 1576 2979 Constantinopolim
1633 2922 1691 2962 se
1748 2907 2020 2969 admovet,

453 3006 611 3061 obvia
650 3020 881 3076 quaeque
918 3004 1059 3059 foede
1102 3013 1323 3057 vastans
1353 3010 1407 3055 et
1435 3001 1601 3054 multa
1628 2998 1944 3070 blaspheme
1966 3000 2023 3055 in

455 3097 625 3151 Deum
660 3097 897 3152 minans.
924 3096 1122 3151 Eodem
1165 3104 1411 3163 tempore
1443 3091 1711 3146 Sarbarus
1745 3097 1949 3148 missus
1992 3109 2022 3149 a

2120 1994 2245 2047 τότε
2283 1996 2390 2052 πᾶς
2422 1995 2450 2047 ὁ
2489 1993 2616 2057 λαὸς
2644 1994 2788 2047 κατὰ
2813 1994 2910 2065 τὴν
2932 1994 3103 2048 νύκτα
3131 1994 3345 2065 ἐκείνην
3395 1995 3489 2047 τὸν
3520 1995 3687 2064 ὕμνον

2121 2086 2185 2153 τῇ
2225 2083 2321 2137 τοῦ
2351 2085 2524 2151 Λόγου
2559 2086 2730 2155 μητρὶ
2762 2084 3024 2153 ἐμελψαν,
3050 2087 3144 2139 καὶ
3193 2085 3274 2140 ὅτι
3305 2087 3362 2138 ἐν
3389 2087 3525 2139 πᾶσι
3576 2089 3692 2147 τοῖς

2121 2176 2302 2237 sum;
2341 2177 2512 2240 οἴκοις
2562 2176 2836 2247 καθῆσθαι
2886 2177 2944 2242 ἐξ
2998 2176 3153 2239 ἔθους
3204 2178 3440 2246 ἔχοντες,
3477 2177 3538 2229 ὲν
3578 2180 3692 2238 τοῖς

2121 2266 2358 2338 παροῦσι
2409 2267 2510 2338 τῆς
2554 2268 2893 2341 Θιομήτορος
2921 2269 3071 2340 ὀρθοὶ
3101 2271 3298 2333 πάντες
3323 2270 3654 2340 “pompeii;
3674 2288 3689 2302 ο

2123 2360 2229 2415 hoc
2276 2370 2361 2414 est
2401 2378 2417 2415 :
2456 2359 2681 2428 Propttr
2745 2362 2855 2417 [uec
2904 2363 3083 2416 omnia
3134 2372 3241 2416 tam
3290 2364 3609 2416 admiranda
3659 2381 3692 2415 α

2123 2451 2416 2504 castissima
2447 2450 2545 2504 Dei
2586 2451 2848 2506 Genitricc
2905 2469 3061 2520 opera
3108 2463 3322 2519 patrata
3372 2466 3687 2522 presentem

2124 2543 2261 2595 diem
2294 2543 2485 2611 festam
2517 2544 2856 2597 celebramus.
2908 2546 3207 2600 Acathistos
3234 2563 3374 2614 vero,
3415 2549 3570 2615 quasi
3603 2563 3696 2599 ca-

2125 2651 2244 2688 rem
2285 2634 2532 2697 sessione,
2573 2637 2739 2689 dictus
2795 2647 2893 2700 est.
2942 2638 3081 2709 quod
3129 2641 3353 2708 populus
3402 2649 3514 2693 tota
3547 2650 3696 2694 nocte

2124 2726 2314 2779 stando
2367 2728 2616 2796 hymnum
2678 2726 2919 2796 Deipara:
2969 2731 3231 2795 concinat,
3279 2733 3519 2803 quodque
3573 2748 3693 2783 cum

2126 2815 2288 2886 539
2309 2818 2383 2870 ~in
2412 2818 2533 2870 aliis
2585 2817 2783 2872 adibus
2813 2833 2877 2871 ex
2914 2836 3052 2872 more
3078 2822 3254 2874 sedere
3286 2823 3464 2885 liceat,
3492 2824 3546 2874 in
3576 2823 3695 2876 istis

2125 2914 2317 2966 divime
2354 2911 2542 2966 Matris
2569 2914 2727 2967 erecti
2766 2930 2941 2968 omnis
2988 2925 3187 2969 stantes
3218 2915 3596 2970 auscultamus.

2217 3004 2590 3073 Ἅκτουάριος
2627 3022 2683 3075 p.
2723 3005 2844 3061 550.
2897 3006 3077 3073 Quare
3133 3009 3218 3061 hic
3251 3009 3528 3063 Cabasilas
3584 3024 3696 3078 prae

2127 3097 2342 3151 ceteris
2392 3097 2727 3151 intellexerit
2785 3099 3073 3153 imminere
3127 3110 3360 3154 mortem
3407 3104 3693 3170 aegrotanti

450 3189 696 3245 Cbosroe
723 3204 847 3244 cum
885 3188 1062 3258 cepiis
1083 3188 1436 3244 validissimis
1458 3186 1769 3244 Orientales
1796 3188 2025 3257 provin-
2051 3229 2095 3285 ο
2128 3194 2397 3260 Augusto,
2465 3207 2571 3247 non
2632 3193 2794 3247 aliam
2857 3195 3195 3250 comminisci
3254 3195 3695 3251 verisimiliorem

452 3282 569 3334 cias
607 3280 713 3335 late
743 3281 1033 3350 pepulatus
1063 3290 1119 3334 et
1147 3281 1261 3350 ipse
1295 3282 1463 3336 altera
1494 3297 1559 3338 ex
1588 3292 1741 3352 parte
1755 3280 2023 3334 Constan-

453 3376 738 3442 tinopolim
779 3374 1109 3445 aggreditur,
1153 3375 1301 3430 ferro
1335 3373 1658 3445 flammaque
1688 3375 1889 3445 passim
1927 3387 2027 3429 sa-

450 3467 624 3521 vivus.
655 3466 783 3522 Inde
813 3481 879 3521 ex
901 3466 1203 3536 composito
1230 3464 1447 3521 Barbari
1488 3467 1650 3521 ambo
1680 3476 1823 3522 terra
1859 3467 2023 3522 mari-

454 3572 563 3626 que
594 3558 783 3613 urbem
822 3557 983 3613 simul
1009 3568 1351 3629 oppugnant.
1410 3559 1517 3613 Sed
1542 3573 1667 3613 eum
1713 3558 2024 3628 patriarcha

457 3651 679 3718 Sergius
719 3653 975 3719 populum
1007 3651 1075 3705 ad
1107 3651 1381 3706 fidendum
1416 3652 1471 3705 in
1507 3649 1752 3720 Deiparae
1788 3648 2027 3719 patroci-

455 3759 550 3796 n:o
577 3745 855 3813 ipsamque
884 3742 1246 3798 invocandam
1280 3758 1390 3797 non
1422 3742 1620 3797 frnStra
1651 3751 1798 3797 esset
1825 3740 2026 3796 adhor-

457 3842 625 3897 tatus,
668 3842 773 3886 tam
800 3833 1088 3886 manifesta
1112 3833 1193 3887 ira
1226 3833 1317 3887 Dei
1352 3832 1410 3887 in
1445 3844 1739 3901 utrumque
1773 3830 2021 3886 hostilem

455 3924 760 3978 exercitum
806 3924 1072 3989 incubuit,
1112 3933 1260 3979 utet
1300 3933 1586 3979 terrestres
1627 3924 1798 3993 copiae
1852 3922 2024 3977 inter-

461 4016 693 4070 net-ione
726 4015 1064 4082 delerentur,
1104 4027 1160 4071 et
1190 4017 1382 4071 classis
1408 4017 1663 4070 universa
1685 4024 1874 4070 exortu
1909 4028 2029 4084 pro-

458 4109 610 4163 cellis
643 4110 856 4171 subitae,
889 4124 954 4163 ex
980 4109 1109 4163 sinu
1147 4107 1360 4163 Ceratis
1392 4108 1539 4163 dicto
1568 4108 1636 4162 ad
1667 4106 2031 4162 substructio-

460 4216 561 4255 nes
586 4201 770 4270 templi
803 4200 1044 4271 Deipara:
1072 4201 1129 4254 in
1160 4201 1344 4256 littore
1403 4201 1472 4255 ad
1537 4198 1873 4254 Blacheruas
1912 4197 2024 4262 siti,

457 4294 612 4348 allisa
649 4293 1011 4363 frangeretur.
1048 4292 1105 4347 In
1137 4293 1430 4363 gratiarum
1456 4293 1725 4347 actionem
1758 4305 1856 4361 pro
1879 4298 2024 4344 tanta

459 4384 692 4438 victoria
724 4384 962 4453 populus
997 4384 1638 4455 Constantinopolitanus
1655 4394 1873 4438 noctem
1905 4397 2029 4451 per-

459 4472 703 4541 vigilavit
742 4475 798 4528 in
831 4473 1083 4530 laudibus
1117 4475 1386 4546 Deiparaa,
1438 4484 1493 4529 et
1524 4474 1900 4529 anniversaria
1936 4472 2034 4527 de-

2130 3297 2351 3336 causam
2381 3297 2548 3351 queo,
2586 3299 2749 3353 quam
2777 3285 2921 3354 quod
2964 3285 3092 3339 huic
3121 3300 3186 3339 ex
3218 3285 3392 3341 ofﬁcio
3421 3289 3694 3343 incubue-

2129 3375 2199 3429 rit
2238 3374 2534 3444 peculiaris
2587 3391 2718 3430 cura
2767 3376 2863 3429 τοῦ
2911 3378 3222 3446 νοσηλεύειν
3257 3380 3350 3433 καὶ
3380 3384 3699 3449 νοσοκομείν

2128 3467 2510 3535 imperatorem
2534 3467 2725 3522 morbo
2744 3467 3101 3533 laborantem,
3126 3469 3337 3532 intima,
3372 3471 3612 3540 inquam,
3640 3482 3697 3527 et

2129 3571 2249 3627 quae
2282 3558 2389 3613 tale
2438 3567 2653 3629 tempus
2684 3562 2941 3630 postulat.
2970 3562 3217 3617 febrienti
3264 3564 3480 3633 corpori
3531 3564 3697 3618 mini-

2129 3651 2291 3704 steria
2308 3649 2626 3707 exhibendi.
2643 3650 2752 3706 Cur
2778 3666 2936 3719 porro
2956 3655 3113 3708 talem
3144 3656 3451 3711 miniStrum
3475 3658 3698 3712 ἀκτουά-

2129 3758 2246 3810 ρισιν
2268 3738 2624 3811 Pacbymeres
2653 3755 2829 3806 vocet,
2857 3759 2963 3798 non
3001 3745 3161 3800 facile
3208 3756 3462 3802 occurret
3495 3763 3699 3813 praeoc-

2130 3830 2341 3899 copatis
2369 3829 2631 3899 Opinione
2689 3836 2994 3909 communi,
3033 3851 3196 3904 quam
3237 3846 3461 3892 secutus
3490 3840 3698 3894 Casau-

2134 3922 2334 3984 bonus,
2372 3922 2517 3977 notis
2549 3925 2602 3977 in
2634 3922 2966 3980 Trebellium
2989 3927 3308 3993 Pollionem,
3343 3931 3698 4000 reprehendit

2130 4012 2407 4070 Paeonium
2431 4012 2676 4070 Gnaeum
2696 4018 3047 4085 interpretem
3070 4018 3336 4091 Eutrapii,
3366 4022 3513 4090 quod
3537 4038 3696 4091 quam

2134 4108 2187 4163 in
2223 4107 2321 4163 lib.
2362 4123 2414 4162 ix
2451 4107 2716 4163 Breviarii
2774 4107 3113 4179 Eutropiani.
3170 4114 3262 4166 ubi
3295 4116 3363 4168 de
3417 4111 3697 4168 Victorino

2130 4199 2329 4269 agitur,
2373 4197 2566 4253 Latine
2609 4203 2861 4268 scriptam
2900 4211 3176 4269 repererat
3204 4204 3434 4257 actaarii
3488 4221 3698 4267 vocem,

2134 4289 2250 4359 ipse
2278 4287 2465 4344 Graeca
2496 4290 3072 4362 ὑπομνηματογράερου
3098 4308 3208 4347 non
3242 4295 3562 4360 reddiderit,
3605 4297 3697 4351 sed

2136 4382 2413 4450 propriam
2449 4396 2567 4435 eam
2595 4383 2696 4436 viri
2727 4398 2924 4437 nomen
2949 4386 3245 4453 putaverit,
3273 4386 3326 4439 in
3358 4403 3469 4455 quo
3496 4403 3694 4443 secun-

2136 4472 2208 4526 do
2262 4470 2381 4526 sine
2409 4469 2575 4525 dubio
2636 4471 2887 4526 Paeonius
2935 4475 3199 4542 peccavit.
3262 4474 3355 4531 Est
3409 4478 3560 4531 enim
3596 4479 3700 4532 ill.e

464 4565 655 4634 inceps
689 4564 954 4635 religione
984 4564 1127 4619 idem
1162 4574 1417 4635 repetens
1463 4565 1680 4620 initium
1718 4564 1867 4620 dedit
1895 4563 2026 4618 huic
2054 4565 2108 4625 D
2134 4578 2203 4617 et
2232 4562 2475 4616 auctoris
2508 4569 2691 4617 mente
2719 4562 3017 4625 actuarius,
3051 4574 3107 4618 ut
3138 4580 3201 4619 ex
3234 4566 3454 4622 Aurelio
3486 4566 3699 4624 Victore

458 4657 622 4718 festo,
638 4655 781 4726 quod
795 4657 990 4710 deinde
1007 4656 1061 4710 in
1079 4670 1370 4726 perennem
1394 4657 1704 4712 firmitatem
1724 4668 1811 4712 est
1826 4655 2033 4711 stabili-

457 4745 575 4802 tum
597 4747 796 4817 duplici
814 4748 920 4802 alio
939 4746 1177 4817 Deiparae
1198 4746 1628 4804 beneficio.Nam
1646 4763 1769 4803 cum
1790 4756 1909 4817 post
1933 4762 2035 4801 an-

459 4854 591 4892 num
615 4839 946 4893 tricesimum
965 4849 1172 4894 sextum
1192 4839 1398 4909 imperii
1419 4839 1759 4895 Constantini
1775 4837 2031 4908 Pogouati

461 4928 867 4984 Saracenorum
903 4930 1339 4986 innumerabiles
1367 4932 1536 5002 copia:
1564 4930 2030 4999 Constantinopo-

462 5019 555 5073 lim
584 5030 695 5075 toto
734 5023 1020 5092 septennio
1056 5022 1566 5085 circumsedissent.
1618 5021 1861 5077 evidenti
1925 5034 2030 5089 ope

458 5111 766 5181 implorata).
804 5128 835 5165 a
859 5113 1480 5182 Constantiuopolitanis
1514 5112 1568 5166 in
1612 5110 1873 5166 auxilium
1906 5110 2035 5163 Dei-

459 5216 608 5271 parze
652 5203 888 5272 primum
948 5204 1251 5258 hiemantes
1312 5202 1493 5272 Cyzici
1552 5201 1754 5255 multos
1807 5214 2030 5254 suorum

459 5295 722 5360 amisere,
750 5311 875 5350 mox
930 5307 1080 5351 metu
1111 5295 1165 5349 in
1197 5296 1375 5367 fugam
1431 5297 1605 5349 classe
1656 5303 1773 5347 acta
1825 5291 1892 5346 ad
1933 5290 2033 5360 Sy-

462 5388 622 5441 laautn
650 5387 711 5459 [ιι
744 5386 873 5459 5156]
905 5390 1190 5459 ingruente
1222 5386 1523 5441 saevissima
1560 5395 1879 5453 tempestate
1905 5387 2033 5435 sub-

462 5482 624 5531 mersi
668 5482 850 5535 Cuncti
914 5492 1062 5534 sunt.
1121 5480 1405 5534 Posttemo
1449 5478 1551 5531 sub
1606 5474 1788 5530 Leone
1849 5476 2032 5528 lsauro

469 5576 662 5630 iisdem
688 5575 947 5631 Saraceni
977 5576 1223 5630 victoriis
1266 5574 1485 5635 tumidi,
1544 5573 1687 5642 quod
1743 5570 2029 5624 Persarum

457 5682 681 5733 regnum
699 5670 1040 5732 evertissent,
1062 5665 1372 5740 Algyptum.
1392 5666 1648 5723 Africam,
1674 5661 2028 5731 Ethiopiaut,

457 5758 634 5828 ipsum
686 5762 848 5814 etiam
877 5759 1189 5828 Hispaniam
1244 5756 1646 5812 incursionibus
1703 5763 2027 5816 vastassent,

462 5867 587 5905 cum
636 5852 780 5905 mille
833 5853 1167 5922 octingentis
1203 5848 1438 5904 navibus
1496 5845 2025 5916 Constantinopolim

2136 4660 2193 4704 et
2263 4650 2537 4705 Trebellio
2587 4650 2856 4717 Pollione,
2898 4666 3038 4722 quos
3086 4652 3377 4724 Eutropius
3420 4660 3698 4719 esset-ibit,

2136 4742 2434 4798 clarissime
2464 4753 2751 4813 patet,nou
2785 4747 3058 4814 proprium
3089 4762 3351 4815 personae,
3385 4749 3482 4803 sed
3519 4751 3702 4820 appel-

2136 4836 2359 4889 lativum
2421 4836 2768 4899 vocabulum,
2826 4838 2948 4893 viue
2990 4854 3165 4909 genus
3209 4850 3262 4894 et
3327 4844 3698 4899 conditionem

2135 4928 2471 4997 exprimens.
2505 4925 2579 4980 De
2604 4938 2804 4982 caetero
2857 4940 3170 4986 erraturum
3227 4935 3502 4988 contendo
3543 4936 3700 4989 fuisse

2136 5018 2412 5074 Piconinm
2439 5057 2454 5080 ,
2500 5020 2543 5073 si
2574 5019 3144 5090 ὑπομνηματογράφον
3206 5039 3303 5092 pro
3334 5030 3581 5080 actuario
3608 5046 3700 5094 po-

2134 5108 2358 5167 suisset.
2413 5121 2657 5160 errorem
2692 5120 2887 5161 eorum
2934 5109 3025 5176 qui
3064 5110 3301 5178 speciem
3357 5125 3458 5179 pro
3506 5128 3701 5183 genere

2137 5208 2425 5269 usurpant.
2464 5200 2739 5264 Quantum
2768 5204 2917 5255 enim
2959 5217 3025 5256 ex
3074 5203 3260 5257 multis
3285 5202 3552 5274 colligens
3604 5222 3700 5258 an-

2140 5304 2314 5355 tumo,
2355 5292 2585 5346 actuarii
2637 5293 2935 5347 universim
2956 5294 3238 5359 dicuntur,
3276 5296 3367 5364 qui
3403 5299 3696 5351 ministeria

2138 5384 2432 5439 humiliora
2459 5398 2593 5439 usus
2622 5384 2926 5453 qumidiani
2954 5401 3094 5457 opus
3125 5386 3213 5442 his
3246 5388 3576 5444 habentibus
3604 5390 3698 5442 ad-

2136 5476 2352 5540 hibent.
2395 5475 2583 5544 quales
2624 5476 2770 5531 servi
2814 5476 3139 5547 plerumque
3193 5479 3475 5534 veteribus
3526 5489 3694 5544 erant,

2135 5567 2283 5623 unde
2306 5582 2416 5623 nou
2448 5582 2623 5639 usque
2650 5569 2790 5625 adeo
2821 5569 3066 5640 imperite
3102 5571 3241 5626 idem
3269 5568 3521 5626 Peonius
3581 5572 3701 5625 δον]-

2133 5661 2230 5713 λου
2265 5670 2454 5715 νηπκιιι
2486 5662 2803 5734 ἀκτουαρίῳ
2832 5662 3100 5733 adiunxit.
3135 5664 3249 5718 Sub
3281 5664 3382 5719 hac
3412 5665 3695 5718 universa-

2135 5754 2287 5808 litate
2303 5752 2655 5808 iamiliarium
2690 5754 3134 5810 administrornm
3162 5765 3296 5824 puto
3342 5756 3697 5826 comprehen—

2135 5859 2225 5899 sos
2282 5845 2831 5907 commentarienses.
2858 5847 3486 5920 ὑπομνηματογράφους,
3514 5849 3606 5907 sed
3643 5854 3705 5926 et‘
