3992 6520
246 422 379 489 1001

1603 422 2121 484 GLOSSARIUM.

3338 423 3473 487 1002

243 535 583 603 νοσοκόμους
633 532 977 588 inﬁrmorum
1018 542 1299 587 curatores
1362 543 1418 587 et
1450 530 1735 600 chirurgos
1763 540 1815 584 et
1840 532 1889 591 Α
1918 531 2135 584 hensus.
2175 527 2274 593 Qui
2307 528 2421 597 ipse
2456 528 2752 583 Salmasius
2778 529 2905 584 dum
2960 531 3177 600 subjicit
3215 535 3473 590 militares

243 629 442 683 horum
470 626 525 678 in
566 625 756 693 quavis
778 626 903 679 vita:
937 626 1266 679 necessitate
1304 626 1808 679 autcommodltate

242 716 598 785 subadjuvas.
629 715 881 780 Qualium
912 729 1034 769 cum
1066 714 1351 783 plurimam
1383 727 1503 768 esse
1536 721 1809 783 oporteret

241 809 456 877 copiam
482 808 537 861 in
568 807 836 875 obsequio
868 814 1175 861 castrorum
1199 806 1589 872 Romanorum,
1642 820 1709 859 ex
1744 805 1809 860 iis

243 901 415 953 fuisse
475 910 585 953 non
650 913 815 966 parva
877 913 941 952 ex
996 905 1150 967 parte
1197 898 1490 954 conﬂatum
1576 898 1810 951 arbitror

243 988 619 1042 actuariorum
652 1002 871 1057 corpus,
917 989 1061 1057 quod
1123 989 1381 1043 Aurelius
1428 989 1611 1043 Victor
1666 988 1808 1041 illam

243 1082 416 1150 ipsam
457 1078 720 1134 Victorini
751 1081 962 1150 tyranni
993 1095 1089 1149 per
1121 1083 1485 1137 Attititiauum
1519 1080 1806 1151 quemdam

242 1171 576 1235 actuarium,
603 1172 763 1240 cujus
802 1168 891 1225 ille
921 1185 1151 1226 uxorem
1193 1181 1559 1241 stupraverat,
1609 1185 1809 1240 procu-

244 1270 444 1316 ratam'
476 1260 674 1317 caedem
736 1276 1065 1325 memorans,
1128 1263 1386 1318 describit
1432 1263 1517 1317 his
1580 1262 1806 1316 verbis:

244 1352 479 1407 Tantum
520 1354 901 1415 actuariorum,
932 1370 1151 1422 quorum
1182 1355 1296 1407 loco
1328 1354 1663 1408 Attititianus
1709 1351 1808 1403 ha-

245 1445 493 1505 bebatur.
539 1444 593 1497 in
644 1444 871 1497 exercitu
927 1445 1180 1512 factiones
1226 1445 1413 1513 vigent,
1472 1452 1530 1496 ut
1581 1443 1808 1495 arduum

241 1534 535 1602 petentibus
562 1535 772 1587 malitia
797 1542 1118 1601 patraretur.
1146 1533 1321 1590 Genus
1346 1534 1633 1595 hominum,
1665 1548 1807 1602 prte-

239 1628 426 1677 sertim
457 1627 554 1677 hac
587 1633 918 1691 tempestate,
972 1641 1217 1694 nequam,
1262 1625 1463 1689 uenale,
1518 1626 1804 1687 callidum.

242 1718 572 1779 seditiosum,
619 1717 840 1770 habendi
890 1719 1139 1786 cupidum
1186 1727 1345 1783 atque
1400 1716 1468 1770 ad
1520 1723 1809 1787 patrandas

243 1807 461 1874 fraudes
498 1807 849 1875 velandasque
871 1808 1025 1876 quasi
1065 1823 1096 1859 a
1152 1817 1343 1860 natura
1388 1810 1606 1878 factum.
1633 1823 1806 1860 anno-

244 1911 326 1949 πω
356 1898 830 1968 dominans,eoquc
857 1896 1013 1950 utilia
1040 1897 1343 1951 curantibus
1368 1908 1415 1951 et
1440 1900 1665 1967 fortunis
1685 1915 1805 1951 ara-
1844 1881 1885 1937 Β

242 2001 417 2043 torum
481 1991 749 2060 infestum,
800 1991 1029 2059 prudens
1077 1990 1132 2042 in
1177 1997 1406 2055 tempore
1454 1988 1516 2059 [P
1542 1988 1664 2060 567]
1730 1991 1810 2044 his

242 2081 506 2149 largiendi
527 2096 745 2151 quorum
781 2081 1035 2134 vecordia
1060 2081 1356 2149 damnaque
1391 2096 1510 2149 opes
1528 2088 1811 2134 contraxe-

241 2172 330 2222 rit.
364 2170 489 2223 [Lee
513 2170 764 2224 Aurelius
797 2169 1020 2236 Victor;
1056 2185 1176 2239 quae
1196 2179 1389 2224 cuncta
1424 2170 1812 2241 ὑπομνηματο-

245 2262 506 2329 γράφοις,
562 2262 991 2316 amanuensibus
1038 2268 1134 2315 aut
1172 2261 1579 2338 exceptoribus
1621 2277 1810 2317 eorum

240 2365 364 2419 quae
391 2350 691 2414 dictantur,
736 2353 1033 2405 convenire
1064 2351 1154 2421 qui
1186 2350 1406 2415 dixerit,
1429 2367 1514 2407 na:
1540 2352 1587 2408 is
1613 2353 1812 2408 milites

242 2441 525 2496 Romanos
557 2442 747 2495 fecerit
790 2442 954 2496 nimis
1004 2443 1267 2498 litteratos
1314 2460 1331 2499 :
1386 2452 1500 2498 tum
1555 2453 1812 2513 praeterea

243 2532 581 2586 laboraverit
620 2533 674 2585 in
718 2533 1057 2600 expedienda
1105 2534 1339 2597 ratione,
1401 2549 1500 2589 cur
1546 2535 1597 2590 id
1640 2550 1812 2605 genus

243 2639 472 2678 annomn
500 2625 865 2677 dominaretur
893 2625 918 2678 7
958 2640 1117 2693 quam
1178 2626 1622 2681 verisimillimam
1654 2627 1813 2700 55,0

242 2717 462 2781 reddat,
510 2718 597 2787 qui
629 2719 907 2787 paniﬁces,
962 2720 1219 2787 pistores,
1269 2730 1649 2789 Opsonatores,
1684 2737 1814 2777 cau-

242 2821 443 2876 pones,
510 2824 737 2877 coquos,
810 2809 1081 2878 propolas,
1137 2810 1451 2879 pincernas,
1510 2823 1809 2868 castrorum

243 2896 514 2949 frumenti
544 2896 813 2951 menstrui
853 2898 1216 2963 dimensores,
1247 2908 1301 2952 et
1328 2909 1553 2955 caeteros
1568 2902 1619 2956 id
1642 2917 1814 2973 genus

242 2987 308 3039 ad
342 2987 753 3042 inserviendum
805 2987 1164 3043 militantibus
1199 2998 1534 3057 auctoratos,
1568 2993 1622 3045 in
1650 2995 1809 3049 istum

243 3092 543 3130 numerum
574 3078 925 3148 compegerit.
957 3078 1066 3149 Ego
1080 3094 1209 3134 vero
1234 3095 1342 3134 non
1377 3097 1594 3148 parvam
1626 3085 1811 3139 talium

246 3170 628 3223 m‘nistrorum
664 3181 873 3238 partem
928 3170 1097 3225 fuisse
1144 3171 1381 3227 arbitror
1425 3189 1688 3246 aegrorum
1719 3187 1813 3232 aut

242 3262 440 3315 morbo
475 3272 567 3315 aut
620 3263 844 3319 vulnere
891 3279 1182 3334 corporum
1243 3278 1544 3335 curatores,
1592 3271 1809 3325 chirur.

242 3367 363 3421 gos,
408 3352 882 3422 pharmacopmos,
940 3354 1407 3425 \aletudinarios;
1440 3360 1687 3429 qualium
1727 3376 1812 3416 as-

241 3446 444 3498 sectari
471 3446 682 3500 solitam
703 3448 975 3502 exercitus
1004 3447 1278 3505 Romanos
1310 3452 1809 3508 numerosissimam

242 3539 654 3593 multitudinem
682 3554 745 3591 ex
785 3540 960 3594 olIicio
984 3550 1040 3596 et
1071 3543 1299 3610 publicis
1348 3544 1608 3611 impensis
1658 3554 1811 3600 extra

241 3645 466 3683 omnem
508 3631 865 3686 dubitationis
895 3633 1067 3686 aleam
1095 3645 1201 3687 est.
1234 3635 1409 3703 Atque
1436 3635 1573 3690 adeo
1617 3652 1683 3690 ex
1713 3637 1814 3692 hac

240 3723 630 3777 observatione
661 3733 792 3793 puto
827 3724 1000 3779 lucem
1044 3724 1249 3780 alfuudi
1297 3730 1363 3780 ad
1406 3727 1811 3798 intelligendum

241 3815 426 3868 locum
459 3816 759 3884 quemdam
810 3817 863 3871 in
898 3816 1119 3872 Novella
1142 3818 1431 3873 Justiniani
1487 3835 1655 3887 cxvn,
1719 3822 1810 3876 ubi

242 3907 612 3973 praescribens
644 3908 950 3976 imperator
978 3924 1084 3976 qua
1110 3910 1435 3964 certitudine
1481 3911 1675 3965 debeat
1702 3929 1815 3965 nuu-

228 3995 363 4050 lieri
407 4013 555 4053 mors
584 3999 685 4053 viri
721 4000 841 4068 ejus
869 4000 1155 4054 militatum
1182 4000 1410 4071 profecti
1456 4013 1725 4068 constare,
1756 4014 1814 4058 ut

242 4090 349 4143 rite
377 4090 546 4158 possit
605 4090 672 4144 ad
701 4092 905 4145 alteras
964 4095 1181 4161 nuptias
1218 4094 1473 4159 transire,
1539 4094 1810 4159 decernit,

238 4183 500 4249 siquidem
538 4182 591 4234 in
616 4183 999 4236 scholariorum
1035 4184 1202 4236 classe
1231 4186 1309 4237 vir
1334 4184 1422 4237 ille
1475 4187 1741 4251 meruerit,
1777 4203 1811 4239 a

239 4276 433 4343 primis
480 4276 673 4329 scholar
714 4276 768 4329 in
806 4293 965 4345 quam
1013 4278 1235 4344 seriptus
1270 4280 1463 4347 fuerat,
1507 4288 1554 4331 et
1599 4278 1813 4346 insuper

245 4365 313 4418 ab
372 4368 641 4433 actuario,
686 4367 791 4422 hoc
824 4376 927 4434 est,
970 4376 1030 4422 ut
1066 4368 1284 4436 opinor,
1333 4384 1363 4422 a
1427 4370 1682 4441 chirurgo
1727 4371 1809 4424 vel

240 4457 643 4511 valetudinario
701 4458 972 4520 ministro,
1029 4459 1122 4528 qui
1156 4460 1407 4513 videlicet
1464 4460 1511 4515 ei
1558 4464 1808 4515 morienti

1915 620 2020 674 dici
2054 634 2149 673 eos
2192 619 2284 689 qui
2333 619 2644 673 missionem
2696 637 2724 673 a
2776 622 2968 675 militia
3020 637 3366 694 acceperant,
3415 638 3475 682 ut

1916 708 2238 763 consulares
2283 708 2541 761 dicuntur
2596 709 2687 777 qui
2740 711 2990 765 consules
3041 712 3278 781 fuerant,
3340 718 3473 772 mihi

1915 801 2135 870 quidem
2170 815 2279 855 non
2310 801 2602 870 persuadet
2658 817 2772 856 rem
2828 804 2900 857 ita
2926 820 3141 875 semper
3197 808 3472 874 habuisse,

1915 893 2020 945 etsi
2071 907 2179 946 non
2242 908 2436 962 negem
2490 894 2786 963 aliquando
2812 896 2863 950 id
2914 912 3015 950 usu
3075 900 3304 955 venisse.
3355 900 3472 956 Non

1914 980 2105 1043 credo,
2145 980 2387 1049 inquam,
2417 982 2633 1050 quoties
2659 984 2802 1053 apud
2825 988 3123 1053 quemlibet
3153 992 3473 1060 scriptorem

1921 1068 2179 1123 militaris
2249 1069 2445 1140 aliquis
2490 1072 2705 1137 dicitur,
2761 1077 2919 1130 toties
2980 1077 3202 1151 intelligi
3250 1082 3473 1137 militem

1915 1156 2227 1234 emeritum.
2261 1157 2396 1214 Nam
2424 1174 2565 1229 saepe
2597 1163 2848 1218 militaria
2872 1179 2933 1219 ea
2959 1179 3224 1223 vocantur
3259 1186 3378 1239 quae
3407 1172 3475 1226 ad

1916 1248 2117 1303 milites
2152 1251 2448 1316 pertinent,
2492 1260 2553 1307 ut
2586 1269 2734 1309 arma
2781 1265 2837 1310 et
2874 1259 3200 1314 vestimenta
3230 1272 3284 1315 et
3312 1265 3474 1333 equi;

1914 1349 1971 1394 et
2002 1340 2276 1407 calonum,
2305 1343 2559 1411 lixarum,
2602 1346 2941 1414 institorum,
2991 1351 3084 1416 qui
3139 1363 3315 1408 castra
3368 1355 3479 1410 l‘re-

1914 1442 2179 1501 quentant
2208 1442 2266 1488 ut
2318 1434 2584 1491 militibus
2644 1438 2963 1505 inserviant,
3020 1441 3270 1498 militaris
3321 1446 3478 1501 turba

1913 1523 2133 1581 dicitur.
2163 1525 2361 1591 Quidni
2390 1542 2520 1599 ergo
2560 1529 2653 1598 qui
2701 1530 2965 1586 militibus
3023 1547 3359 1604 quocunque
3382 1553 3481 1591 noo

1916 1618 2067 1673 mine
2096 1619 2439 1683 ministrant,
2471 1622 2660 1689 quales
2687 1633 2846 1676 erant
2869 1626 3122 1689 actuarii,
3160 1635 3219 1681 ut
3240 1630 3477 1683 ostendi-

1914 1725 2061 1775 mus,
2093 1711 2359 1767 militares
2385 1712 2493 1768 dici
2536 1715 2851 1782 potuerint?
2888 1716 3030 1771 Sane
3064 1717 3135 1773 ita
3193 1736 3379 1775 vocem
3414 1723 3479 1776 il-

1916 1803 2021 1857 lam
2074 1812 2389 1873 usurpatam
2438 1820 2469 1859 a
2526 1805 2790 1871 Pollione,
2843 1810 3106 1865 attentius
3161 1813 3326 1867 verba
3353 1813 3475 1882 ejus

1916 1897 2275 1964 perpendenti
2303 1905 2473 1965 patet.
2508 1896 2647 1963 Quia
2675 1900 2820 1953 enim
2851 1900 3100 1956 dicturus
3151 1912 3270 1957 erat
3323 1904 3476 1959 necis

1914 2001 2135 2041 causam
2198 1986 2482 2043 Victorino
2523 1988 2691 2043 fuisse
2739 2005 2959 2044 uxorem
3003 1992 3472 2061 actuariistupra-

1914 2086 2043 2143 tam,
2082 2080 2414 2148 praemittere
2436 2080 2585 2134 illum
2616 2082 2856 2149 oportuit
2880 2097 2986 2135 non
3017 2083 3247 2138 militum
3277 2085 3476 2151 solum,

1911 2167 2007 2223 sed
2037 2170 2348 2223 militarium
2373 2172 2557 2234 etiam,
2604 2170 2886 2226 hominum
2913 2173 3106 2242 quovis
3138 2174 3313 2227 olilcio
3340 2176 3482 2228 mili-

1912 2261 2043 2316 tiam
2066 2262 2435 2331 sequentium,
2467 2279 2532 2318 ex
2551 2280 2658 2333 quo
2691 2278 2888 2336 genere
2918 2267 3150 2318 actuarii
3169 2276 3344 2329 erant,
3368 2283 3483 2320 ma-

1918 2352 2192 2408 trimoniis
2223 2355 2642 2424 eorrumpendis
2663 2370 2787 2409 eum
2803 2371 3022 2425 operam
3046 2357 3277 2413 dedisse.
3303 2360 3481 2425 Quare

1914 2445 2234 2497 militarium
2273 2460 2375 2497 vox
2395 2446 2460 2499 ad
2498 2447 2660 2514 paulo
2686 2455 2808 2515 post
2867 2446 3145 2501 inductam
3208 2452 3483 2505 actuario-

1913 2548 2031 2586 rum
2068 2533 2398 2588 mentionem
2432 2534 2659 2604 digitum
2692 2534 2947 2589 intendit.
3016 2534 3109 2590 Ila:
3158 2537 3290 2591 mihi
3328 2540 3481 2595 fuere

1914 2623 2225 2693 suspicandi
2262 2638 2461 2688 causai,
2496 2624 2801 2679 Cahasilam
2846 2624 3004 2696 541,
3046 2629 3205 2696 cujus
3250 2628 3338 2684 hic
3368 2646 3483 2686 me-

1914 2714 2073 2767 minit
2098 2714 2480 2786 Pachymeres,
2506 2716 2798 2786 νοσοκόμον
2820 2726 2875 2771 et
2899 2719 3350 2774 valetudinarium
3379 2738 3481 2775 cu-

1915 2815 2155 2860 ratorem
2193 2804 2443 2859 Michaeli
2471 2805 2771 2877 Palaaologo
2796 2807 3126 2864 moribundo
3153 2810 3477 2877 adhaesisse;

1914 2900 2000 2953 cui
2032 2912 2155 2951 cum
2189 2897 2401 2951 ‘intima
2428 2900 2550 2967 ejus
2576 2899 2837 2967 temporis
2869 2901 3189 2956 admoveret
3236 2904 3481 2957 ministe-

1914 2987 2016 3046 ria,
2046 2985 2204 3041 facile
2232 2987 2382 3057 signa
2412 2987 2606 3042 mortis
2629 2988 2882 3045 instantis
2899 2991 3189 3045 observare
3217 2994 3477 3061 patuerit.

1914 3079 2073 3135 Tales
2102 3079 2249 3134 enim
2280 3078 2702 3151 imperatoribus
2734 3082 3352 3154 Constant'nopolitanis
3385 3102 3481 3155 per

1840 3207 1885 3268 ε
1920 3172 2035 3227 haec
2072 3182 2314 3242 tempora
2343 3174 2655 3228 ministrare
2683 3176 3059 3242 consuevisse,
3120 3178 3214 3247 qui
3247 3179 3477 3232 aetuarii

1918 3265 2140 3318 nomine
2170 3265 2222 3317 in
2279 3262 2539 3319 Palatinae
2572 3266 2854 3336 dignitatis
2901 3268 3163 3323 honorem
3201 3279 3392 3325 erecto
3422 3270 3477 3325 in

1914 3357 2034 3411 aula
2067 3368 2417 3412 versarentur
2446 3359 2699 3413 curanda!
2742 3361 3102 3431 Augustorum
3156 3362 3475 3423 valetudini,

1914 3447 2072 3501 docet
2098 3461 2198 3501 nos
2225 3448 2377 3502 locus
2407 3447 2620 3516 Georgii
2666 3449 2992 3517 Acropolitze
3018 3449 3070 3502 in
3108 3449 3272 3514 Ilist.,
3303 3466 3357 3518 p.
3385 3450 3478 3511 54.

1914 3539 2002 3592 ed.
2039 3538 2170 3607 Reg.
2194 3555 2209 3591 :
2243 3538 2537 3605 ’Δντιλέγει
2564 3538 2619 3590 δὲ
2650 3542 2760 3601 τοῖς
2789 3539 3100 3607 λεγομένοις
3119 3541 3148 3592 ὁ
3175 3541 3356 3609 ἰατρὸς
3389 3541 3481 3593 Νι-

1913 3632 2129 3694 κόλαος,
2179 3631 2319 3701 ἀνὴρ
2388 3631 2587 3701 ἥκιστα
2642 3632 2739 3699 μὲν
2793 3633 3110 3701 φιλοσοφίας
3170 3634 3474 3703 μετασχὼν,

1913 3724 2081 3792 ἄκρος
2108 3724 2165 3775 δὲ
2204 3723 2302 3792 τὴν
2342 3724 2550 3777 οἰκείαν
2586 3725 2805 3793 τέχνην,
2872 3726 2966 3777 καὶ
2997 3726 3232 3793 μάλιστα
3267 3726 3364 3795 τὴν
3388 3726 3477 3779 διὰ

1915 3816 2564 3885 πείραςγινωσκομένην.
2639 3816 2783 3866 Πάνυ
2805 3816 2862 3867 δὲ
2904 3810 3058 3879 οὗτος
3106 3818 3357 3886 ἠγαπᾶτο
3408 3820 3475 3887 τῇ

1916 3905 2164 3976 βασιλίδι,
2196 3906 2524 3974 ἁκτουαρίου
2580 3905 2634 3957 δὲ
2665 3902 2779 3973 εἶχε
2838 3910 3022 3975 τιμήν.
3092 3905 3166 3959 En
3224 3906 3477 3960 Nicotaus

1915 3999 2161 4051 medicus
2197 3997 2250 4049 in
2280 4006 2395 4050 arte
2415 4012 2511 4049 sua
2547 3997 2841 4057 excellens,
2902 4006 2954 4049 et
3008 3998 3306 4065 prmscrtim
3358 3997 3477 4065 ejus

1915 4088 2060 4155 praxi
2097 4097 2257 4155 atque
2289 4101 2389 4140 usu
2441 4086 2648 4148 dexter,
2707 4086 2760 4138 in
2819 4086 3082 4154 obsequio
3131 4096 3247 4141 erat
3292 4087 3476 4142 lreues

1912 4178 2166 4246 Augustae
2206 4176 2426 4229 actuarii
2456 4176 2713 4245 dignitate
2746 4192 2758 4229 :
2787 4176 2974 4244 quidni
3028 4192 3475 4246 paremoperam,

1914 4270 2029 4339 pari
2062 4279 2470 4324 auctoramento
2497 4268 2661 4333 tituli,
2711 4268 2956 4321 lllichaeli
2997 4271 3238 4338 Augusto
3272 4284 3477 4323 memo-

1916 4372 2064 4415 ratus
2097 4362 2198 4415 hoc
2228 4362 2346 4414 loco
2366 4360 2640 4415 Cabasilas
2670 4362 2985 4416 uavaverit?

1996 4454 2282 4521 Ἀλνιάγια
2330 4468 2382 4522 p.
2423 4453 2547 4507 5H).
2581 4452 2642 4523 [P
2676 4451 2801 4521 368]
2847 4452 2946 4508 llic
2976 4468 3163 4507 vocem
3202 4454 3476 4523 ἀ).).πιγίοι;

235 4548 511 4610 astiterit,
546 4550 898 4602 testimonium
944 4549 1302 4618 jurejurando
1344 4551 1616 4617 ﬁrmatum
1663 4554 1808 4605 reddi
1836 4538 1888 4601 D
1922 4546 2209 4599 Vaticanus
2241 4544 2618 4615 interpolator,
2648 4556 2706 4598 ut
2735 4548 2874 4601 solet
2918 4547 3137 4616 quando
3168 4563 3277 4600 non
3314 4549 3478 4602 intel-

240 4640 309 4690 de
330 4640 443 4701 eius
477 4651 663 4693 morte.
688 4640 862 4696 Verba
894 4643 1030 4711 legis
1072 4643 1185 4696 inec
1215 4652 1343 4696 sunt
1380 4660 1392 4694 :
1438 4645 1495 4695 Et
1529 4644 1584 4695 δὲ
1617 4643 1805 4713 σχολὰς

246 4749 360 4799 ρεος
391 4732 475 4801 εἴη
525 4736 725 4797 ἐκεῖνος
774 4731 835 4789 οὗ
875 4736 1000 4804 περὶ
1053 4736 1309 4805 τελευτῆς
1337 4737 1371 4805 ἡ
1405 4736 1810 4805 ἀμφισϐήτησίς

241 4824 385 4885 ἐστι,
425 4823 574 4891 παρὰ
603 4824 710 4876 τῶν
755 4824 986 4893 πρώτων
1045 4825 1147 4893 τῆς
1190 4824 1389 4893 σχολῆς
1448 4825 1540 4876 καὶ
1583 4826 1811 4878 ἁκτουαο

243 4914 365 4983 ρίου
393 4923 497 4967 ctc.
527 4913 703 4968 Hoscc
730 4916 1025 4983 generatim
1058 4916 1335 4969 actuarius
1364 4915 1675 4969 militarium
1709 4931 1809 4969 no-

240 5008 393 5059 mine
429 5006 740 5076 designatos
784 5022 809 5059 a
858 5005 1131 5061 Trebellio
1188 5007 1433 5061 Pollione
1486 5007 1807 5061 crediderim

236 5100 518 5167 equidem,
577 5099 705 5153 dum
761 5099 813 5151 in
878 5100 1016 5152 libro
1058 5099 1131 5152 De
1182 5100 1400 5169 triginta
1448 5101 1688 5168 tyrannis
1743 5100 1809 5154 de

234 5192 542 5253 Victorino,
590 5193 746 5257 cujus
784 5207 946 5260 supra
1003 5192 1245 5257 memini,
1278 5193 1356 5246 sic
1397 5193 1622 5245 scribit:
1654 5192 1807 5246 Solus

241 5283 531 5335 Victorinus
562 5282 615 5333 in
650 5282 868 5347 imperio
923 5282 1194 5343 remansit,
1245 5283 1335 5349 qui
1388 5290 1432 5333 et
1490 5281 1619 5348 ipse,
1673 5285 1808 5351 quod

238 5375 599 5427 matrimoniis
660 5375 888 5426 militum
957 5384 1004 5427 ιιι
1056 5373 1370 5426 militarium
1420 5376 1809 5441 corrumpendis

235 5480 455 5533 Operam
517 5464 685 5528 daret,
726 5481 755 5515 η
811 5464 1037 5532 quadam
1092 5469 1355 5527 actuario,
1395 5463 1541 5531 cujus
1594 5478 1808 5515 uxorem

234 5566 596 5626 stupraverat,
638 5558 925 5624 composita
963 5558 1193 5625 factione
1253 5557 1550 5626 Agrippina:
1599 5570 1809 5625 percus-

198 5688 201 5689 ν
235 5668 347 5711 sus,
385 5659 494 5703 etc.
526 5648 581 5701 In
614 5650 696 5701 his
728 5647 983 5701 Trebellii
1020 5648 1200 5702 verbis
1232 5648 1548 5702 alterutram
1582 5646 1805 5701 istarum

233 5758 435 5797 vocum
466 5742 691 5794 militum
727 5752 773 5794 et
820 5740 1131 5794 militarium
1186 5740 1512 5809 superﬂuant
1559 5754 1678 5792 esse
1713 5753 1809 5806 pu-

236 5838 373 5891 tavit
434 5836 814 5896 Casaubonus,
844 5834 968 5901 jure
1017 5835 1066 5885 in
1100 5834 1199 5886 hoc
1244 5850 1271 5886 a
1321 5833 1587 5887 Silmasio
1614 5846 1803 5901 repre—

476 5932 740 5992 I’ATROL.
777 5932 890 5988 (in.
923 5929 1158 5990 CXLIII

1918 4637 2052 4704 ligit,
2087 4639 2308 4691 omittit.
2338 4638 2413 4692 Nc
2459 4654 2767 4707 qumramus
2802 4640 3066 4708 originem
3104 4640 3269 4709 hujus
3313 4656 3477 4695 voca-

1914 4730 2022 4783 buli
2054 4730 2107 4782 in
2143 4728 2328 4783 Graeca
2368 4731 2569 4800 lingua,
2597 4733 2838 4784 deterret
2861 4742 3053 4784 auctor
3085 4731 3218 4800 ipse,
3252 4734 3342 4802 qui
3367 4748 3473 4787 nou

1913 4823 2397 4877 obscure-indicat
2438 4823 2786 4893 peregrinum
2839 4823 2889 4874 id
2939 4837 3059 4875 esse
3105 4833 3160 4876 et
3214 4839 3312 4876 usu
3367 4823 3474 4876 illic

1911 4913 2112 4981 vulgari
2174 4914 2401 4966 militum
2457 4914 2840 4981 plerorumque
2891 4925 3201 4967 esterorum
3266 4915 3471 4968 tritum.

1914 5004 2024 5072 Ego
2058 5005 2228 5057 donec
2260 5004 2604 5057 verisimilius
2634 5004 2834 5072 aliquid
2859 5004 3049 5057 afferat
3072 5005 3361 5075 quispiam,
3388 5021 3475 5059 su-
3526 5050 3529 5055 .

1914 5095 2092 5162 spicor
2122 5095 2385 5147 Gallicum
2421 5109 2541 5149 esse
2590 5104 2682 5147 aut
2729 5094 3090 5147 deformatum
3132 5112 3195 5148 cx
3249 5093 3471 5150 Gallico.

1914 5186 2047 5239 Nam
2070 5185 2207 5239 Galli
2234 5186 2347 5239 sive
2373 5186 2587 5250 Franci,
2620 5196 2676 5240 ut
2706 5186 3053 5239 notissimum
3088 5197 3190 5248 est,
3221 5189 3472 5257 permulti

1912 5280 1981 5332 ab
2014 5278 2173 5331 annis
2206 5278 2375 5331 ferme
2406 5277 2657 5331 ducentis
2689 5278 2975 5331 occasione
3003 5292 3280 5331 sacrarum
3306 5293 3471 5346 expc-

1912 5372 2176 5424 (litionum
2226 5371 2279 5422 in
2332 5369 2436 5422 illis
2478 5369 2721 5437 partibus
2760 5368 3146 5422 militaverunt.
3198 5369 3261 5422 Ili
3310 5385 3476 5438 porro

1912 5470 2033 5517 cum
2065 5462 2273 5515 soleant
2306 5461 2465 5515 sedes
2494 5461 2558 5514 ad
2588 5460 2979 5513 hibernandum
3015 5461 3302 5513 attributas
3332 5461 3476 5513 ntili-
3502 5490 3515 5495 -

1913 5556 2059 5609 tibus
2094 5556 2145 5607 in
2181 5555 2333 5624 pagis
2362 5564 2455 5607 aut
2486 5552 2698 5622 oppidis
2724 5553 3100 5621 allogiamenta
3139 5553 3251 5606 sive
3277 5552 3473 5621 allogia

1914 5661 2107 5699 vocare
2139 5645 2320 5714 (hodie
2341 5644 2531 5697 dicunt
2561 5644 2633 5695 les
2656 5642 2918 5712 logemens
2937 5646 2998 5695 de
3019 5659 3141 5712 gens
3164 5644 3226 5695 de
3245 5645 3473 5711 guerrc),

1910 5753 1972 5792 ea
2006 5738 2365 5807 Pachymeres
2393 5739 2557 5789 unius
2587 5735 2776 5788 litterae
2806 5736 3103 5789 mutatione
3134 5734 3322 5804 allagia
3367 5752 3477 5784 vu-

1912 5830 2134 5883 caverit.
2172 5829 2275 5882 Res
2302 5836 2482 5881 autem
2512 5827 2641 5881 satis
2674 5825 2862 5881 suadet
2914 5827 3048 5895 ipsa,
3092 5826 3197 5879 ista
3246 5840 3474 5893 corpora

3063 5919 3144 5977 32
