3992 6542
551 404 687 469 1003

2979 307 3016 317 ον

1445 411 1508 470 Ρ.
1552 408 1854 470 POSSINI
1900 409 2545 478 OBSERVATIONUM
2589 419 2734 480 LIB.
2784 421 2830 481 l.
3634 424 3744 487 ιυί

548 518 748 574 diversi
796 517 1010 589 generis
1057 518 1290 574 militum
1349 519 1726 575 contuberniis
1770 530 1826 575 et
1866 519 2114 590 hospitiis
2144 526 2188 581 Α
2219 527 2478 582 vetuisset
2529 529 2850 586 nominatim
2905 546 2975 588 ne
3025 533 3190 588 etiam
3234 535 3354 598 eius
3405 533 3748 590 confessarius

549 613 719 667 fuisse
745 612 916 667 divisa
939 652 954 676 ,
987 612 1061 665 ita
1110 623 1167 665 ut
1197 610 1582 682 Paphlagones
1609 611 1756 666 verbi
1789 611 1960 682 gratia
2004 624 2112 665 uno

546 705 600 758 in
636 704 837 772 oppido
879 705 1170 758 stationem
1211 704 1512 767 haberent,
1547 701 1787 757 Thraces
1845 702 1900 755 in
1954 701 2064 755 alio
2094 740 2108 766 ,

549 796 798 866 Phryges,
817 795 1158 862 Macedones,
1178 794 1328 864 Mysi,
1355 794 1521 848 Cares
1547 801 1601 848 et
1625 792 1814 861 reliqui
1841 792 2108 858 similiter,

545 891 708 947 atque
741 883 878 935 adeo
903 890 982 934 tot
1009 894 1194 937 essent
1225 897 1455 952 corpora
1487 889 1618 950 quot
1641 881 1832 951 allogia
1861 881 1974 935 sive
2014 881 2113 935 bo-

544 973 703 1042 spitia
743 981 837 1027 aut
875 974 990 1027 loca
1029 972 1272 1027 hibernis
1312 971 1594 1036 attributa,
1644 972 1787 1025 unde
1827 971 2112 1025 invalucrit

545 1075 598 1118 ut
629 1063 753 1132 ipsa:
783 1064 885 1117 illa:
919 1063 1158 1133 legiones
1187 1062 1382 1132 allogia
1413 1063 1526 1117 sive
1553 1061 1749 1133 allagia
1775 1061 2106 1118 dicerentur.

545 1155 667 1209 Nam
691 1155 734 1207 si
767 1155 948 1208 minus
968 1153 1205 1222 cuipiam
1234 1152 1540 1218 arriserint,
1564 1153 1836 1206 remittam
1856 1153 2108 1222 equidem

543 1249 664 1316 ejus
697 1262 868 1301 causa
921 1261 1028 1300 non
1064 1253 1287 1314 gravate
1327 1243 1395 1299 de
1435 1243 1643 1314 origine
1673 1258 1740 1298 ac
1783 1244 2061 1299 notatione
2091 1261 2105 1297 :

543 1343 610 1395 de
650 1341 872 1395 notione
917 1338 1136 1408 quidem
1173 1337 1324 1392 vocis
1373 1352 1567 1391 vereor
1611 1346 1670 1390 ut
1710 1336 1937 1407 possim,
1983 1351 2106 1391 cum

543 1435 662 1502 ejus
709 1442 986 1487 auctorem
1022 1431 1250 1485 habeam
1303 1429 1581 1486 idoneum.
1611 1428 1877 1498 Georgius
1908 1430 2104 1498 Acrop.

541 1544 592 1582 c.
623 1526 691 1580 59
749 1524 920 1587 Πὲειη
959 1540 1012 1592 p.
1050 1522 1116 1578 66
1146 1521 1236 1576 ed.
1281 1519 1439 1589 Reg.,
1477 1521 1544 1573 de
1584 1520 1813 1589 quodam
1843 1517 2109 1574 Constan-

543 1619 657 1672 tino
698 1615 1003 1686 Margaritc,
1051 1613 1284 1682 priurum
1308 1612 1443 1666 dicit
1478 1611 1643 1666 fuisse
1681 1611 1833 1664 illum
1877 1610 2109 1680 ἄρχοντα

540 1709 785 1775 ἁλλογίου
813 1705 998 1770 αὑτοῦ,
1033 1703 1212 1758 uimir'
1233 1719 1290 1757 ,λι
1322 1704 1455 1770 imp.
1488 1700 1793 1768 Theodori;
1827 1709 1940 1756 tum
1981 1715 2103 1770 pag.

542 1808 800 1871 sequente
826 1799 876 1852 id
903 1800 1075 1868 ipsum
1095 1797 1372 1865 explicans
1394 1794 1496 1848 ait:
1535 1794 1592 1846 Ὀ
1615 1792 1669 1846 δὲ
1699 1791 1946 1862 βισιλεὺς
1973 1790 2106 1844 Θεό-

539 1895 705 1962 δωρος
731 1893 963 1961 ἄρχοντα
988 1889 1088 1956 τῆς
1113 1885 1274 1939 αὐτοῦ
1316 1886 1672 1955 κατωνόμαχε
1698 1883 1924 1948 τάξεως.
1953 1879 2102 1937 Con-

540 1986 839 2040 stantinum
871 1981 1208 2050 Margariteut
1233 1993 1394 2048 quem
1428 1987 1555 2032 ante
1595 1976 1807 2032 dixerat
1841 1975 2100 2043 ἀλλαγιου

541 2077 802 2147 βασιλέως
833 2075 1089 2144 ἄρχοντα,
1138 2087 1284 2127 nunc
1317 2080 1472 2125 vocat
1501 2070 1736 2139 ἄρχοντα
1763 2069 1860 2138 τῆς
1899 2067 2105 2132 τάξεως

535 2169 847 2239 βασιλικῆς.
899 2165 1064 2235 Igitur
1117 2164 1262 2219 idem
1311 2163 1463 2229 τάξις
1507 2173 1562 2216 et
1607 2160 1878 2226 ἀλλάγιον.
1912 2159 2104 2226 Τάξεις

537 2271 719 2316 autem
745 2268 800 2314 et
823 2259 1075 2326 τάγματα
1100 2254 1341 2326 legiones
1372 2263 1466 2307 aut
1493 2251 1744 2308 cohortes
1781 2249 1980 2307 Graecis
2023 2253 2105 2308 di-

541 2368 656 2410 ctas
687 2355 808 2423 quis
837 2353 1012 2406 nescit
1043 2351 1166 2419 (ΙΝ

611 2445 772 2517 542
812 2442 1142 2498 Ἄλϐαν-ἴτω
1170 2459 1221 2512 p.
1254 2441 1379 2496 557.
1408 2441 1530 2510 Agit
1563 2439 1630 2496 de
1658 2439 1850 2495 vicinis
1875 2441 2106 2511 Dyrrlta-
2149 2519 2157 2524 _

533 2538 666 2592 chio
699 2535 936 2606 populis,
969 2543 1065 2587 aut
1091 2532 1276 2602 p0tius
1301 2529 1632 2585 suburbanis
1669 2529 1906 2584 rusticis.
1937 2530 2102 2584 Alba-

533 2643 733 2682 norum
771 2625 1046 2696 regionem
1072 2624 1125 2678 in
1151 2621 1465 2677 Macedonia
1489 2620 1811 2676 Ptolemaeus
1832 2621 2100 2691 agnoscit.

531 2724 712 2777 Porro
742 2719 963 2788 antiqua
1005 2717 1318 2771 Macedonia
1353 2714 1644 2785 postremis
1677 2715 1826 2768 hisce
1850 2711 2094 2768 Orienta-

531 2815 608 2870 lis
637 2811 852 2882 imperii
878 2807 1214 2865 senescentis
1240 2806 1574 2874 temporibus
1597 2805 1650 2858 in
1673 2815 1909 2874 quatuor
1928 2805 2102 2859 divisa

533 2911 723 2971 partes
758 2899 996 2971 priscum
1036 2912 1236 2952 nomen
1282 2898 1336 2951 in
1369 2897 1487 2950 sola
1531 2895 1930 2950 mediterranea
1967 2896 2100 2948 reti-

533 3005 752 3050 nuerat.
780 2993 912 3047 Pars
940 3005 1066 3045 vero
1097 2990 1214 3059 ejus
1239 2987 1476 3043 conﬁnis
1510 2987 1789 3042 Dalmatia:
1813 2998 1868 3042 et
1893 2987 2102 3058 Illyrici

542 3088 763 3143 Albania
792 3087 902 3155 jam
940 3093 1088 3144 tunc,
1132 3081 1210 3135 uti
1245 3090 1298 3134 et
1333 3079 1516 3143 hodie,
1553 3079 1963 3150 appellabatur;
2011 3079 2101 3133 ubi

2212 615 2486 686 Josephus
2515 619 2690 690 ipsum
2723 637 2924 678 arcano
2953 623 3297 679 conﬁtentem
3331 623 3583 694 deinceps
3614 626 3758 680 audi.

2215 717 2295 760 ret
2316 717 2410 762 aut
2438 709 2764 767 absolveret.
2797 713 2854 765 Id
2884 721 3065 768 tamen
3099 714 3203 769 sibi
3231 714 3400 768 fuisse
3431 714 3748 782 prohibitum

2212 798 2442 866 negabat
2473 799 2764 869 Iosephus.
2804 801 2948 858 Sane
2977 805 3183 858 scimus
3209 804 3601 860 dissimulando
3639 821 3751 874 per-

2211 887 2284 940 mi
2322 888 2425 943 isse
2459 891 2821 959 patriarcham
2867 905 2923 949 ut
2949 896 3258 964 Augustus,
3289 894 3412 949 licet
3438 910 3467 950 a
3497 911 3558 951 se
3586 896 3750 950 inter-

2211 977 2384 1031 dictus
2413 981 2601 1043 sacris,
2629 982 2804 1050 aliqua
2835 990 3011 1036 tamen
3045 983 3462 1052 participatione
3495 999 3748 1038 sacrorum

2211 1077 2486 1136 uteretur;
2529 1081 2585 1126 ut
2612 1072 2868 1127 distincte
2904 1073 3262 1144 Pachymeres
3295 1073 3484 1136 refert,
3521 1075 3750 1128 inconse-

2208 1163 2486 1230 quentiam
2521 1164 2642 1232 ejus
2675 1165 2800 1222 facti
2845 1183 3136 1225 excusans.
3171 1169 3208 1222 Ι.
3245 1184 3345 1234 ιιι,
3377 1183 3425 1222 c.
3465 1169 3552 1222 μ.
3589 1167 3749 1233 Quare

2211 1254 2323 1308 ﬁeri
2356 1257 2529 1324 potuit
2559 1266 2615 1310 ut
2648 1266 2704 1311 et
2729 1258 2781 1312 in
2813 1258 3170 1328 relinquendo
3205 1260 3280 1313 illi
3309 1275 3408 1314 usu
3435 1259 3608 1314 libero
3633 1275 3748 1332 con-

2209 1343 2463 1399 fessionis
2521 1362 2734 1402 arcanat
2795 1350 3160 1414 conuiveret,
3216 1363 3326 1404 non
3400 1347 3750 1402 interdicendo

2206 1431 2447 1504 Josepho
2475 1438 2592 1506 ejus
2625 1437 2958 1492 confessario
2989 1455 3057 1493 ne
3091 1440 3193 1508 ipsi
3229 1438 3566 1509 patuitvntia:
3592 1453 3750 1492 sacra-

2207 1539 2451 1584 mentum
2487 1531 2739 1600 privatim
2770 1531 3127 1587 ministraret.
3153 1531 3284 1585 Vide
3308 1548 3430 1602 quze
3451 1531 3750 1587 adnotamus

2210 1620 2376 1674 Verbo
2415 1623 2804 1691 πνευματικός.

2288 1714 2576 1783 Ἀνταςιοικὰ
2632 1731 2684 1784 p.
2713 1715 2836 1771 375.
2877 1716 3148 1787 Ἀναφορά
3193 1715 3284 1770 hic
3325 1725 3486 1771 sonat
3518 1715 3751 1784 prolatio-

2210 1822 2342 1868 nem,
2372 1817 2431 1860 ut
2464 1807 2588 1861 alibi
2618 1809 2887 1878 προφορά.
2919 1807 3116 1863 Notum
3143 1807 3288 1862 enim
3321 1807 3650 1877 npocpoptxdv
3675 1806 3749 1858 λά·

2206 1915 2301 1966 γον
2328 1900 2531 1968 opponi
2557 1899 2846 1969 ὲνόιαθέτῳ
2867 1901 3006 1970 apud
3027 1897 3268 1966 Graecos,
3286 1910 3346 1952 ut
3374 1899 3524 1966 apud
3551 1896 3749 1951 Latinos

2205 1991 2504 2060 opponitur
2557 2005 2740 2044 sermo
2785 2006 2918 2046 voce
2959 1990 3205 2060 prolatus
3247 2000 3433 2044 mente
3487 1997 3746 2055 concepto.

2209 2081 2389 2136 Videri
2423 2081 2585 2136 etiam
2623 2092 2803 2151 potest
2833 2081 3074 2137 adhibita
3109 2096 3211 2136 vox
3235 2095 3354 2150 quae
3377 2087 3604 2149 propter
3624 2093 3750 2131 corn-

2208 2174 2532 2242 positionem
2571 2189 2636 2226 ex
2671 2173 3054 2243 praepositione
3084 2173 3184 2226 ἀνὰ
3209 2211 3224 2235 ,
3254 2172 3634 2242 repetitionem
3672 2177 3750 2221 aut

2206 2265 2633 2334 resumptioncm
2662 2265 3021 2334 signiﬁcante,
3057 2264 3304 2319 innueret
3338 2263 3503 2317 istam
3535 2275 3749 2329 pronun-

2206 2356 2488 2412 tiatiouem
2523 2356 2665 2410 inter
2697 2355 2854 2427 56.3
2875 2371 3028 2411 sacra
3059 2355 3327 2426 publicam
3359 2354 3601 2408 nominis
3620 2367 3749 2421 papa

2207 2462 2314 2500 non
2345 2461 2492 2500 nunc
2525 2445 2762 2514 primum
2809 2444 3136 2509 institutam,
3167 2444 3260 2498 sed
3294 2457 3422 2497 cum
3469 2443 3598 2498 olim
3641 2449 3748 2495 ante

2205 2536 2443 2590 schisma
2479 2535 2672 2589 fuisset
2702 2535 2922 2600 usitata,
2952 2549 3098 2588 nunc
3127 2533 3463 2589 restitutam.

2287 2627 2494 2697 Ἁνέμα
2523 2628 2750 2694 πύργος
2803 2643 2855 2696 p.
2885 2625 3012 2680 578.
3054 2624 3127 2680 De
3163 2624 3374 2679 Joanne
3422 2622 3596 2676 Vecco
3638 2622 3746 2693 agit.

2203 2717 2393 2771 Turris
2423 2718 2537 2771 haec
2570 2718 2812 2779 Anemaa.
2845 2730 2986 2784 quae,
3012 2715 3104 2770 ubi
3137 2724 3192 2769 et
3230 2715 3374 2768 unde
3401 2714 3483 2767 sic
3514 2712 3649 2767 dicta
3671 2713 3745 2776 sit,

2202 2813 2364 2866 docet
2399 2811 2553 2865 Anna
2585 2815 2885 2872 Cumuena,
2919 2810 2956 2864 l.
2991 2825 3066 2865 xu
3105 2809 3394 2873 Aleziadis,
3431 2824 3467 2878 p
3525 2808 3643 2872 δα,
3672 2808 3747 2860 tri

2204 2911 2489 2972 postquam
2517 2901 2912 2970 deprehensam
2947 2898 3226 2953 Michaelis
3252 2900 3480 2954 Anezna
3512 2897 3567 2950 in
3598 2897 3748 2966 impe-

2202 3003 2437 3047 ratorem
2469 2989 2717 3048 Aiexium
2737 2991 3166 3060 eonjurationem
3192 2989 3396 3052 retulit,
3430 2999 3487 3044 et
3508 3003 3566 3043 se
3594 2988 3745 3056 ipsas:

2203 3099 2422 3138 curasse
2445 3083 2676 3136 decreta:
2699 3081 2797 3151 ipsi
2829 3083 2881 3134 in
2905 3095 3118 3149 poenam
3142 3081 3529 3136 excaecatiouis
3548 3079 3745 3148 gratiam

534 3192 653 3235 erat
684 3174 1133 3249 Dyrrhachiensis
1159 3172 1372 3233 civitas,
1400 3171 1559 3238 cujus
1587 3187 1746 3226 casus
1776 3181 1930 3225 terra;
1952 3181 2100 3225 motu
2128 3182 2171 3242 ί]
2206 3176 2461 3228 daumato
2493 3173 2627 3236 lieri,
2664 3172 2851 3226 subdit
2880 3171 3102 3226 ductum
3131 3187 3252 3226 eum
3286 3172 3459 3224 fuisse
3491 3171 3543 3224 in
3579 3168 3742 3222 turrim

535 3283 741 3326 eversa!
787 3267 876 3321 hic
921 3271 1276 3320 memoratur.
1336 3260 1410 3314 Ex
1463 3261 1692 3316 Albania
1737 3277 1899 3330 porro
1957 3271 2101 3315 recte

533 3361 741 3434 gentile
773 3373 971 3413 nomen
1005 3353 1268 3413 formatur
1303 3353 1589 3408 Albauitte.

622 3445 954 3518 Ἀμηρανιῆς
996 3461 1049 3514 p.
1084 3443 1208 3498 508.
1255 3442 1480 3496 \‘idetur
1532 3458 1793 3513 usurpare
1841 3443 2099 3513 ἀμηραλῆ

528 3549 595 3596 ut
634 3536 910 3608 proprium
947 3533 1047 3589 viri
1074 3547 1295 3595 nomen,
1319 3548 1626 3602 quanquam
1656 3542 1710 3586 et
1735 3533 1901 3589 videri
1929 3534 2102 3604 possit

531 3629 925 3700 appellativum
961 3625 1279 3679 vocabulum
1309 3623 1610 3693 dignitatis,
1648 3624 1958 3695 praefectum
1984 3641 2100 3680 nna-
2134 3625 2151 3640 ⁸

532 3727 613 3778 vis
645 3722 920 3784 indicans;
949 3719 1106 3784 cuius
1142 3729 1194 3773 et
1234 3719 1472 3774 notionis
1508 3730 1560 3773 et
1595 3717 1744 3773 vocis
1785 3735 1940 3772 usum
1969 3719 2100 3773 satis

536 3815 804 3870 celebrem
833 3812 974 3881 apud
1009 3813 1104 3866 hos
1128 3811 1424 3880 scriptorcs
1461 3811 1782 3879 Neogratcos
1822 3810 2003 3880 quivis
2035 3811 2091 3863 in

537 3909 604 3961 iis
634 3913 880 3961 versatus
902 3903 1074 3964 novit,
1106 3913 1161 3956 et
1191 3902 1348 3956 docet
1373 3901 1640 3957 Meursius
1667 3903 1831 3957 verbo
1867 3903 2102 3972 ’Λμηρά-

525 3999 643 4060 -λιος
672 4008 728 4051 et
772 3995 1035 4064 Ἀμηρᾶς.
1071 3993 1178 4064 Ego
1202 3993 1321 4046 sine
1347 3991 1664 4062 przejudicio
1694 4007 1806 4046 rem
1834 3993 2097 4063 integram

535 4091 588 4142 in
628 4087 805 4142 medio
843 4087 1124 4154 relinquo,
1159 4083 1473 4152 exprimens
1506 4084 1558 4136 iu
1598 4082 1853 4136 versione
1891 4080 2100 4136 Latinis

533 4179 727 4235 litteris
752 4191 869 4231 eam
905 4175 1076 4245 ipsam
1107 4191 1315 4237 vocem,
1341 4189 1502 4242 quam
1532 4173 1703 4228 lector
1743 4190 1839 4242 pro
1881 4189 1978 4227 suo
2009 4191 2099 4227 ar-

526 4269 693 4323 bitrio
723 4267 808 4321 vel
835 4264 1052 4334 proprie
1081 4263 1164 4318 vel
1190 4262 1514 4332 appellative
1541 4278 1757 4316 sumere
1787 4261 2006 4331 poterit.

615 4358 1040 4424 Ἀναδέχεσθαι
1082 4353 1181 4408 καὶ
1215 4352 1484 4422 ἀναδοχή
1545 4369 1598 4423 p.
1649 4353 1777 4407 256.
1826 4351 1939 4407 Hoc
1978 4351 2097 4407 loco

530 4443 670 4506 duas
717 4449 778 4519 [Ρ
818 4445 944 4517 369]
977 4447 1097 4502 illas
1163 4460 1326 4500 voces
1373 4444 1635 4513 ἀναδοχῆς
1690 4453 1744 4499 et
1787 4443 2100 4514 ἀναδέχοιτο

2208 3282 2372 3336 prope
2430 3265 2686 3335 palatium
2718 3262 3033 3319 aedificatam
3059 3272 3166 3344 ,‘et
3198 3263 3269 3316 ibi
3302 3262 3553 3314 habitum
3586 3261 3636 3313 in
3664 3274 3744 3314 cu-

2204 3359 2400 3413 stodia.
2431 3356 2670 3412 Ascribit
2699 3355 2893 3411 deinde
2920 3357 3035 3410 hac
3058 3355 3242 3420 verba,
3262 3370 3383 3423 qua:
3412 3353 3652 3406 indicant
3672 3349 3742 3403 isti

2203 3450 2462 3518 deinceps
2504 3449 2625 3503 loco
2672 3449 2832 3503 turris
2864 3447 3079 3503 Anema:
3122 3446 3550 3519 appellationem
3589 3443 3745 3499 adha-

2202 3545 2361 3598 sisse.
2393 3541 2562 3598 Οὔπω
2592 3541 2635 3595 δ’
2663 3534 2818 3604 οὗτος
2868 3541 2967 3612 τῆς
3009 3541 3231 3610 εἱρκτῆς
3274 3535 3648 3608 ἠλευθεροῦτο,
3669 3533 3744 3586 sui

2200 3633 2292 3685 τὸν
2347 3633 2648 3702 Γρηγόριον
2693 3627 2847 3694 αὖθις
2898 3633 2930 3700 ἡ
2980 3629 3072 3682 τοῦ
3117 3629 3316 3697 Ἀνέμα
3353 3623 3504 3698 εἶχεν
3554 3625 3741 3696 εἱρκτὴ.

2203 3724 2412 3793 nam,
2445 3723 2490 3776 δ’
2517 3705 2586 3794 ἧι)
2630 3740 2712 3788 τις
2751 3723 2857 3776 τῶν
2889 3722 3058 3791 duo?)
3102 3722 3210 3774 τῶν
3237 3723 3296 3774 ὲν
3326 3719 3653 3788 Βλαχέρναις
3678 3717 3742 3768 δι-

2201 3817 2450 3884 ακτόρων
2509 3815 2867 3884 διτκειμένων
2914 3813 3108 3882 τειχῶν
3155 3814 3254 3881 τῆς
3305 3811 3536 3878 τώλεως,
3590 3812 3616 3864 ὁ
3665 3807 3742 3860 τοῦ

2213 3908 2417 3977 Ἀνεμᾶ
2446 3907 2608 3960 καὶού
2619 3922 2797 3975 μενος,
2827 3907 3016 3974 ὥσπερ
3038 3922 3090 3957 τι
3119 3904 3279 3974 λάχος
3312 3904 3409 3974 τὴν
3449 3901 3742 3968 ἐπωνυμίαν

2199 3997 2428 4067 ταυτηνὶ
2462 3999 2880 4067 κληρωσάμενο;
2923 3997 3010 4050 διὰ
3039 3997 3098 4048 τδ
3133 3996 3358 4066 πρώτως
3391 3995 3485 4047 τὸν
3533 3992 3742 4062 Ἀνεμᾶν

2205 4089 2537 4161 σιδηρόδετον
2569 4088 2821 4152 δ;ξισθαι
2868 4088 2960 4140 ἐπὶ
2989 4087 3156 4140 πολὺν
3199 4088 3257 4138 ἐν
3302 4085 3453 4155 αὐτῷ
3487 4100 3742 4155 χρονοτρι-

2200 4187 2441 4250 ὖῄσαντα
2467 4183 2673 4249 χρόνον.
2707 4179 2830 4233 llaec
2861 4181 2931 4234 ibi
2969 4181 3156 4242 Anna;
3184 4193 3304 4248 quae
3333 4178 3412 4233 sic
3443 4179 3572 4232 olim
3601 4174 3742 4231 verti-

2200 4286 2355 4326 mus:
2391 4269 2635 4324 A’oudum
2681 4271 2725 4322 is
2775 4286 2834 4323 eo
2879 4286 3085 4322 carcere
3129 4268 3374 4320 liberatus
3412 4269 3608 4338 fuerat,
3642 4280 3741 4318 cum

2199 4360 2365 4412 alium
2405 4361 2660 4427 hospitem
2703 4356 3012 4428 Gregorium
3055 4359 3162 4410 haec
3203 4370 3317 4426 qui:
3355 4358 3503 4420 prius
3554 4359 3742 4409 Atreum

2201 4453 2376 4521 fuerat
2411 4451 2566 4503 unius
2595 4449 2828 4505 custodia
2860 4449 3075 4516 excepit.
3111 4447 3285 4500 Turris
3311 4458 3487 4500 autent
3513 4456 3623 4500 erat
3653 4461 3740 4498 uua

534 4542 797 4614 peculiari
849 4541 1084 4608 quadam
1137 4537 1391 4622 usurpari
1433 4536 1801 4592 ecclesiastica
1848 4537 2094 4601 notione,
2128 4547 2173 4605 ι)
2201 4543 2442 4604 qua’dam
2473 4557 2537 4594 ex
2585 4541 2647 4592 iis
2688 4556 2802 4604 qua:
2853 4555 2941 4608 per
2985 4540 3230 4591 martium
3288 4539 3520 4590 civitatis
3561 4543 3740 4604 partem

532 4637 689 4700 facile
711 4633 973 4688 attentius
995 4631 1176 4685 omnia
1198 4627 1658 4697 circumspicienti
1682 4637 1848 4698 patet.
1871 4627 2098 4684 Videtur

529 4733 708 4777 autem
742 4721 894 4791 prius
918 4719 1240 4774 vocabulum
1273 4717 1536 4788 ὰναδοχῆς
1568 4718 1624 4772 in
1662 4733 1728 4773 eo
1765 4718 1854 4772 hic
1885 4719 2096 4789 signiti-

529 4825 652 4869 catu
679 4813 827 4882 poni.
853 4820 912 4866 ut
935 4810 1554 4866 imlicetabsolutionem
1574 4811 2022 4865 sacramentalem
2043 4810 2095 4863 in

531 4905 790 4960 tribunali
815 4904 1171 4960 confossionis
1185 4918 1393 4957 arcanae
1419 4902 1684 4971 impertiri
1707 4902 2098 4972 paenitentibus

528 4998 739 5051 solitam
773 5011 802 5049 a
830 4996 1113 5050 sacerdote
1135 4992 1565 5064 iurisdictionem
1597 4991 1734 5046 adid
1758 4990 2091 5045 ordiuariam

527 5087 939 5160 velldelegatam
971 5087 1224 5140 habente.
1262 5083 1530 5138 Similiter
1574 5083 1801 5137 verbum
1845 5081 2096 5151 ἀναδέχε-

529 5185 652 5235 σθαι
684 5179 942 5249 exprimit
969 5179 1238 5233 actionem
1271 5177 1442 5246 ipsam
1472 5174 1775 5229 sacerdotis
1805 5173 2092 5228 absolven-

529 5277 614 5329 tis.
648 5273 906 5329 Continet
946 5280 1127 5324 autem
1166 5267 1435 5338 posterior
1462 5282 1590 5337 pars
1615 5267 1776 5336 hujus
1805 5265 2092 5321 sententia:

517 5368 794 5420 rationem
838 5362 1038 5432 prioris
1073 5377 1085 5412 :
1131 5362 1248 5414 ideo
1279 5360 1425 5414 enim
1461 5357 1652 5414 scribit
1687 5367 1878 5410 auctor
1910 5357 2089 5410 incre-

518 5457 697 5526 pilum
726 5453 1025 5523 Josephum
1049 5451 1202 5521 quasi
1233 5451 1556 5506 absolvisset
1589 5447 1644 5508 in
1673 5447 1790 5502 foro
1810 5451 2091 5501 causeieu-

519 5550 614 5603 tia:
641 5548 942 5615 Augustum
977 5554 1166 5599 contra
1196 5543 1528 5597 voluntatem
1565 5539 1914 5610 patriarchae;
1949 5537 2092 5608 quod

514 5648 809 5708 postquam
846 5635 1410 5689 excommunicaverat
1434 5633 1734 5702 Augustum
1760 5630 1929 5700 patria
1941 5636 2091 5691 rcha,

2195 4632 2602 4686 RIac/remarum
2640 4634 2839 4702 regiam
2877 4633 3107 4698 proxime
3139 4632 3461 4700 spectantem
3493 4631 3640 4684 certis
3671 4631 3742 4680 in-

2198 4725 2429 4779 teruallis
2478 4725 2743 4794 disposita:
2778 4734 2921 4777 stmt.
2982 4723 3062 4775 Ea
3105 4724 3357 4792 insignem
3403 4739 3467 4775 ex
3518 4737 3574 4776 eo
3610 4735 3741 4789 quem

2199 4831 2482 4868 narramus
2507 4828 2687 4866 eccum
2716 4813 3119 4881 appellationem
3148 4816 3199 4865 t'u
3231 4829 3380 4866 amne
3411 4824 3610 4879 (corpus
3633 4825 3739 4879 pro-

2192 4907 2368 4973 priam
2402 4917 2558 4960 nacta
2591 4916 2664 4959 est
2695 4921 2716 4959 :
2750 4908 2911 4959 turris
2934 4907 3053 4974 jam
3087 4907 3282 4973 passim
3313 4906 3524 4958 Auerno:
3555 4913 3738 4960 vocata,

2196 5007 2468 5065 propterea
2505 4997 2644 5066 quod
2671 4997 2918 5050 Auernum
2947 4999 3086 5067 ferro
3109 4998 3332 5051 cinctum
3363 4999 3586 5050 animum
3608 5009 3742 5049 aereo

2199 5089 2332 5154 perit
2361 5088 2555 5156 diuque
2594 5088 2843 5141 tenuerit.

2287 5179 2683 5246 Ἀνεμοπύνιαι
2730 5194 2784 5247 p.
2819 5178 2944 5235 M0.
2978 5180 3051 5234 De
3095 5179 3264 5236 Icario
3294 5181 3368 5234 ait
3411 5180 3578 5235 fuisse
3605 5177 3736 5234 illum

2197 5268 2537 5339 κατάρχοντα
2559 5270 2719 5337 νήσου
2755 5271 3018 5338 μεγίστης
3047 5271 3114 5341 ῆν
3139 5271 3482 5339 ἁνεμοπύλας
3502 5272 3618 5333 ἔθος
3643 5271 3739 5328 τοῖς

2194 5361 2310 5411 ὲκεί
2333 5358 2538 5414 καλεῖν.
2577 5359 2697 5413 Non
2735 5375 2854 5414 esse
2891 5361 2994 5415 hoc
3017 5377 3214 5416 nomen
3243 5362 3386 5416 illius
3421 5361 3608 5416 insula:
3635 5358 3738 5411 vul-

2195 5467 2323 5520 gare
2375 5451 2596 5520 ubique,
2631 5451 2793 5506 docet
2825 5453 2940 5521 ipse
2959 5463 3186 5518 auctor,
3216 5453 3343 5506 dum
3377 5454 3446 5507 ab
3477 5451 3663 5506 incolis
3691 5447 3736 5500 id

2198 5557 2414 5611 proprie
2465 5542 2714 5612 usurpari
2760 5543 2979 5597 solitum
3036 5545 3314 5598 admouet.
3360 5546 3440 5597 An
3475 5555 3654 5598 verum
3690 5547 3737 5592 et

2198 5633 2451 5687 omnibus
2481 5644 2670 5686 notum
2705 5633 2868 5702 hujus
2901 5635 3087 5689 insul-.e
3118 5652 3315 5689 norm-It
3349 5635 3540 5707 Lipara
3568 5632 3732 5694 fuerily

587 5820 677 5892 ,(1)
708 5822 788 5875 UL
847 5819 1058 5874 l’ussiu.
1109 5820 1350 5875 Glossar.
1386 5820 1619 5872 alterum
1663 5818 2007 5888 (Andr-onic.)
2039 5834 2086 5873 ν.

2208 5819 2374 5891 λλαγή
2407 5835 2543 5878 extr.
