3992 6524
252 423 399 489 1005

1614 438 2139 506 GLOSSARIUM.

3368 386 3502 495 100;;

242 554 369 607 qua:
393 549 598 609 septem
620 548 735 609 aut,
759 552 817 596 ut
841 544 953 610 alii,
976 543 1164 600 decem
1186 548 1488 607 Aioliarum
1517 555 1809 611 insularum

1921 554 2119 607 διιάναι
2146 552 2252 614 τοῖς
2300 548 2704 618 πεφρασμένοις
2749 546 2846 617 (ita
2885 546 3032 601 clare
3078 542 3238 598 ambo
3288 543 3502 596 codices

243 631 483 685 maxima
544 643 596 687 et
653 634 812 688 unira
856 636 1000 691 inter
1055 653 1245 695 omnes
1304 644 1541 700 habitata
1608 648 1815 713 fertur,

245 721 311 794 [P
344 723 477 796 370}
521 725 759 779 viderint
790 727 1099 796 peritiores.
1144 732 1255 803 Ego
1287 736 1486 806 ἐπέχω,
1519 742 1695 809 quoad
1735 742 1818 796 in-

245 815 452 869 dicium
487 818 788 872 occurrerit
814 820 1037 876 certius.
1075 822 1128 877 Si
1163 826 1264 880 hoc
1289 829 1379 891 sit,
1411 841 1636 900 apparet
1655 849 1817 889 causa

244 924 348 961 cur
382 908 525 962 hanc
554 909 785 963 insulam
819 909 1180 985 Pachymeres
1230 922 1492 992 μεγίστην
1524 926 1816 980 maximam

243 1004 471 1071 dixerit,
512 1006 641 1060 licet
674 1023 777 1062 nec
798 1008 975 1063 Creta:
999 1026 1101 1065 nec
1133 1010 1333 1067 Siciliae
1364 1017 1812 1085 comparabilem,

243 1105 500 1165 respectu
544 1098 794 1155 videlicet
834 1100 901 1156 ad
952 1116 1047 1157 sex
1097 1114 1190 1158 aut
1229 1119 1426 1160 novem
1470 1106 1676 1163 Eolias
1710 1110 1813 1162 mi-

244 1204 433 1243 nores.

329 1282 683 1351 Ἀντίδωρον
726 1300 781 1353 p.
810 1284 932 1345 361.
966 1286 1176 1343 Rursus
1232 1290 1299 1345 de
1352 1292 1543 1347 eodem
1597 1309 1652 1363 p.
1686 1293 1814 1348 407.
1847 1313 1869 1327 ο

244 1371 377 1426 Erat
438 1373 527 1427 hic
581 1390 783 1442 merus,
817 1392 925 1431 non
986 1389 1333 1434 consecratus
1376 1392 1469 1436 aut
1518 1384 1572 1436 in
1611 1384 1815 1439 Christi

243 1478 444 1532 corpus
471 1479 771 1520 Conversus
804 1466 978 1536 panis,
1012 1470 1104 1537 qui
1136 1473 1347 1526 cunctis
1375 1474 1689 1542 promiscue
1727 1477 1813 1528 in-

245 1564 331 1608 ter
363 1570 519 1610 sacra
553 1556 605 1609 in
639 1557 869 1611 ecclesia
907 1558 1340 1616 distribuebatur
1384 1564 1527 1633 apud
1575 1564 1813 1630 Graecos,

244 1645 323 1697 uti
353 1657 408 1699 et
441 1648 587 1715 apud
621 1648 861 1711 Latinos,
906 1650 1012 1705 ritu
1058 1652 1326 1721 hodieque
1358 1654 1603 1725 vigente,
1636 1655 1818 1712 dictus

242 1736 560 1806 ἀντίδωρον,
589 1738 735 1807 quod
757 1739 873 1793 vice
902 1741 1041 1795 sacri
1063 1741 1189 1796 doni
1223 1742 1601 1810 Eucharistite,
1632 1746 1816 1816 dispo-

242 1825 465 1892 sitione,
505 1844 667 1896 quam
714 1830 1198 1898 exquisitissimam
1246 1834 1448 1891 Christi
1496 1852 1697 1907 corpus
1731 1854 1817 1895 re-

242 1917 433 1985 quirit,
466 1934 573 1972 non
609 1924 945 1989 przeparatis,
978 1924 1405 1981 ministraretur.
1452 1928 1527 1984 De
1559 1898 1663 1986 hoc
1690 1931 1812 1989 fuse
1846 1898 1890 1955 Β

239 2016 297 2060 et
328 2007 802 2077 erudite_Jacobtts
832 2012 977 2067 Goar
1015 2012 1149 2070 0rd.
1188 2016 1385 2084 Praed.,
1421 2018 1574 2077 Notis
1603 2023 1670 2078 ad
1701 2023 1812 2079 Eu-

239 2098 483 2169 cholog.,
517 2116 571 2169 p.
606 2102 728 2167 154,
756 2118 919 2174 quem
951 2106 1090 2162 vide.
1146 2136 1159 2146 -

322 2193 735 2249 Ἀντικανονία
768 2211 821 2265 p.
851 2197 974 2252 561.
1009 2198 1161 2255 Hanc
1203 2217 1394 2257 vocem
1422 2220 1452 2260 a
1482 2203 1813 2277 Pachymete

237 2297 294 2349 p.
342 2282 450 2335 575
501 2293 815 2354 usurpatam
865 2289 934 2343 ad
982 2289 1399 2360 significandum
1443 2296 1810 2369 illegitimum,

237 2376 592 2447 irregularem
623 2386 680 2432 et
720 2380 892 2433 sacris
930 2380 1094 2454 544
1126 2387 1433 2442 canombus
1474 2391 1811 2449 contrarium

235 2480 423 2529 usum,
454 2468 770 2536 conjectura
800 2470 1040 2526 divinavi
1068 2514 1081 2536 ,
1110 2488 1234 2529 cum
1267 2477 1485 2532 codices
1514 2495 1708 2537 omnes
1738 2484 1810 2540 ibi

234 2558 687 2614 manifestissime
727 2562 969 2631 corrupti
1027 2564 1185 2620 aliter
1240 2582 1342 2623 nec
1396 2570 1811 2643 intelligibiliter

234 2666 360 2702 eum
406 2650 585 2705 locum
628 2653 976 2708 exhiberem.
1006 2654 1270 2713 Advertat
1307 2674 1522 2729 aequum
1562 2665 1809 2721 animum

234 2741 480 2809 prudens
508 2743 677 2797 lector
706 2753 761 2799 et
782 2746 1011 2815 judicet.
1046 2750 1156 2803 Isto
1182 2752 1327 2819 quod
1356 2754 1597 2810 iudicavi
1630 2760 1809 2829 capite

232 2833 358 2888 libri
401 2851 432 2888 v
472 2836 751 2893 disserens
799 2839 1098 2908 imperator
1144 2844 1289 2912 apud
1342 2848 1707 2915 patriarcham
1754 2862 1812 2907 et

231 2930 505 2996 synodum
531 2930 601 2984 de
629 2932 968 2987 concilianda
1006 2935 1149 2989 inter
1176 2936 1450 2993 Ecclesias
1478 2939 1726 2998 Latinam
1757 2955 1811 3001 et

230 3018 479 3073 Graecam
522 3037 674 3090 pace,
707 3034 997 3080 enumerat
1028 3027 1205 3097 capita
1247 3029 1315 3085 de
1362 3033 1561 3100 quibus
1610 3049 1811 3092 conve-

230 3112 497 3166 niendum
528 3125 693 3177 esset,
718 3124 776 3170 ut
803 3132 905 3186 pax
934 3118 1022 3172 illa
1053 3120 1426 3193 coalesceret;
1453 3136 1506 3181 et
1528 3132 1811 3187 contendit

230 3207 613 3261 demonstrare
645 3209 851 3263 nullum
888 3226 1078 3265 eorum
1111 3212 1216 3267 tale
1251 3227 1371 3268 esse
1406 3230 1434 3269 a
1473 3234 1581 3289 quo
1606 3222 1807 3281 admit-
1837 3254 1880 3312 ο

230 3299 398 3352 tendo
426 3299 723 3357 abhorrere
757 3304 1045 3373 quisquam
1078 3305 1275 3364 debeat
1302 3322 1451 3367 metu
1480 3316 1651 3387 culpa:
1676 3334 1810 3375 con-

227 3390 549 3447 sciscendze.
586 3394 825 3450 Primum
856 3397 1004 3451 enim
1022 3397 1356 3471 λειτουργεῖν
1383 3421 1443 3458 τε
1471 3410 1564 3460 καὶ
1596 3427 1810 3481 μνημοα

226 3483 426 3545 νεύειν,
456 3485 653 3553 quibus
697 3488 894 3552 verbis,
941 3500 1101 3560 prout
1152 3508 1214 3547 ea
1247 3496 1361 3549 suis
1411 3498 1548 3553 locis
1596 3500 1649 3554 in
1705 3503 1809 3559 hoc

226 3570 509 3626 Glossario
557 3588 903 3642 enarramus,
959 3577 1310 3647 significavit,
1363 3584 1531 3651 priori
1584 3587 1806 3656 quidem

226 3663 521 3719 admittere
553 3665 775 3722 Latinos
828 3669 882 3722 in
932 3672 1378 3730 communionem
1423 3691 1589 3733 sacrae
1626 3678 1810 3735 Litur-

226 3756 356 3824 giae,
397 3757 505 3811 hoc
531 3769 614 3812 est
646 3773 766 3813 cam
802 3761 936 3830 ipsis
965 3766 1327 3832 praesentibus
1360 3777 1416 3822 et
1444 3773 1808 3828 communiter

225 3852 514 3905 orantibus
541 3867 648 3905 non
683 3856 920 3909 aversari
956 3857 1253 3925 celebrare,
1285 3860 1469 3915 altero
1496 3878 1625 3917 vero
1659 3881 1814 3919 men-

226 3943 434 3996 tionem
460 3960 613 4013 papae
638 3945 818 4001 facere
839 3948 1109 4017 publicam
1140 3953 1202 4005 in
1235 3953 1499 4023 liturgicis
1521 3958 1800 4026 precibus:

225 4050 315 4099 ea,
359 4036 601 4105 inquam,
633 4039 793 4094 ambo
821 4056 943 4096 esse
976 4044 1121 4097 licita
1156 4047 1387 4103 evicisse
1417 4050 1519 4105 sibi
1550 4052 1697 4108 visus
1720 4064 1807 4109 est

224 4130 553 4183 suetoritate
580 4129 1199 4213 Manuelis‘patriarchze
1230 4155 1353 4194 cum
1383 4157 1480 4196 sua
1513 4146 1720 4216 synodo
1746 4157 1802 4202 et

220 4217 449 4271 Joannis
498 4219 655 4277 Ducas
704 4214 1073 4294 imperatoris,
1125 4246 1261 4299 quos
1322 4233 1487 4288 missa
1534 4214 1802 4307 legatione

220 4311 311 4364 illa
346 4313 490 4367 ultro
521 4316 837 4384 promisisse
865 4335 1033 4389 papze,
1058 4321 1107 4374 si
1148 4324 1457 4380 abstineret
1491 4344 1519 4382 a
1548 4329 1801 4400 juvandis

220 4405 438 4461 Latinis
491 4412 581 4476 qui
648 4410 1119 4483 Constantinopoli
1195 4425 1325 4471 tunc
1397 4421 1796 4491 potiebantur,

147 4570 153 4576 _
218 4500 468 4553 ostendit
492 4515 555 4553 ex
592 4501 776 4557 codice
811 4503 1065 4559 Ecclesia:
1096 4506 1160 4561 ad
1201 4507 1359 4562 [idem
1391 4511 1512 4581 ejus
1536 4512 1610 4566 rei
1635 4524 1798 4584 gesta:

1920 646 2116 716 optimi
2144 644 2183 696 Β
2208 655 2264 699 et
2294 646 2357 704 A.
2387 659 2512 698 cum
2550 644 2912 711 fragmentum
2951 656 2980 694 a
3025 638 3245 693 Patavio
3294 636 3500 691 editum

1919 737 2335 805 πεφραγμένως
2379 734 2542 804 legat)
2592 732 3086 800 ἀναγινώσκοντας.
3137 730 3265 785 Haec
3304 731 3382 783 sic
3433 730 3499 781 :ul

1920 827 2152 879 verbum
2188 833 2385 879 sonant
2417 839 2433 877 :
2474 824 2533 878 Ut
2570 823 2780 877 omnino
2824 838 2926 875 non
2960 833 3267 875 accusantes
3314 822 3502 889 impio-

1922 920 2055 972 tatis
2108 917 2215 972 sive
2265 918 2520 970 Ita'reaeos
2564 914 2749 977 Italos,
2796 915 3061 983 petierint,
3100 914 3309 967 sublato
3349 915 3499 966 modo

1920 1014 2286 1067 additamenta
2325 1028 2351 1065 e
2376 1009 2628 1081 symbolo,
2657 1010 2711 1062 in
2740 1009 2951 1077 reliquis
2983 1009 3259 1076 scripturis
3297 1007 3352 1060 id
3376 1023 3468 1060 con
3487 1037 3499 1046 -

1919 1108 2180 1173 scriptum
2213 1105 2481 1167 habentes,
2514 1101 2872 1171 simuleﬁ'crre
2893 1117 3011 1153 cum
3043 1101 3164 1152 aliis
3197 1116 3310 1167 quia
3348 1117 3407 1152 ea
3434 1100 3497 1151 iis

1920 1194 2123 1248 chartis
2162 1192 2554 1264 pronuntiando
2585 1192 2834 1261 legerent.
2888 1188 3040 1244 lianc
3073 1189 3234 1256 plane
3279 1197 3499 1242 senten-

1927 1289 2053 1340 tiam
2083 1327 2098 1351 ,
2148 1286 2309 1354 paulo
2359 1285 2685 1340 clariorfbus
2729 1283 2992 1337 duntaxat
3046 1284 3265 1347 verbis,
3327 1281 3498 1335 inter-

1928 1376 2160 1447 pretatio
2186 1376 2304 1444 ejus
2325 1376 2523 1443 capitis
2554 1384 2737 1429 nostra
2770 1374 3049 1443 exprimit.
3082 1373 3302 1427 Transit
3341 1372 3500 1427 dcui-

1926 1484 2032 1538 que
2066 1468 2134 1523 ad
2165 1467 2647 1523 demonstrandum
2681 1466 2813 1520 nihil
2844 1481 2965 1521 esse
2997 1465 3164 1520 illiciti
3207 1465 3262 1518 in
3298 1465 3498 1519 admit-

1927 1561 2088 1616 tenda
2117 1560 2639 1616 commemoratione
2673 1558 2915 1613 nominis
2954 1573 3106 1627 papa:
3145 1557 3197 1611 in
3235 1557 3497 1628 liturgicis

1925 1652 2341 1724 precationibus
2371 1651 2705 1707 Graecorum.
2743 1650 2809 1704 Et
2842 1651 2909 1706 de
2942 1650 3046 1706 hoc
3075 1650 3253 1720 capize
3304 1652 3383 1706 sic
3415 1653 3495 1705 lo-

1917 1746 2106 1816 quitur
2134 1746 2191 1800 in
2221 1745 2410 1801 codice
2440 1743 2738 1798 Barbarino
2770 1760 2783 1795 :
2816 1744 2949 1797 Τινὰ
2971 1743 3015 1795 δ’
3043 1744 3187 1814 ἔχειν
3227 1744 3324 1811 τὴν
3382 1761 3497 1797 ato:-

1920 1838 2124 1893 νωνίαν
2154 1839 2188 1908 ἠ
2216 1837 2301 1890 ἐπ’
2322 1836 2615 1905 ἐκκλησίας
2650 1834 2899 1905 ἀναφορὰ
2928 1835 3022 1890 τοῦ
3057 1837 3339 1905 ὀνόματος,
3360 1837 3491 1891 ὅπου

1916 1949 1983 2001 γε
2008 1931 2100 1984 καὶ
2131 1932 2205 2001 μὴ
2235 1929 2466 1990 natura;
2494 1928 2651 1991 ὄντας
2683 1928 2811 1991 τοὺς
2845 1928 3039 1990 ἄλλους
3097 1929 3311 1998 ἀνάγκη
3367 1947 3495 1998 μετ-

1917 2025 2068 2093 έχειν
2089 2025 2200 2084 τοῖς
2222 2020 2643 2091 ἐκκλησιάζουσι
2669 2020 3091 2091 συνισταμένους
3121 2021 3496 2089 λειτουργοῦν-

1914 2131 2010 2176 τος
2042 2113 2133 2167 τοῦ
2190 2114 2398 2184 ἱερέως,
2422 2116 2514 2167 καὶ
2538 2114 2636 2185 τὴν
2665 2113 2892 2184 Τριάδος
2920 2113 3080 2183 χάριν
3111 2113 3494 2182 παραδιδόντος

1914 2206 2132 2269 κοινῶς.
2180 2206 2481 2261 Allatianus
2526 2207 2582 2260 in
2620 2207 2723 2261 hoc
2767 2213 2979 2259 tantum
3025 2206 3298 2276 discrepat
3330 2207 3490 2280 545

1913 2297 2059 2365 quod
2085 2297 2371 2350 articulum
2393 2297 2796 2366 praepositivum
2814 2297 2913 2365 τήν
2938 2306 3066 2351 ante
3089 2312 3274 2353 vocem
3302 2316 3491 2353 κοινω-

1913 2388 2035 2441 νίαν
2057 2402 2165 2442 non
2189 2388 2350 2442 habet
2374 2404 2389 2453 ;
2415 2390 2492 2442 uti
2523 2403 2698 2458 neque
2734 2389 2900 2444 editio
2935 2390 3251 2445 Petaviana.
3274 2389 3339 2462 [Ρ
3361 2389 3492 2464 57ιί

1912 2478 2087 2539 Porro
2115 2482 2317 2536 cubare
2341 2482 2395 2536 in
2428 2483 2627 2536 mendo
2668 2483 2833 2536 verba
2883 2484 2972 2537 illa
3024 2484 3169 2554 ἔχειν
3207 2487 3490 2537 κοινωνίαν

1914 2574 2001 2627 vel
2023 2572 2121 2643 τὴν
2151 2576 2435 2626 κοινωνίαν
2466 2574 2593 2628 inde
2618 2575 2967 2629 manifestum
2997 2587 3101 2640 est,
3132 2577 3277 2645 quod
3304 2578 3489 2632 infini-

1914 2668 2061 2720 tivus
2083 2668 2226 2736 ἔχειν
2249 2683 2357 2723 non
2390 2676 2566 2737 potest
2589 2670 2884 2731 cohaerere,
2916 2672 3064 2723 salva
3096 2671 3330 2740 syntaxi,
3362 2687 3487 2726 cum

1913 2759 2252 2815 nominativo
2274 2760 2544 2830 ἀναφορὰ,
2569 2761 2661 2830 qui
2696 2760 2965 2830 sequitur.
2995 2761 3149 2817 Unde
3172 2762 3292 2817 sine
3319 2765 3490 2818 dubio

1910 2851 2278 2921 Pachymeres
2314 2852 2596 2920 scripserit
2642 2851 2756 2921 ἔχει
2792 2853 2847 2904 in
2892 2853 3177 2922 pra-sentis
3208 2853 3487 2909 indicativi

1914 2943 2074 2998 tertia
2105 2958 2361 3013 persona.
2389 2943 2527 3010 Quid
2556 2958 2685 3013 ergo
2724 2942 2853 2997 illud
2886 2961 2913 2995 ν
2938 2945 3252 2999 redundans
3282 2946 3335 2999 in
3368 2963 3490 3001 om-

1913 3034 2078 3089 nibus
2122 3034 2550 3102 exemplaribus,
2594 3034 2650 3087 in
2702 3031 3001 3115 Barberino
3055 3050 3184 3089 vero
3240 3037 3485 3089 omnium

1912 3127 2120 3197 optimo
2162 3135 2427 3195 praeterea
2455 3125 2715 3180 articulus
2741 3125 2874 3194 rip;
2902 3125 3031 3194 quid
3073 3127 3211 3184 haec.
3239 3127 3484 3194 inquam.

1914 3218 2060 3274 aliud
2096 3217 2324 3274 dixerim
2351 3232 2513 3287 quam
2563 3218 2789 3288 vestigia
2835 3218 2889 3271 in
2937 3218 3268 3288 apographis
3310 3221 3488 3273 adhuc

1914 3312 2184 3366 exstantia
2249 3309 2557 3380 archetypa;
2607 3308 2933 3377 scripturas?
2981 3309 3186 3364 Auctor
3229 3310 3489 3365 videlicet

1914 3406 1993 3462 sic
2023 3405 2178 3461 initio
2205 3406 2515 3476 seripserat,
2546 3403 2669 3458 τίνα
2703 3402 2749 3458 δ’
2778 3404 2892 3473 ἔχει
2920 3404 3295 3459 ἁντικανονίαν
3331 3426 3344 3460 :
3388 3422 3487 3477 pro

1912 3498 2110 3567 quibus
2163 3499 2529 3567 exscriptnres
2579 3511 2867 3566 perperam
2924 3508 3227 3567 posuerunt
3271 3498 3391 3552 τίνα
3440 3497 3487 3552 δ’

1911 3589 2055 3661 ἔχειν
2087 3590 2375 3643 κοινωνίαν
2396 3631 2410 3653 ,
2441 3591 2622 3643 securi
2660 3589 3010 3660 σολοικισμοῦ
3041 3599 3093 3644 et
3121 3590 3486 3660 perturbatio-

1911 3685 1996 3737 nis
2023 3682 2412 3737 inextricabilis
2444 3682 2497 3734 in
2528 3697 2689 3751 quam
2723 3690 2832 3736 tota
2880 3684 3154 3737 sententia
3201 3701 3299 3763 per
3338 3686 3486 3739 istud

1909 3774 2152 3844 ipsorum
2184 3773 2483 3843 παρόραμα
2513 3772 2783 3840 implicata
2820 3782 3099 3839 remanet;
3138 3783 3198 3827 ut
3228 3775 3364 3829 nihii
3399 3777 3483 3831 di-

1908 3876 2026 3914 cam
2054 3860 2121 3914 de
2151 3860 2371 3915 taediosa
2398 3860 2725 3929 repetitione
2753 3861 2997 3930 ejusdem
3024 3864 3266 3918 nominis
3295 3882 3485 3919 κοινω-

1908 3955 1995 4004 νία
2034 3953 2206 4006 altero
2267 3955 2447 4007 statim
2483 3963 2603 4021 post
2659 3968 2841 4017 versu,
2868 3953 3168 4023 etquidem
3201 3971 3366 4012 sensu
3407 3960 3484 4012 in-

1908 4046 2231 4100 sulsissinto.
2269 4045 2409 4112 Quid
2437 4048 2581 4099 enim
2616 4046 2784 4116 magis
2812 4046 3196 4114 ἀσυλλόγιστον
3220 4049 3350 4119 fingi
3392 4067 3486 4120 po-

1909 4144 2013 4190 test
2032 4152 2192 4205 quatn
2219 4137 2323 4191 hoc
2344 4137 2504 4191 modo
2532 4139 2897 4205 argumentari
2930 4157 2945 4192 :
2974 4139 3147 4204 Quam
3170 4146 3309 4198 enim
3331 4145 3481 4198 habet

1903 4228 2317 4282 communionem
2354 4228 2583 4297 prolatio
2611 4230 2856 4291 nominis,
2893 4245 3008 4282 cum
3038 4230 3171 4285 alios
3209 4234 3299 4299 qui
3326 4251 3480 4303 papa:

1904 4336 2005 4373 non
2054 4327 2174 4373 aunt
2220 4336 2423 4374 necesse
2456 4321 2524 4374 ait
2575 4322 2899 4390 participare
2934 4325 3337 4382 communioni?
3370 4339 3478 4382 etc.

1903 4410 2021 4465 Non
2070 4427 2155 4467 me
2192 4413 2329 4468 fallit
2364 4414 2532 4469 videri
2571 4415 2731 4469 alicui
2766 4431 2927 4486 posse
2964 4434 3152 4473 vocem
3188 4421 3478 4475 κοινωνίαν

1903 4503 2073 4574 priori
2116 4507 2235 4560 loco
2293 4507 2525 4576 positam
2579 4508 2831 4578 usurpari
2878 4509 2934 4563 in
2977 4526 3041 4566 ea
3098 4514 3321 4569 notione
3372 4531 3479 4586 qua

217 4590 529 4644 faciendam
566 4593 799 4662 prolato.
843 4594 1190 4652 Demonstrat
1235 4601 1431 4656 deinde
1476 4606 1794 4660 earumdem
1830 4618 1873 4674 ι)
1901 4599 2079 4652 κοινὸν
2110 4599 2384 4653 interdum
2422 4601 2751 4656 immundum
2783 4613 2963 4671 sonat,
3001 4615 3059 4659 ut
3089 4608 3357 4678 signiﬁcet
3401 4609 3482 4664 Ia-

217 4684 548 4737 auctoritate
576 4683 798 4740 Latinos
830 4698 1056 4757 propter
1085 4692 1418 4747 additionem
1447 4695 1499 4749 in
1535 4696 1793 4767 Symbolo

215 4788 327 4826 non
363 4788 484 4828 esse
515 4776 793 4830 habendos
826 4778 1131 4847 haereticos,
1177 4800 1301 4838 cum
1349 4786 1423 4839 illi
1477 4788 1611 4842 nihil
1668 4800 1796 4848 tunc

214 4866 367 4918 aliud
410 4881 439 4919 a
484 4866 695 4924 Latinis
757 4875 1059 4943 exegerint,
1101 4876 1207 4929 nisi
1255 4887 1313 4931 ut
1362 4880 1791 4939 additamentum

212 4957 361 5010 istud
389 4975 414 5011 a
444 4959 697 5030 Symbolo
744 4964 1011 5029 tollerent,
1035 4966 1169 5021 nihil
1196 4970 1543 5036 prohibentes
1583 4977 1795 5043 quomi-

212 5061 320 5098 nus
351 5046 404 5099 in
436 5051 647 5105 cieteris
687 5054 974 5123 scripturis
1001 5057 1054 5111 id
1082 5059 1385 5116 retinerent
1415 5072 1468 5116 et
1513 5063 1788 5135 legerent;

212 5139 361 5208 quod
394 5143 633 5197 ostendit
660 5144 963 5202 doctrinam
1011 5150 1184 5220 ipsam
1237 5169 1298 5208 ac
1346 5155 1540 5227 dogma
1582 5175 1791 5229 nequa-
1828 5214 1831 5217 .

211 5250 377 5303 quam
412 5234 544 5304 ipsis
594 5237 962 5307 displicuisse,
1016 5258 1079 5297 ac
1129 5258 1533 5316 consequenter
1583 5253 1789 5309 crimen

210 5324 303 5377 hic
338 5324 582 5391 hazrcsis,
611 5326 818 5396 judicio
856 5345 1070 5395 eorum,
1108 5349 1217 5388 non
1257 5335 1445 5393 fuisse.
1478 5340 1629 5395 lianc
1659 5352 1790 5410 puto

209 5431 338 5470 esse
370 5419 694 5472 sententiam
732 5421 942 5476 illorum
976 5428 1262 5481 verborum
1291 5469 1307 5493 ,
1345 5430 1587 5502 aiioquin
1623 5433 1788 5503 hujus

210 5509 507 5579 seriptnris
542 5526 693 5565 more
736 5529 801 5566 ac
842 5517 1098 5583 peculiari
1137 5519 1295 5589 genio
1337 5536 1467 5575 sane
1499 5525 1786 5593 perp'cxo-

213 5615 336 5652 runt
372 5616 387 5653 :
421 5601 545 5664 Πῶς
585 5604 659 5673 μὴ
710 5606 1140 5676 κατηγοροῦντες
1179 5610 1314 5675 ὅλως
1347 5616 1600 5679 ἀσεϐείας
1638 5618 1789 5687 (huic

210 5693 332 5745 voci
372 5693 664 5749 Vaticanus
703 5697 984 5754 substituit
1010 5701 1242 5771 αἵρεσιν,
1292 5722 1401 5760 non
1464 5710 1624 5781 male)
1661 5716 1786 5776 τοὺς

220 5782 480 5849 Ἰταλοὺς,
520 5786 705 5855 ὴξίουν
740 5790 1144 5859 παραιροῦντας
1194 5797 1291 5864 τὴν
1343 5799 1661 5875 προσθήκην
1693 5807 1784 5860 τοῦ

213 5877 510 5947 σνμὸὁλου,
544 5881 600 5932 ἐν
636 5883 752 5944 ταῖς
782 5881 994 5945 λοιπαῖς
1019 5884 1367 5957 ἀνάγραπτον
1390 5890 1631 5961 ἔχοντας,
1664 5912 1786 5951 σνν-

1906 4694 2018 4746 bem
2043 4708 2105 4745 ac
2131 4691 2419 4756 maculam,
2448 4695 2722 4748 sententia
2746 4699 2854 4764 jam
2884 4706 3160 4768 utcunque
3180 4702 3476 4767 tolerabili,

1904 4785 1997 4838 sed
2031 4800 2152 4854 quae
2172 4801 2279 4839 non
2306 4786 2443 4839 tollit
2475 4789 3001 4845 verisimilitudinem
3028 4794 3184 4863 longe
3216 4794 3475 4863 majorem

1903 4876 2301 4932 emendationis
2336 4886 2570 4938 nostrae.
2603 4880 2667 4934 ad
2700 4898 2861 4949 quam
2916 4882 3037 4936 idco
3083 4900 3191 4937 non
3230 4886 3475 4943 dubitavi

1904 4967 2251 5021 conformare
2299 4969 2615 5025 editionem.
2669 4972 2723 5026 Si
2780 4979 2899 5040 quis
2945 4987 3151 5042 qmerat
3204 4981 3475 5048 quomodo

1903 5058 2196 5114 Vaticanus
2226 5061 2395 5117 codex
2431 5067 2576 5118 hunc
2608 5066 2785 5119 locum
2818 5070 3189 5136 expresserit,
3225 5074 3360 5126 sciat
3391 5080 3473 5126 to—

1903 5159 2015 5204 tum
2051 5151 2334 5218 omisisse;
2368 5154 2446 5208 sic
2499 5156 2817 5227 plerumque
2843 5199 2857 5224 ,
2901 5174 3023 5213 cum
3059 5161 3187 5231 quid
3234 5164 3473 5235 ambigui

1900 5244 2156 5310 occurrit,
2196 5245 2413 5317 defungi
2451 5250 2662 5303 Solitos.

1982 5334 2368 5414 Ἄντιλλάξας
2415 5355 2469 5406 p.
2524 5341 2642 5393 HO.
2679 5343 2798 5413 Agit
2828 5345 2896 5398 de
2937 5346 3198 5402 militibus
3246 5348 3476 5406 Cmsaris

1901 5428 2286 5484 insidiantibus
2329 5432 2449 5486 urbi
2494 5432 3129 5507 Constantinopolitatne,
3165 5458 3328 5513 quam
3368 5445 3475 5498 im-

1899 5523 2117 5591 proviso
2150 5523 2479 5593 intercipere
2515 5527 2796 5595 parabant,
2829 5544 3042 5585 summo
3076 5545 3361 5603 propterea
3398 5536 3471 5588 si-

1898 5615 2063 5668 lentio
2086 5626 2329 5683 agentes,
2353 5632 2417 5669 ne
2438 5621 2887 5687 responsantibus
2911 5637 2940 5676 c
2970 5640 3123 5677 muro
3147 5626 3471 5693 quibusdam

1896 5709 2280 5777 proderentur.
2312 5709 2485 5765 Codd.
2516 5712 2555 5762 Β
2586 5723 2641 5767 et
2666 5715 2852 5772 Acum
2884 5717 3114 5787 simplici
3142 5718 3169 5769 λ
3201 5720 3471 5779 Scribunt.

1896 5802 2072 5856 Vatic.
2126 5802 2357 5858 alterum
2405 5810 2434 5856 λ
2479 5806 2650 5861 addit.
2687 5810 2863 5863 Audio
2914 5811 2967 5864 in
3011 5811 3215 5881 vulgari
3268 5810 3473 5867 Grmcis

1897 5896 2057 5953 hodie
2094 5897 2293 5951 usitata
2328 5898 2508 5970 lingua
2532 5902 2850 5968 ἁντιλλάξας
2876 5905 2983 5960 diei
3017 5922 3113 5976 pro
3134 5905 3471 5978 ἀντηλλάξας
