3992 6540
540 433 691 501 ῚΟΟἿ

1451 436 1518 500 Ρ.
1557 435 1859 500 POSSINI
1899 436 2545 501 OBSERVATIONUM
2605 438 2758 503 LIB.
2800 441 2852 502 ῐ.

3614 442 3729 510 1be

545 555 613 607 ab
643 546 982 602 ἀπαλλάττω
1010 588 1023 607 ,
1048 552 1186 599 noto
1207 544 1315 614 jam
1361 547 1662 615 vocabulo;
1695 547 1837 617 quod
1889 548 2121 603 fortasse
2149 555 2193 608 A
2223 562 2318 604 cos
2345 549 2567 620 aliquid,
2593 560 2651 606 et
2671 550 2823 605 allini
2852 549 2952 604 sibi
2974 548 3289 604 Latiuomm
3315 566 3413 606 usu
3433 567 3613 623 passos
3634 574 3735 616 esse

532 651 728 695 noster
787 636 1114 706 expresserit
1162 651 1310 690 more
1356 637 1633 706 populari.
1666 638 1724 692 Si
1775 641 1954 693 minus
2008 639 2112 694 hoc

541 734 737 804 placet,
773 730 960 800 reponi
1004 738 1195 798 posset
1232 730 1669 796 ἁντιιι).αξάντων
1704 730 1772 785 ab
1804 730 2111 795 ἀντικλάζω

530 823 697 894 quasi
739 821 1103 891 amoeno.

624 915 1109 982 Ἀντιστιιτικῶς,
1152 930 1207 985 p.
1245 915 1371 971 £80.
1399 914 1664 978 Habebat,
1694 922 1755 968 ut
1783 923 2022 986 apparet,
2056 914 2109 969 in

532 1010 721 1064 animo
748 1010 868 1063 base
890 1008 1139 1063 scribens
1159 1008 1521 1078 Pacbymeres
1549 1007 1726 1061 locum
1758 1005 2115 1079 Hermogenis

541 1099 671 1167 περὶ
695 1098 958 1159 στάσεων,
981 1096 1074 1150 ubi
1105 1096 1384 1165 explicans
1413 1094 1557 1163 quod
1592 1096 1663 1149 sit
1680 1096 2009 1159 ἀντίστασις.
2035 1095 2115 1150 sic

544 1189 765 1245 scribit:
784 1188 998 1241 Γίνεται
1035 1187 1348 1243 ἀντίστασις
1375 1187 1505 1240 ὅταν
1533 1185 1808 1256 ὁμολογῶν
1827 1187 1856 1239 ὁ
1895 1186 2117 1253 φεύγων

542 1282 898 1350 πεποιηκέναι
914 1296 965 1332 τι
981 1278 1055 1341 ὡς
1078 1278 1336 1348 ἀδίκημα,
1362 1277 1586 1347 ἁνθιστᾷ
1609 1278 1868 1348 ἔτερόντι
1886 1278 2114 1346 εὐεργέ-

538 1388 693 1443 τημα
726 1372 908 1442 μεῖζον
936 1371 1004 1424 δι’
1032 1370 1199 1425 αὑτοῦ
1219 1368 1315 1422 τοῦ
1340 1368 1675 1438 ἀδικήματος
1704 1372 2110 1439 πεπραγμένον.

546 1465 659 1520 Hoc
702 1473 832 1518 est:
873 1461 959 1517 Fit
1006 1463 1321 1524 ἀντίστασις
1373 1462 1479 1515 sive
1525 1461 1873 1529 comparatio,
1906 1462 2113 1531 quando

544 1569 663 1608 reus
691 1552 940 1622 cettft'tens
983 1568 1041 1607 se
1067 1551 1253 1622 fecisse
1282 1550 1483 1618 aliquid
1516 1552 1652 1622 quod
1681 1549 1994 1620 maleficium
2022 1568 2115 1604 ro-

540 1654 706 1710 cetur,
758 1644 968 1714 opponit
1005 1659 1069 1697 ea:
1098 1643 1316 1697 adverso
1342 1641 1518 1712 majus
1543 1642 1761 1707 aliquod
1803 1641 2113 1709 beneﬁcium

541 1737 697 1803 cujus
731 1743 915 1788 auctor
960 1734 1121 1803 fuerit
1171 1733 1492 1803 maleﬁcium
1538 1732 1675 1787 illud
1720 1732 2110 1787 committenda.

2215 646 2272 689 ut
2302 646 2632 691 armaturam
2660 647 2711 692 et
2747 638 3107 692 instrtunenta
3140 638 3521 696 infcrendiaut
3544 648 3734 716 μωροὶ.

2214 727 2369 781 sandi
2399 727 2506 782 vim
2532 742 2599 782 ea
2627 728 3025 799 significarent,
3064 729 3225 784 docet
3259 730 3490 788 Thomas
3517 735 3734 806 Magister

2212 811 2266 868 id
2295 813 2702 883 reprehendens
2740 816 2824 873 his
2855 819 3032 873 verbis
3063 833 3079 870 :
3113 817 3302 887 Ἅρμα
3338 823 3396 873 iv
3438 816 3483 889 ᾧ
3521 826 3566 877 οι
3603 826 3735 883 iam

2212 902 2553 971 ξεύγνννται.
2581 908 2645 958 οι
2667 907 2725 959 δὲ
2764 907 2857 959 ἐπὶ
2895 908 3076 962 ὅπλων
3099 910 3468 981 λαμϐάνοντες
3493 914 3551 967 οὐ
3586 918 3738 984 καλῶς

2212 995 2472 1063 χρῶνται.
2521 993 2841 1052 l'ercrebuit
2880 999 2932 1054 id
2979 1008 3159 1056 tamen
3209 1003 3359 1067 satis,
3410 1014 3470 1060 ut
3512 1006 3738 1066 adversus

2212 1085 2485 1154 ejusmodi
2543 1102 2830 1170 censuram
2889 1090 3027 1151 tueri
3080 1107 3139 1147 se
3194 1094 3467 1165 quispiam
3511 1101 3738 1171 eaemplia

2212 1187 2397 1245 queat.
2431 1177 2635 1234 Omitto
2661 1196 2780 1249 qua
2820 1182 3131 1238 testimonia
3169 1185 3290 1255 ejus
3331 1188 3564 1245 nationis
3597 1193 3740 1250 refert

2211 1267 2496 1333 Meursius,
2522 1287 2749 1342 quaeque
2774 1272 2923 1342 apud
2950 1275 3243 1344 scriptores
3265 1279 3431 1334 etiam
3446 1295 3551 1336 non
3572 1298 3740 1353 supte-

2210 1376 2431 1430 qoaque
2448 1365 2710 1420 barbaros
2741 1364 2903 1422 hcile
2926 1379 3236 1426 occurrent.
3263 1372 3538 1431 Admoneo
3562 1385 3737 1433 tantum

2211 1452 2597 1524 Racltymerem
2619 1495 2635 1521 ,
2672 1467 2947 1527 utcunque
2990 1461 3125 1515 alias
3162 1465 3520 1531 antiquarium
3542 1504 3561 1531 ,
3604 1468 3738 1540 huius

2211 1545 2583 1614 νεωτερισμοῦ
2634 1550 2804 1603 teneri
2857 1552 3162 1608 manifeste.
3212 1553 3328 1610 Duo
3368 1557 3486 1627 ejus
3519 1564 3738 1618 annotavi

2212 1633 2329 1691 loca
2360 1636 2413 1691 in
2448 1638 2648 1705 quibus
2687 1654 2873 1693 vocem
2904 1643 3122 1711 ἅρματι
3153 1645 3196 1699 si
3226 1646 3349 1714 quis
3376 1662 3565 1706 currus
3597 1650 3738 1707 inter-

2211 1734 2537 1794 pretaretur,
2588 1729 2657 1783 ab
2697 1730 2818 1798 ejus
2861 1743 3043 1787 mente
3082 1734 3385 1793 aberraret.
3431 1738 3494 1794 P.
3535 1740 3647 1806 ιδι.
3676 1743 3740 1797 sic

544 1824 728 1885 Veluti
755 1839 878 1879 cum
913 1823 1232 1894 peregrinus
1256 1831 1547 1879 accusatus
1571 1821 1719 1891 quod
1744 1826 1937 1876 contra
1967 1820 2121 1890 leges
2146 1882 2189 1903 ﬁ
2212 1817 2401 1872 scribit
2433 1819 2500 1873 de
2528 1816 2738 1876 Joanne
2774 1820 2920 1878 Daca
2960 1823 3291 1893 imperatore
3316 1844 3333 1881 :
3365 1830 3674 1903 Κατωχύρου
3688 1833 3740 1886 τὰ

539 1882 759 1970 murum
789 1882 939 1970 urbis
965 1882 1362 1977 conscenderit,
1395 1882 1603 1968 fatetur
1627 1911 1679 1967 id
1711 1926 1745 1967 a
1782 1925 1845 1966 se
1886 1882 2111 1973 factum,
2145 1882 2189 1937 ⁸

541 2006 642 2062 sed
671 2007 823 2061 addit
851 2021 911 2060 se
948 2006 1051 2061 hoe
1080 2005 1286 2077 agendo
1311 2018 1557 2060 servasse
1587 2003 1859 2061 civitatem
1883 2042 1900 2068 ,
1929 2002 2114 2073 repul-

2213 1908 2448 1980 φροόρια
2468 1910 2601 1980 σίτῳ
2636 1912 3019 1983 καὶᾶρμασιν.
3049 1913 3207 1988 54⁸1
3232 1915 3431 1988 Specie
3461 1919 3571 1990 ipsa
3600 1921 3738 1990 prima

2211 2013 2436 2069 apparet
2459 2002 2745 2072 compleai
2774 2018 2898 2065 emt
2922 2006 3033 2062 duo
3051 2008 3283 2064 maxime
3303 2012 3600 2066 necessaria
3624 2028 3739 2082 prte-

541 2098 620 2155 sis
652 2098 923 2165 hostibus,
957 2096 1048 2167 qui
1083 2107 1212 2151 tunc
1233 2095 1396 2168 5‘6
1426 2095 1576 2150 nullo
1601 2094 1803 2151 civium
1841 2093 2123 2149 sentiente
2212 2088 2452 2144 sidiariis
2481 2091 2712 2159 arcium,
2745 2093 3001 2151 alimenta
3028 2104 3087 2153 et
3124 2112 3296 2154 arma.
3320 2099 3395 2157 .Si
3425 2100 3544 2170 quis
3588 2110 3739 2159 tamen

547 2203 763 2244 murum
814 2187 1000 2243 infesti
1049 2188 1210 2243 scalis
1257 2187 1488 2242 admotis
1525 2193 1939 2257 superaverant.
1973 2184 2119 2241 Hinc
2212 2181 2603 2241 contentiosior
2628 2198 2825 2239 currus
2858 2186 3025 2242 etiam
3064 2188 3118 2242 ia
3162 2198 3425 2259 apparatu
3454 2194 3739 2249 mandaram

544 2288 701 2350 patet
727 2280 860 2349 quid
893 2279 1026 2334 velit
1056 2280 1159 2333 hoc
1186 2279 1309 2332 loco
1336 2287 1542 2344 noster,
1566 2278 1695 2332 dum
1729 2276 1805 2331 ait
1836 2291 2025 2346 pacem
2044 2276 2119 2331 ab

542 2374 835 2444 Ephesum
855 2381 911 2427 et
939 2373 1059 2426 aliis
1087 2372 1478 2431 ἀντιστατικῶς
1504 2371 1769 2425 duntaxat
1799 2369 2112 2433 admissam,

532 2465 861 2520 conﬁtendo
890 2463 1150 2518 nimirum
1182 2478 1302 2518 eam
1333 2462 1525 2517 malam
1549 2476 1693 2526 esse,
1721 2462 1817 2516 sed
1846 2465 2117 2529 majorum

548 2556 812 2609 malorum
851 2555 1196 2609 vitandorum
1240 2568 1402 2609 causa
1452 2561 1600 2608 recte
1644 2553 1931 2609 toleratam
1967 2554 2115 2608 arbi-

534 2647 705 2701 trari.
747 2645 803 2699 in
849 2660 958 2714 quo
989 2646 1259 2715 detegitur
1295 2645 1518 2700 ultimus
1568 2653 1819 2713 receptus
1848 2644 2117 2699 schisma-

536 2736 669 2791 lica:
699 2736 1080 2801 contumaciae,
1096 2746 1154 2791 et
1184 2735 1489 2791 declaratur
1510 2750 1671 2803 quam
1693 2749 1879 2802 parum
1902 2734 2115 2792 sincera

538 2826 659 2881 fide
703 2827 946 2895 plerique
992 2835 1121 2882 tunc
1165 2825 1487 2883 Graecorum
1537 2825 1699 2880 istam
1747 2838 1875 2879 cum
1920 2824 2114 2883 Latina

536 2918 791 2974 ﬁcclesia
817 2918 1162 2975 concordiam
1192 2919 1303 2977 sint
1332 2919 1586 2987 amplexi.

632 3010 974 3076 ’Λποστολή
1007 3027 1061 3081 p.
1105 3011 1226 3067 lii.
1266 3011 1415 3066 inter
1444 3030 1640 3071 causas
1681 3016 2114 3086 quasimperatov-

531 3118 658 3157 vrem
693 3102 1047 3173 Paluologum
1092 3112 1379 3159 moverunt
1405 3106 1472 3161 ad
1520 3107 1891 3164 absistendum
1930 3113 2114 3176 empta

2212 2274 2421 2328 arcium
2455 2290 2569 2329 non
2603 2274 2824 2331 inutiles
2864 2276 3135 2339 interdum
3160 2292 3255 2337 aut
3283 2282 3450 2339 etiam
3477 2282 3542 2338 ad
3571 2298 3739 2339 conre-

2212 2367 2450 2422 ctionem
2479 2370 2878 2422 commeatuum
2929 2354 3275 2425 necessarios
3321 2370 3416 2429 hic
3451 2382 3741 2430 memoratos

2214 2456 2368 2523 velit,
2397 2472 2480 2511 nte
2511 2457 2638 2512 huic
2658 2460 3003 2528 extorquebit
3025 2462 3379 2530 pertinaciam
3414 2466 3551 2533 quod
3574 2464 3738 2520 ibidem

2215 2564 2338 2602 mox
2367 2551 2495 2619 περὶ
2517 2550 2777 2619 ἁρμάτων
2820 2551 3041 2617 dicitur,
3086 2546 3150 2608 ea
3201 2568 3325 2610 esse
3365 2569 3438 2610 ex
3480 2569 3545 2611 eo
3574 2571 3740 2627 genere

2214 2653 2393 2694 rerum
2424 2641 2582 2709 cujus
2618 2656 2897 2712 nunquam
2930 2642 3138 2701 aﬂntim
3173 2645 3457 2703 utentibus
3486 2650 3582 2715 sit;
3623 2647 3739 2704 unde

2215 2745 2339 2784 mox
2388 2731 2639 2795 additur,
2686 2733 2740 2789 id
2803 2742 3145 2803 reputantem
3193 2736 3343 2799 illum
3396 2739 3737 2808 imperatorem

2209 2820 2445 2890 iussisse
2488 2822 2613 2877 addi
2665 2824 2925 2895 eamlOgis
2963 2827 3132 2895 gratis
3175 2830 3675 2898 suppeditandarttnt
3712 2846 3738 2885 e

2215 2914 2348 2970 tisco
2374 2916 2530 2971 militi
2556 2932 2743 2972 rerum
2763 2933 2914 2974 arma
2945 2921 3122 2976 omnis
3157 2921 3374 2992 generis
3403 2933 3459 2978 et
3488 2939 3640 2987 usus;
3663 2924 3738 2983 ubi

2214 3006 2270 3061 in
2307 3006 2496 3063 Graeco
2521 3016 2609 3063 est
2638 3024 2744 3064 vox
2769 3010 2912 3065 ὅπλα
2948 3013 3233 3070 manifeste
3272 3024 3333 3069 ut
3366 3030 3645 3088 synonyma
3664 3013 3738 3069 τοῦ

2213 3097 2456 3167 ἅρματος
2491 3097 2642 3168 prius
2676 3102 2963 3163 memorati
3014 3103 3214 3172 posita.
3264 3104 3574 3163 Clarissima
3604 3106 3738 3161 etiam

538 3194 948 3263 oppugnatione
1000 3193 1204 3250 Galatae
1272 3196 1720 3273 olrsidiotmnque
1765 3198 2110 3261 solvendam,

2215 3186 2402 3241 eadem
2436 3200 2538 3241 vox
2564 3186 2787 3257 ἅρματα
2823 3203 2922 3259 pro
2948 3189 3087 3244 ὅπλα
3119 3200 3382 3261 usurpata
3421 3191 3670 3262 reperitur
3691 3203 3739 3260 ρ.

543 3293 828 3339 enumerat
862 3299 1110 3354 sparsam
1158 3285 1358 3343 famam
1402 3287 1725 3349 auailiorom
1755 3305 1786 3345 ι
1813 3288 1950 3345 sede
1978 3302 2111 3357 apo-

544 3375 875 3443 stolicajatn
906 3374 1312 3437 submissorum,
1331 3377 1571 3441 obsessis
1595 3378 1890 3434 validorum
1926 3378 2112 3447 etjam

544 3464 611 3535 μ’
649 3464 774 3536 572]
823 3465 1232 3520 adventantium
1266 3483 1282 3531 ;
1314 3468 1588 3539 ἀποστολὴ
1634 3469 1799 3540 igitur
1840 3469 1953 3524 hoc.
1992 3468 2112 3524 loco

542 3555 681 3611 nihil
744 3555 887 3610 aliud
938 3569 1102 3624 quam
1147 3555 1329 3610 sedero
1391 3557 1744 3625 apostolicam
1806 3553 2111 3613 Romanam

536 3656 708 3701 8033i.
715 3686 725 3699 .

628 3737 945 3806 ’Λπόερασις
979 3752 1033 3806 p.
1062 3738 1188 3794 268.
1223 3738 1622 3795 Denuntiarunt
1658 3738 1987 3810 patriarcha:
2011 3738 2111 3794 da-

534 3830 878 3884 mnationem
924 3830 1098 3899 ipsius
1134 3839 1190 3886 et
1220 3831 1618 3901 depositionem
1661 3830 1872 3901 judicio
1917 3830 2109 3902 synodi

528 3919 838 3974 decretam.
874 3919 1028 3974 Unde
1058 3920 1374 3992 intelligitur
1404 3920 1458 3977 in
1492 3920 1649 3976 titulo
1674 3934 1792 3992 cap.
1821 3920 1984 3987 sexti,
2014 3919 2110 3991 qui

539 4010 623 4065 sic
656 4011 817 4066 habet
855 4028 871 4066 :
912 4013 1099 4074 Ὅπως
1146 4012 1515 4081 συναχθέντων
1555 4011 1664 4065 τῶν
1708 4013 2010 4083 ἀρχιερέων
2047 4011 2109 4066 τὸ

539 4101 745 4155 τέλειον
785 4102 1011 4171 μήνυμα
1041 4102 1133 4171 καὶ
1177 4103 1273 4154 ἐπὶ
1315 4103 1490 4173 τούτῳ
1520 4104 1554 4171 ἡ
1590 4103 1860 4171 ἀπόφασις
1896 4104 2131 4173 γέγονεκ

543 4207 732 4247 vocem
773 4193 1047 4261 ἀπόφασις
1091 4193 1497 4249 damnationem
1552 4208 1772 4248 sonare.
1821 4193 1947 4251 Scio
1996 4210 2107 4249 non

534 4299 661 4340 esse
695 4284 836 4340 hanc
864 4286 1142 4356 vulgarem
1173 4285 1337 4354 hujus
1369 4284 1615 4341 vocabuli
1653 4287 1957 4343 notionem.
2000 4284 2108 4340 Ta—

540 4390 668 4435 men
695 4373 896 4447 aliquid
938 4374 1115 4429 simile
1146 4373 1450 4444 significare
1480 4374 1749 4430 interdum
1770 4414 1787 4439 ,
1812 4375 2108 4431 ostendunt

539 4463 657 4518 loca
688 4465 1041 4521 classicorum
1076 4475 1384 4529 auctorum,
1420 4465 1731 4534 Vulgaribus
1777 4466 1940 4521 etiam
1968 4465 2105 4519 lexi-

2212 3278 2336 3340 419.
2368 3278 2455 3335 ubi
2480 3276 2840 3349 Pachymeres
2862 3281 2940 3337 ait
2964 3279 3203 3338 Venetos
3229 3282 3525 3355 aliquando
3552 3283 3738 3339 ditiores

2211 3369 2712 3439 splenditiioresque
2740 3368 3117 3429 Genuensibus
3145 3372 3339 3440 fuisse,
3364 3390 3395 3430 a
3419 3374 3737 3447 quibus,_vice

2208 3476 2395 3516 rerum
2420 3460 2802 3528 humanarum,
2820 3470 3008 3532 postea
3031 3462 3234 3522 divitiis
3254 3474 3310 3521 et
3332 3466 3512 3537 cultus
3528 3462 3736 3537 magniﬁ-

2202 3542 2387 3609 centia
2405 3552 2644 3622 superati
2669 3554 2798 3610 sint.
2825 3555 2960 3628 Ergo
2982 3557 3223 3627 priorem
3256 3556 3413 3615 illam
3450 3556 3734 3613 Venetorum
3807 3611 3813 3617 ,

2202 3645 2661 3726 magniﬁcentiam
2718 3661 3066 3714 metuerant,
3114 3648 3193 3707 ait
3228 3663 3425 3707 eorum
3479 3648 3732 3717 συνέδριον.

2210 3737 2315 3792 hoc
2338 3746 2421 3792 est
2449 3750 2726 3807 proceres,
2750 3738 3031 3808 patricios,
3050 3754 3114 3795 ex
3162 3740 3365 3809 quibus
3424 3741 3481 3796 in
3527 3754 3589 3797 ea
3630 3738 3734 3793 urbe

2208 3836 2431 3883 senatus
2442 3835 2682 3893 constat,
2695 3824 2910 3899 πλούτῳ
2927 3829 3023 3884 καὶ
3046 3830 3255 3907 ἅρμασι
3278 3832 3373 3886 καὶ
3402 3829 3734 3902 παρασκευαῖς

2208 3918 2445 3982 ἁπάσαις
2511 3916 2891 3977 Genuensibus
2957 3920 3086 3976 olim
3154 3923 3492 3992 prestitisse.
3548 3922 3637 3978 ilic
3679 3932 3734 3973 ne

2207 4002 2429 4076 ἅρματα
2458 4023 2655 4062 currus
2709 4008 3162 4080 interpretemur.
3212 4013 3502 4082 prohibet,
3542 4010 3585 4068 si
3622 4005 3735 4065 nihil

2205 4097 2372 4163 aliud,
2405 4110 2556 4155 certe
2598 4102 2736 4155 situs
2784 4101 2931 4156 urbis
2962 4100 3181 4157 Venetae
3226 4101 3293 4159 ad
3332 4104 3500 4160 maris
3522 4100 3734 4158 insulari:

2205 4189 2284 4244 sic
2310 4191 2500 4261 positas
2527 4200 2586 4245 ut
2613 4193 2818 4262 cymbis
2843 4207 2938 4263 per
2964 4208 3108 4259 eam,
3140 4209 3252 4248 non
3284 4195 3470 4250 rhedis
3499 4203 3735 4250 commee-

2206 4289 2313 4335 tur.
2348 4281 2527 4348 Quare
2554 4282 2838 4339 ridiculum
2880 4283 3083 4338 faceret
3106 4284 3611 4357 Pachymerem,qui
3633 4295 3733 4338 eum

2205 4371 2389 4428 dicere
2427 4374 2643 4443 juberet
2676 4384 2957 4429 senatores
2991 4377 3119 4430 olim
3157 4374 3394 4435 Venetos
3426 4378 3483 4433 in
3512 4392 3599 4433 sua
3627 4377 3734 4430 urbe

2205 4462 2387 4535 specie
2428 4465 2717 4519 rhedarum
2750 4474 2807 4520 et
2839 4467 3236 4537 magnificentia
3284 4482 3540 4523 curruum
3579 4468 3734 4538 copias

534 4555 617 4608 eis
651 4555 839 4608 relata.
873 4553 1001 4609 Mihi
1028 4552 1220 4609 subicit
1253 4553 1574 4625 Hesychius,
1594 4555 1736 4624 apud
1761 4569 1920 4624 quem
1946 4555 2064 4623 lego
2088 4570 2103 4607 :
2133 4539 2185 4598 ι)
2209 4555 2629 4611 ostentasse.Ut
2648 4557 2892 4612 omittam
2918 4573 2983 4611 ex
3001 4557 3121 4613 aliis
3142 4556 3306 4629 hujus
3333 4560 3567 4616 historia
3608 4559 3731 4623 locis,

547 4645 1092 4715 Ἀπόφασις,κρίσις.
1137 4646 1335 4716 ψῆφος,
1376 4646 1521 4717 δίκη.
1567 4644 1631 4700 Et
1684 4655 1838 4700 vetus
1890 4645 2102 4699 lexicon

535 4735 790 4806 auouymi
817 4736 1024 4790 editum
1048 4750 1077 4789 a
1111 4735 1366 4791 Vulcauio
1400 4754 1414 4791 :
1459 4736 1776 4804 ’Λπόφασις,
1807 4735 2100 4790 sententia.

620 4823 1129 4893 Ἀπροσποιοῦμαι
1154 4840 1212 4896 p.
1236 4825 1361 4882 £96.
1398 4823 1632 4880 Verbum
1658 4823 1801 4879 istud
1833 4825 1959 4879 alibi
1993 4840 2101 4879 non

534 4906 733 4987 reperi.
763 4918 827 4970 Et
854 4916 1165 4984 Vaticanus,
1201 4926 1259 4971 ut
1282 4916 1420 4972 solet
1451 4919 1504 4970 in
1536 4917 1801 4981 obscuris,
1840 4925 1896 4970 et
1924 4916 2026 4971 hoc
2051 4925 2104 4970 et

528 5024 745 5065 cornuta
773 5025 896 5064 cum
928 5023 994 5063 eo
1021 5019 1191 5063 totum
1224 5010 1427 5064 omisit.
1452 5009 1723 5064 Caeterum
1753 5009 1916 5079 bujus
1949 5009 2102 5064 notio

527 5113 592 5155 ut
622 5100 893 5156 contraria
919 5100 996 5170 τῷ
1019 5098 1421 5171 προσποιοῦμαι
1448 5099 1633 5163 debet,
1657 5100 1873 5170 opinor.
1903 5098 2095 5169 accipi.

530 5192 732 5248 Notum
785 5202 966 5248 autem
1018 5193 1146 5262 quid
1190 5192 1604 5262 προσποιεῖσθαι
1665 5192 1755 5256 sit,
1796 5206 2097 5256 assumere,

528 5286 852 5356 adjuugere,
897 5284 1190 5340 admovere
1219 5284 1357 5349 sibi;
1394 5292 1452 5339 ut
1489 5282 1665 5351 solent
1695 5282 1967 5353 principes
2003 5297 2097 5337 eos

530 5391 667 5445 quos
701 5391 797 5431 sua
826 5376 994 5445 gratia
1020 5374 1211 5445 dignos
1237 5383 1451 5443 putant.
1478 5372 1620 5444 Ergo
1649 5372 2097 5442 ἀπροσποιεῖσθαι

529 5471 634 5521 erit
666 5466 957 5521 excludere
997 5482 1060 5520 ac
1090 5466 1336 5536 rejicere.
1360 5464 1515 5530 Quod
1550 5465 1653 5518 huc
1685 5464 1823 5518 belle
1845 5463 2093 5533 quadrat,

520 5571 591 5615 -ιιι
625 5559 927 5629 AcrOpolita
957 5559 1141 5614 favore
1164 5574 1228 5615 ac
1256 5559 1619 5614 familiaritate
1642 5556 1986 5628 imperatoris
2020 5555 2096 5610 si-

522 5647 814 5716 gnificetur
841 5646 1128 5705 excidisse.

601 5738 881 5807 "Apyata.
930 5736 990 5792 In
1042 5739 1264 5794 notione
1307 5738 1453 5794 vocis
1502 5740 1673 5809 ἅρμα,
1716 5753 1820 5806 qua
1874 5751 2092 5791 currum

514 5827 795 5899 designari
824 5830 1001 5885 sciunt
1033 5846 1243 5899 omnes,
1280 5831 1564 5884 innovasse
1590 5828 1921 5884 recentiores
1945 5827 2094 5884 Gras-

2214 4644 2279 4719 [Ρ
2308 4644 2436 4719 373]
2475 4648 2619 4715 quod
2648 4648 2778 4702 alibi
2810 4648 3069 4716 observo,
3106 4666 3392 4721 apparere,
3436 4668 3503 4707 ne
3535 4655 3583 4707 in
3614 4652 3733 4705 urbi-

2209 4736 2314 4793 bus
2342 4737 2558 4806 quidem
2587 4737 2642 4792 in
2672 4738 2831 4807 plano
2861 4748 2915 4793 et
2934 4738 3089 4795 sicco
3134 4741 3435 4805 tediiicatis,
3478 4743 3637 4812 iisque
3671 4756 3734 4794 re—

2210 4827 2329 4896 giis,
2345 4827 2683 4896 frequentem
2711 4844 2774 4882 ea
2814 4837 3135 4900 tempestate
3164 4847 3445 4901 curruum,
3479 4833 3731 4889 rhedarum

2208 4927 2304 4972 aut
2339 4919 2681 4983 essedorum,
2728 4920 3013 4989 splendide
3063 4925 3364 4992 praesertim
3415 4934 3730 4981 ornatarum.

2211 5023 2365 5062 usum
2399 5007 2587 5064 fuisse.
2620 5006 2759 5080 Ergo
2799 5011 2921 5065 sine
2962 5011 3131 5066 dubio
3177 5012 3393 5085 πλούτῳ
3434 5014 3524 5067 καὶ
3557 5013 3732 5082 apparat

2206 5100 2645 5154 divitiis-alarm:
2670 5101 2985 5156 vertendum
3008 5103 3131 5157 fuit.
3152 5102 3418 5159 Nimirum
3454 5105 3610 5158 armis
3633 5116 3732 5172 pre-

2208 5192 2344 5245 tiose
2377 5190 2582 5244 ornatis
2612 5190 2860 5246 instructi
2902 5194 3204 5260 gaudebant
3249 5211 3527 5265 apparere,
3553 5204 3681 5248 more
3706 5205 3730 5243 a

2209 5279 2451 5351 Salyrico
2467 5282 2703 5348 laudato,
2720 5283 2847 5336 dum
2868 5284 3168 5340 adducitex
3186 5286 3420 5343 heroicis
3437 5284 3732 5357 temporibus

2205 5372 2513 5442 exemplum
2545 5373 2826 5442 cujusdam
2877 5377 3102 5445 gemmis
3132 5393 3248 5432 non
3278 5379 3345 5434 ad
3378 5379 3608 5434 ornanda
3648 5390 3726 5445 po-

2203 5461 2344 5525 cula,
2372 5471 2431 5516 ut
2456 5460 2616 5516 Virro
2636 5464 2853 5533 quidam
2880 5465 3134 5543 faciebat,
3165 5471 3240 5524 uti
3274 5472 3440 5537 soliti,
3471 5469 3561 5525 sed
3588 5483 3666 5524 eas
3686 5466 3728 5519 in

2205 5554 2410 5622 vaginae
2441 5552 2874 5624 frontepouere,
2906 5557 3007 5613 hoc
3033 5569 3119 5613 est
3147 5560 3199 5613 in
3232 5562 3440 5631 capulo,
3460 5560 3728 5628 consimicuo

2203 5646 2455 5699 videlicet
2480 5647 2620 5713 loco,
2646 5657 2923 5704 ostentare
2954 5666 2967 5701 :
2992 5652 3183 5706 alludit
3213 5655 3357 5707 enim
3398 5655 3522 5707 illud
3547 5647 3720 5721 Virgilii

2202 5738 2466 5790 stellatum
2495 5739 2705 5807 jaspide
2726 5740 2865 5808 [ulva
2895 5756 3081 5797 ensem
3103 5742 3288 5798 onete
3319 5743 3607 5798 tribuentis.
3640 5738 3727 5792 Sed

2205 5830 2319 5882 haec
2352 5831 2407 5882 ὲν
2442 5827 2720 5899 παρέργου
2763 5831 2939 5901 μέρει.
2972 5830 3193 5886 Summa
3223 5834 3310 5901 sit,
3351 5833 3554 5903 ἅρματα
3585 5831 3633 5885 in
3660 5826 3726 5880 bis
