3992 6514
274 331 414 394 lt‘O'J

1623 328 2137 393 GLOSSARIUM.

3375 320 3529 384 1οἰοσ

268 445 491 500 duobus
516 440 863 512 Pachymeris
908 441 1043 497 locis
1092 457 1193 512 pro
1240 443 1424 508 ὅπλοις
1472 444 1733 513 positum,
1781 450 1836 498 et

2009 441 2092 515 IP.
2126 442 2255 514 374]
2311 440 2861 498 Αὺθεντοπουλεύειν.
2915 436 3059 493 Puer
3101 436 3363 508 princeps
3422 443 3527 489 aut.

268 552 427 590 arma
455 534 641 589 Latina
672 535 893 589 notione
922 534 1231 606 designare,
1256 551 1359 592 nec
1392 536 1461 590 ad
1500 551 1695 591 currus
1720 535 1841 604 lnisi

270 626 511 682 absurde
539 626 729 681 referri
768 642 926 695 posse
952 626 995 694 (l
1010 635 1050 697 ).

356 718 659 787 Ἀρπεδὼν
690 733 743 786 p.
771 718 893 771 295.
928 718 1095 782 Αὐτὸς
1121 719 1345 788 πέμψας
1400 720 1495 773 καὶ
1551 720 1844 788 ἁρπεδόσιν

273 807 543 862 ἐνδεῖσθαι
617 806 1066 877 παρασκευάσας.
1136 806 1262 862 ΠεΡο
1315 808 1440 864 licet
1492 808 1547 862 in
1584 820 1843 864 contextu

254 900 547 967 ‘disjuncta
593 898 672 952 sic
717 900 947 966 aptanda
985 910 1131 954 sunt.
1185 899 1465 969 Signiﬁcat
1512 901 1843 956 Germanum

273 991 644 1059 plitriareham
694 991 868 1044 valida
913 992 979 1045 ad
1011 993 1189 1060 ipsum
1235 993 1435 1046 throno
1477 992 1843 1062 dejiciendum

272 1082 508 1135 conﬂata
568 1080 825 1144 factione,
876 1097 1196 1150 persuasum
1262 1076 1461 1152 supina
1523 1083 1845 1139 credulitate

274 1173 499 1227 studere
522 1173 623 1227 sibi
659 1173 1043 1242 imperatorem
1076 1189 1237 1243 quam
1272 1175 1527 1239 maxime,
1564 1175 1844 1230 conﬁden-

277 1274 358 1317 ter
390 1265 661 1317 indicasse
698 1263 797 1334 ipsi
846 1280 985 1334 opus
1016 1265 1119 1319 sibi
1165 1279 1287 1320 esse
1320 1265 1615 1330 donativis,
1647 1266 1847 1336 quibus

276 1355 603 1426 spargendis
691 1348 1094 1409 adversantium
1172 1358 1553 1412 reconciliaret
1612 1357 1845 1413 animos.

275 1446 449 1510 Quam
483 1446 549 1499 ad
593 1462 704 1499 rem
731 1486 746 1508 ,
784 1446 838 1499 in
870 1446 1311 1502 dissimulatione
1360 1448 1658 1518 persistens
1685 1447 1848 1522 548

279 1539 504 1593 Michael
551 1544 843 1610 Augustus,
872 1556 1128 1594 nummos
1159 1541 1206 1595 ei
1235 1557 1408 1597 aereos
1452 1542 1859 1613 argenteosque‘

276 1627 446 1691 misit,
474 1644 608 1695 quos
640 1629 764 1682 dum
790 1629 1050 1683 solemnis
1074 1630 1383 1685 litaniarum
1410 1646 1608 1700 pompa
1640 1631 1847 1686 infesto

274 1718 585 1773 Palmarum
611 1722 963 1789 procederet,
1001 1722 1311 1791 patriarcha
1350 1722 1581 1792 jactarct
1629 1723 1685 1778 in
1717 1739 1845 1778 eon-

1946 534 2226 606 regnantis
2259 532 2402 590 ﬁlius
2432 549 2652 605 parvus,
2672 548 2796 589 cum
2835 529 3168 603 procedente
3201 527 3256 581 in
3282 528 3511 597 primam

1947 626 2232 698 pueritiam
2266 625 2493 680 infantia
2524 626 2842 680 comitatum
2894 620 3169 676 natalibus
3208 632 3523 688 congruum-

1946 718 2143 787 accipit
2170 727 2227 773 et
2258 716 2563 772 ministerio
2592 731 2655 770 ac
2684 713 2940 770 satellitio
2984 710 3377 774 circumdatur,
3414 709 3515 762 αὑ-

1948 808 2390 864 θεντοπουλεύειν
2438 809 2641 861 dicitur
2700 805 2919 861 Graeciaa
2955 802 3184 865 recenti,
3225 800 3381 870 ettjus
3414 816 3519 853 usu

1946 918 2051 957 vox
2111 901 2305 962 ποῦλος
2368 898 2762 968 ὑποκοριστική
2821 905 2925 951 est.
2967 894 3036 950 Ut
3065 910 3197 966 ergo
3244 894 3514 963 αὐθέντης

1948 993 2263 1051 dominum.
2325 992 2399 1046 ita
2466 987 2894 1050 αὐθεντόπουλος
2950 1002 3177 1054 parvum
3231 985 3525 1040 dominum:

1948 1093 2126 1138 sonat.
2162 1084 2299 1137 Hinc
2328 1082 2645 1150 intelligitur
2676 1079 2823 1149 quod
2855 1077 3045 1133 scribit
3085 1075 3302 1143 Noster,
3330 1092 3384 1144 p.
3414 1075 3515 1135 ‘24,

1948 1175 2015 1229 de
2041 1173 2414 1228 Muzalonibus
2464 1173 2638 1226 tribus
2670 1169 2931 1224 fratribus
2967 1165 3257 1221 Theodoro
3282 1166 3531 1235 impera-A

1950 1264 2050 1319 tori
2089 1263 2301 1324 charis.
2335 1262 2477 1331 quod
2517 1261 2588 1322 ei.
2620 1276 2742 1315 eum
2787 1260 3023 1329 primum
3072 1271 3207 1325 puer
3258 1256 3517 1308 familiam

1949 1354 2304 1425 principalem
2348 1355 2549 1408 habere
2602 1352 2787 1422 coepit,
2824 1354 2879 1405 in
2921 1348 3165 1419 ephebos
3197 1347 3520 1401 lionorarios

1949 1446 2056 1500 dati
2089 1446 2339 1501 fuissent.
2360 1446 2593 1516 Ἀνδρας
2620 1445 2719 1497 οὐκ
2749 1442 3033 1511 εὐγενείας
3074 1439 3172 1508 μὲν
3192 1438 3514 1509 μετέχοντας

1948 1538 2007 1590 τὸ
2049 1539 2330 1607 παράπαν,
2375 1539 2453 1600 εἰς
2480 1535 2876 1599 παιδοπού).ους
2916 1532 2973 1587 δὲ
3021 1529 3515 1584 αὐθεντοπουλευο-

1953 1630 2097 1700 μένῳ
2128 1629 2499 1698 τεταγμένους
2532 1627 2704 1698 αὐτῷ.

2019 1722 2182 1794 549
2227 1722 2713 1788 Αὐτοπρόσωπον
2775 1720 3228 1791 ἀντιφάρμακον
3276 1734 3331 1790 p.
3383 1716 3517 1772 212.

274 1811 467 1865 fertam
508 1812 741 1881 plebem.
776 1814 901 1867 Haec
933 1814 1077 1867 dona
1114 1824 1270 1869 vocat
1297 1824 1485 1870 noster
1517 1815 1841 1885 ἁρπεδόνας,
1876 1782 1922 1842 Β
1950 1782 2305 1865 Ριξνῖιῶἰιιω
2353 1782 2602 1865 iudicans
2633 1782 2928 1864 eﬁicaciarn
2967 1782 3293 1880 praesentire
3321 1807 3377 1861 in
3411 1814 3518 1859 tra-

274 1918 392 1972 qua:
425 1919 527 1958 vox
563 1906 780 1974 proprie
842 1907 1113 1977 signiﬁcat
1146 1908 1320 1964 lineas
1360 1918 1454 1963 aut
1482 1909 1638 1967 funes
1683 1908 1843 1964 hamo

274 1996 546 2064 pneﬁxos,
568 1999 766 2067 quibus
796 1994 973 2069 pisces
1003 2016 1143 2056 esete
1174 2001 1451 2058 inhiantes
1477 2003 1656 2057 inﬁxa:
1686 2001 1843 2058 avide

275 2090 483 2143 \oratis
520 2091 663 2158 capti
698 2092 992 2145 trahuntur
1022 2092 1077 2145 in
1104 2091 1365 2162 piscantis
1392 2108 1631 2148 manum.
1666 2093 1841 2163 Atque

277 2180 415 2235 haud
452 2183 571 2237 seio
606 2199 672 2236 an
714 2198 823 2237 non
855 2192 1142 2253 propterea
1171 2184 1367 2240 lineam
1400 2184 1623 2241 divitem
1658 2185 1846 2256 hujus-

194 2346 199 2349 »
277 2273 413 2325 mmli
445 2274 712 2342 gratuitas
750 2275 968 2344 rapinas
1001 2277 1050 2328 in
1081 2276 1290 2343 plebem
1321 2277 1607 2332 ambitiose
1630 2293 1845 2347 sparsas

278 2360 479 2415 alicubi
526 2364 799 2419 vocaverit
842 2363 1122 2428 Martialis,
1151 2366 1294 2434 quod
1360 2366 1444 2421 his
1492 2367 1642 2422 velut
1687 2368 1847 2423 lineis

278 2454 608 2522 piscatoriis,
652 2454 745 2509 sed
785 2457 964 2511 aureis
997 2466 1055 2510 et
1101 2457 1535 2521 amabilioribus,
1566 2459 1845 2513 hominum

283 2546 459 2599 studia
526 2548 942 2617 et_voluntates
1007 2549 1310 2620 capiantur.
1366 2550 1685 2621 Quanquam
1744 2568 1846 2608 nec

282 2636 473 2707 ignoro
504 2654 609 2695 nee
646 2640 892 2711 improbo
920 2658 1037 2713 quae
1060 2643 1165 2697 alia
1195 2643 1396 2698 eruditi
1426 2643 1747 2714 interpretes
1790 2645 1845 2699 in

283 2741 399 2782 eum
424 2728 609 2783 locum
639 2742 1099 2788 commcntantur.

362 2819 538 2887 Ἄρχή
590 2836 653 2890 ι).
702 2823 787 2878 17.
845 2822 1128 2890 Sententia
1190 2825 1291 2880 loci
1347 2825 1508 2895 exigit
1544 2827 1721 2898 ἀρχήν
1764 2827 1852 2882 hic

286 2912 461 2963 vocari
511 2913 688 2967 aulam
742 2915 856 2969 sive
897 2919 1212 2972 comitatum
1253 2918 1615 2988 imperatoris,
1640 2926 1735 2974 aut
1763 2937 1854 2974 ur-

290 2998 409 3051 bem
445 3001 665 3070 imperii
702 3003 908 3059 sedem.

1950 1902 2163 1959 ctandis
2190 1900 2443 1973 negotiis,
2478 1900 2778 1970 praesertim
2809 1900 3338 1961 reconciliationum,
3390 1910 3520 1966 qum

1951 1992 2108 2062 longe
2120 1989 2283 2046 citius
2299 1997 2354 2045 et
2372 1988 2586 2044 facilius
2602 2005 2631 2043 a
2652 2004 2833 2044 coram
2853 1989 3053 2043 atl‘ante
3069 1997 3122 2042 et
3142 2002 3203 2042 os
3220 2002 3284 2042 ac
3300 1986 3523 2041 vultum.

1952 2091 2143 2138 notum
2168 2082 2459 2137 exbibente
2489 2079 2859 2152 transiguntur
2892 2095 3051 2150 quam
3076 2080 3142 2133 ab
3164 2079 3390 2133 absente
3419 2092 3529 2147 per.

1951 2176 2157 2232 litteras
2188 2184 2282 2231 aut
2326 2174 2719 2230 internuntios.
2754 2173 2869 2227 Hoc
2910 2170 3159 2243 adagium
3194 2172 3247 2224 in
3282 2168 3519 2239 vulgatis

1951 2268 2364 2325 collectionibus
2397 2266 2639 2321 nondum
2674 2265 2874 2335 reperi.

2030 2360 2355 2429 Ἀψικορὲω
2372 2375 2425 2429 p.
2448 2357 2574 2413 298.
2597 2357 2829 2412 Verbum
2849 2356 2954 2410 hoc
2973 2354 3039 2411 ab
3063 2355 3165 2409 alio
3196 2362 3519 2423 usurpatum

1949 2453 2136 2507 videre
2192 2466 2301 2505 non
2364 2450 2610 2505 memini.
2672 2448 2878 2502 Tamen
2926 2462 2991 2501 ex
3036 2447 3250 2517 vulgata
3292 2443 3517 2497 notione
3599 2441 3603 2445 ’

1951 2544 2339 2600 vocabulorum
2371 2541 2631 2612 ἁψίκορος
2661 2550 2717 2595 et
2747 2539 3006 2610 ἁψικορξα
3039 2538 3271 2602 Platoni,
3305 2536 3514 2589 Plutar-

1952 2637 2054 2691 cbo
2084 2646 2138 2690 et
2162 2635 2402 2690 Luciano
2430 2634 2702 2696 tz'itorum,
2740 2632 2897 2686 facile
2930 2632 3173 2702 intelligo
3213 2639 3359 2684 recta
3390 2645 3516 2683 ana-

1953 2731 2090 2802 logia
2136 2730 2427 2783 formatum
2476 2728 2704 2782 verbum
2742 2726 3050 2797 ἀψικορεῖν,
3078 2726 3219 2795 quod
3273 2732 3429 2780 sonet
3461 2725 3518 2777 in

1954 2821 2257 2878 satietatem
2305 2821 2413 2874 cito
2464 2819 2651 2874 venire
2684 2820 2763 2873 rei
2817 2826 2912 2871 aut
2966 2832 3215 2887 personae
3264 2816 3516 2885 alicujus.

1952 2914 2182 2984 Perapte
2222 2912 2288 2967 ad
2338 2915 2660 2967 sententiam
2693 2911 2816 2973 loci,
2874 2924 2982 2976 quo
3023 2908 3357 2978 signiﬁcatur
3409 2908 3531 2961 cito

1954 3015 2243 3077 pertaesum
2303 3003 2614 3072 imperatori
2668 3000 2926 3057 Germani
2972 3000 3313 3070 patriarclne,
3356 3014 3527 3067 quem.

360 3093 612 3161 Ἀτηρόν
640 3113 694 3166 p.
728 3097 849 3152 150.
880 3097 985 3153 Pro
1016 3100 1218 3171 ἁτηρόν
1260 3103 1364 3156 hoc
1392 3103 1515 3158 loco
1560 3104 1853 3161 Vaticanus

1960 3094 2117 3165 paulo
2144 3102 2271 3147 ante
2300 3101 2452 3146 tanto
2479 3090 2661 3146 studio
2690 3096 3060 3158 promoverat.

291 3187 457 3240 codex
482 3187 672 3242 scribit
693 3189 936 3260 λυπηρόν
958 3208 973 3246 :
998 3194 1177 3247 notius
1207 3192 1260 3247 id
1290 3195 1457 3249 enim.
1494 3192 1687 3250 Noster
1708 3198 1855 3253 vide-

294 3276 415 3331 licet
474 3288 718 3333 veterum
788 3283 1109 3350 scriptorum
1189 3284 1523 3340 abstrusiora
1594 3287 1856 3345 vocabula

295 3369 552 3425 libentius
609 3383 854 3442 usurpat.
897 3374 1193 3445 Hesychius
1224 3377 1428 3447 ἀτηρόν
1470 3380 1694 3449 exponit
1724 3379 1857 3451 βλα-

296 3458 475 3529 ϐερόν.
529 3460 657 3516 Inde
714 3462 773 3517 ﬁt
821 3464 1129 3536 ἀταρτηρός
1182 3481 1281 3536 per
1330 3467 1707 3537 epenthesim,
1753 3487 1858 3527 vox

300 3550 531 3607 Homero
599 3553 944 3625 Hcsiodoque
1009 3556 1370 3627 frequentata.
1419 3560 1737 3619 Eustathius
1788 3564 1857 3619 ad

298 3642 447 3702 Iliad.
497 3663 535 3699 σι
589 3647 855 3718 originem
916 3651 1066 3707 vocis
1129 3650 1330 3722 ἀτηρόν
1356 3651 1505 3710 ducit
1554 3670 1584 3708 a
1639 3656 1860 3713 nomine

300 3736 400 3806 ἀτη
436 3753 613 3805 noxa,
659 3739 958 3805 calamitas,
988 3742 1272 3798 damnum.
1316 3742 1462 3799 Cave
1518 3744 1862 3816 obtemperes

300 3827 657 3885 Constantino
684 3830 737 3884 in
757 3830 951 3886 Lexico
975 3832 1185 3901 iubenti
1212 3849 1311 3898 pro
1336 3835 1534 3905 ἁτηρός
1557 3836 1861 3892 rescribere

302 3918 541 3988 ἀτειρής.
568 3919 699 3985 Quae
730 3921 862 3977 mihi
886 3938 1046 3980 causa
1078 3924 1183 3980 fuit
1214 3926 1329 3981 haec
1361 3926 1465 3981 hoc
1510 3927 1630 3982 loco
1670 3929 1864 3984 admo-

306 4012 501 4075 nendi,
537 4013 737 4083 alioqui
793 4014 1026 4069 tacitura
1079 4017 1146 4071 de
1208 4033 1342 4072 voce
1405 4019 1642 4089 ἀτηρός,
1684 4028 1744 4074 ιιι
1794 4036 1862 4077 ex

307 4102 507 4172 vulgari
531 4104 729 4158 veteris
763 4103 1077 4160 llellenismi
1105 4106 1297 4161 notitia
1324 4108 1455 4164 satis
1486 4121 1787 4179 perspecta.

384 4192 725 4247 Ἄττὰλλειν
784 4208 838 4261 p.
879 4194 968 4250 44.
988 4194 1111 4267 Agit
1144 4197 1216 4251 ibi
1263 4198 1493 4266 loquens
1532 4198 1739 4257 Iluzalo
1794 4202 1862 4258 de

308 4296 469 4347 puero
498 4282 707 4337 Joanne
732 4285 1002 4354 Augusto;
1037 4301 1195 4355 quem
1221 4301 1289 4341 eo
1321 4288 1552 4345 subditis
1579 4292 1864 4347 amabilio-

310 4386 414 4424 rem
470 4375 638 4428 videri
692 4375 891 4430 debere
945 4376 1037 4441 ait,
1074 4378 1216 4446 quod
1260 4394 1358 4447 per
1413 4388 1625 4435 aetatem
1685 4384 1862 4440 adhuc

306 4458 627 4527 simplicem,
659 4462 777 4517 sine
827 4462 972 4530 fuco,
1005 4466 1202 4533 puerili
1235 4468 1526 4524 securitate
1581 4483 1857 4540 operetur.
1888 4455 1941 4514 Ῐ)

307 4546 399 4602 Est
426 4550 731 4619 ἀττάλλειν,
779 4553 956 4623 inquit
1004 4555 1319 4612 Eustathius
1369 4559 1435 4613 ad
1491 4559 1659 4615 Iliad.
1702 4563 1751 4626 δ,
1800 4566 1864 4617 ἐκ

307 4639 395 4692 τοῦ
442 4642 625 4712 ᾇττειν
677 4644 772 4698 κα.)⁸
804 4645 1085 4701 ἅλλεσθαι.
1135 4645 1289 4712 Quod
1352 4647 1494 4703 idem
1552 4653 1747 4721 repetit
1795 4653 1862 4707 ad

310 4728 471 4784 Iliad.
525 4750 573 4797 ε,
622 4735 826 4790 addens
871 4736 941 4791 ob
1002 4738 1331 4806 euphoniam
1397 4737 1619 4809 dempto
1668 4757 1778 4796 uno
1831 4759 1863 4795 τ

310 4824 470 4879 εει-ιιιί
514 4826 795 4893 ἀτάλλειν,
831 4829 978 4898 quod
1028 4838 1218 4889 tamen
1254 4827 1451 4884 Noster
1505 4831 1595 4886 hic
1640 4847 1749 4887 non
1780 4843 1866 4889 est

311 4923 544 4970 secutus.
585 4918 756 4973 Sonat
802 4929 983 4974 autem
1017 4920 1073 4974 id
1101 4921 1328 4975 verbum
1378 4936 1596 4976 movere
1637 4937 1700 4975 ac
1737 4939 1865 4993 pro-

315 5005 450 5060 ferre
488 5022 546 5061 se
585 5009 752 5063 libere
784 5010 836 5064 in
874 5027 1089 5066 omnem
1134 5022 1366 5081 partem,
1419 5022 1629 5067 naturae
1686 4999 1865 5068 indul-

314 5095 505 5162 gendo,
542 5102 675 5152 citra
710 5110 914 5155 metum
963 5112 1055 5156 aut
1096 5112 1439 5173 respectum;
1475 5104 1619 5172 quod
1659 5111 1715 5158 et
1766 5104 1861 5159 be-

317 5188 533 5244 stiarum
566 5201 648 5246 est
674 5204 726 5248 et
752 5210 1065 5263 puerorum,
1098 5211 1236 5265 quos
1262 5195 1506 5251 nondum
1541 5196 1677 5251 ratio
1714 5212 1865 5251 eom-

318 5278 508 5342 pescit.
541 5277 870 5338 Vocabulum
903 5284 1062 5353 plane
1097 5283 1510 5356 Pacbymeriani
1545 5285 1712 5357 genii,
1755 5287 1866 5355 pri-

318 5382 488 5430 scum,
520 5372 853 5441 populariter
887 5373 1231 5443 loquentibus
1260 5376 1602 5440 inusitatum,
1629 5389 1660 5429 e
1704 5374 1867 5429 scho-

321 5459 486 5517 liastis
518 5473 798 5534 poetarum
844 5466 901 5520 in
951 5467 1237 5525 historiam
1283 5470 1584 5526 intextum'
1622 5468 1870 5540 qualibus

323 5552 408 5608 hic
439 5567 628 5611 auctor
654 5557 977 5614 delectatur.

394 5738 467 5805 (ll
497 5740 576 5797 Cf.
608 5741 849 5798 Glossar.
889 5745 1112 5799 alterum
1150 5760 1200 5802 v.
1249 5741 1768 5815 ’Δρματοφυλάκισν.

2026 3183 2299 3254 Βαρϐάρα
2316 3200 2371 3254 p.
2393 3184 2519 3237 270.
2551 3180 2661 3236 Res
2697 3180 2901 3234 indicat
2932 3178 3208 3248 regionem
3226 3176 3517 3246 quamdam

1958 3288 2051 3333 aut
2082 3285 2290 3348 partem
2335 3271 2961 3341 Constantinopolitanm
3005 3270 3155 3324 urbis
3183 3278 3273 3322 aut
3319 3268 3516 3322 subur-

1957 3372 2169 3427 biorum
2231 3370 2349 3438 ejus
2407 3367 2696 3422 Barbaram
2752 3365 2983 3428 dictam,
3039 3362 3183 3417 forte
3240 3379 3270 3415 ει
3338 3360 3525 3414 vicino

1961 3462 2162 3532 templo
2189 3461 2249 3515 S.
2285 3461 2533 3515 Barbarae
2564 3458 2785 3529 martyri
2818 3456 3020 3511 dicato.
3045 3453 3189 3509 Sane
3214 3451 3525 3507 Constanti-

1959 3553 2142 3625 nopoli
2178 3552 2350 3607 fuisse
2386 3550 2645 3620 templum
2677 3548 2897 3604 celebre
2922 3546 2980 3602 S.
3006 3545 3252 3600 Barbarae
3278 3544 3521 3604 nomine,

1960 3647 2119 3701 docet
2160 3643 2354 3699 Petrus
2405 3642 2618 3705 Gillius,
2649 3642 2683 3694 Ι.
2714 3657 2785 3703 ιι,
2816 3656 2866 3695 c.
2896 3639 2931 3692 2
2964 3636 3354 3707 Topographia:
3383 3634 3522 3689 Cen-

1961 3732 2345 3805 stantinopol.,
2383 3733 2527 3803 quod
2601 3731 2817 3786 videtur
2880 3729 3147 3783 collocare
3234 3726 3290 3779 in
3348 3724 3523 3795 prima

1961 3828 2203 3901 regione.
2258 3826 2394 3891 Quia
2456 3839 2586 3880 vero
2630 3823 2737 3878 hoc
2785 3820 3122 3891 κελλύδριον,
3155 3817 3222 3873 de
3276 3830 3385 3886 quo
3437 3815 3525 3869 hie

1962 3919 2158 3991 agitur,
2194 3916 2392 3972 dicitur
2439 3913 2610 3969 fuisse
2670 3910 2886 3966 miriﬁci
2940 3907 3177 3973 Nieolai,
3218 3906 3321 3960 hoc
3356 3914 3439 3960 est
3469 3904 3529 3958 ei

1963 4012 2201 4067 dicatum
2265 4016 2319 4063 et
2380 4022 2446 4059 ex
2491 4021 2556 4059 eo
2608 4011 3025 4071 nuncupatum,
3082 3996 3346 4067 suspicari
3401 3994 3526 4049 licet

1962 4102 2209 4174 proxime
2228 4100 2360 4154 illud
2377 4097 2670 4152 adhznsisse
2698 4093 2898 4160 templo
2916 4092 2970 4146 in
2995 4092 3259 4145 honorem
3279 4086 3525 4157 ejusdem

1966 4195 2025 4250 S.
2078 4192 2282 4248 Nieolai
2329 4208 2358 4246 a
2398 4190 2705 4247 Iustiniano
2763 4187 2893 4241 olim
2937 4191 3241 4245 exstructo,
3271 4190 3331 4234 ut
3358 4178 3546 4234 refert,

1962 4285 2280 4355 Procopius,
2320 4285 2359 4338 ι.
2394 4298 2410 4337 ι
2442 4282 2517 4337 De
2547 4281 2808 4349 wdi/iciis,
2838 4295 2887 4334 e.
2914 4278 2970 4332 ﬁ.

2034 4374 2459 4444 Βαρόαρειῶται
2492 4389 2544 4443 p.
2578 4371 2703 4427 321.
2736 4368 3071 4440 Corrigenda
3100 4366 3243 4421 forte
3268 4364 3337 4419 sit
3361 4361 3553 4431 huius.

1968 4467 2116 4523 vocis
2163 4452 2454 4535 scriptura,
2492 4471 2704 4517 mutato
2752 4480 2802 4515 ει
2844 4462 2901 4515 in
2954 4479 2996 4526 t,
3022 4475 3089 4514 ex
3125 4458 3353 4519 Codino,
3386 4470 3436 4509 c.
3471 4453 3533 4518 5,

1970 4560 2062 4615 ubi
2103 4568 2386 4629 postquam
2432 4554 2872 4609 Bardariotarum
2904 4552 3161 4607 vestitum
3191 4558 3247 4603 et
3275 4545 3526 4601 ministe-
3618 4613 3631 4619 _

1968 4650 2106 4705 rium
2138 4649 2416 4719 explicuit,
2438 4648 2503 4701 de
2531 4647 2597 4701 iis
2624 4646 2740 4700 hzec
2763 4638 3322 4713 subjungit:'l‘od:ou;
3358 4634 3528 4688 πάλαι

1970 4743 2185 4813 Πέρσας
2226 4741 2369 4794 κατὰ
2404 4740 2555 4807 γένος
2590 4739 2617 4790 ὁ
2655 4735 2911 4807 βασιλεὺς
2960 4730 3277 4800 μετοικίσας
3315 4729 3530 4779 ἐκεῖθεν

1966 4838 2043 4899 εἰς
2093 4835 2186 4887 τὸν
2242 4832 2543 4902 Βαρδάριον
2602 4830 2826 4883 ἐκάθισε
2855 4825 3124 4894 ποταμὸν,
3160 4820 3253 4889 ἀφ’
3315 4814 3376 4873 οὗ
3432 4818 3565 4895 xui,

1968 4922 2347 4992 Βαρδαριῶται.
2396 4920 2709 4973 καλοῦνται.
2761 4917 2868 4970 Hoc
2901 4930 3088 4986 genere
3140 4912 3329 4965 Persas
3366 4910 3531 4977 impeo

1971 5023 2119 5068 rator
2166 5013 2285 5064 inde
2338 5010 2626 5063 translatos
2679 5007 2949 5061 constituit
3000 5019 3161 5073 prope
3205 5000 3527 5054 Bardarium
3590 5003 3601 5015 ”

1971 5112 2199 5166 munem,
2250 5118 2313 5155 ea:
2363 5117 2463 5170 quo
2513 5099 2846 5152 Bardariotw
2902 5104 3173 5149 vocantur.
3233 5092 3527 5145 Bardarum

1971 5196 2117 5249 hunc
2164 5207 2379 5246 amnem
2415 5191 2649 5261 appellat
2677 5191 2830 5242 Anna
2875 5187 3175 5246 Comnena.
3206 5183 3245 5237 I.
3274 5199 3313 5242 ι.
3353 5198 3407 5252 p.
3438 5182 3528 5245 l8,

1973 5285 2061 5340 ubi
2096 5299 2221 5340 eum
2274 5282 2531 5337 describit
2580 5288 2635 5335 et
2685 5280 2739 5334 in
2782 5277 3062 5333 Thessalia
3090 5276 3339 5336 collocat,
3370 5271 3444 5325 uti
3477 5281 3535 5323 et

1970 5385 2158 5431 noster
2208 5389 2332 5428 eum
2394 5387 2703 5428 memorans
2749 5371 2786 5424 l.
2826 5384 2871 5435 ι,
2906 5384 2954 5424 c.
2999 5367 3087 5422 l0.
3131 5368 3266 5421 Eum
3316 5361 3531 5417 Nicetas

1972 5467 2130 5523 initio
2171 5466 2208 5521 l.
2246 5480 2304 5520 ιιι
2366 5464 2581 5519 videtur
2615 5460 2832 5527 ’Δξειον
2879 5461 3088 5515 Axeum
3125 5474 3339 5513 vocare.
3374 5454 3530 5511 Veri-

1974 5556 2151 5613 simile
2175 5565 2260 5613 est
2278 5555 2686 5626 Pachymerem,
2706 5570 2829 5610 cum
2850 5550 3261 5625 Βαρδαρειὼως
3289 5548 3549 5622 εει-ἱράς..
