3992 6524
527 357 660 426 1011

1441 367 1503 426 Po
1552 362 2548 432 POSSINI'OBSERVATIONUM
2592 369 2738 429 LIB.
2782 366 2834 428 ῐ.

3615 359 3731 424 ποιοξ

513 469 568 524 id
605 469 806 539 gentile
843 485 1042 526 nomen
1100 487 1209 528 non
1243 489 1309 529 cx
1349 475 1613 532 Bardario
1650 477 1868 547 Codini,
1894 478 1985 534 sed
2021 496 2086 534 ex

2200 480 2481 551 originatio
2539 479 2648 534 ἀπὸ
2683 478 2776 532 τοῦ
2814 477 2942 550 βοᾷν
2976 485 3028 532 ct
3087 475 3334 548 βοάζειν,
3367 474 3509 528 unde
3553 477 3734 530 rectior

511 561 752 618 Bardaro
785 563 954 619 Anna:
986 565 1280 630 formasse;
1313 568 1456 622 unde
1489 581 1635 624 recta
1662 571 1905 642 analogia
1941 570 2083 642 Bap-

510 653 709 725 δαρεύς
748 665 801 710 et
856 657 1183 729 Παρδάρειος
1225 659 1394 715 fluere
1441 671 1689 730 possunt.
1729 661 1860 716 Utnt
1905 662 1974 717 sit
2020 662 2086 716 de

515 749 804 813 vocabulo,
838 748 904 802 de
939 765 998 804 re
1047 751 1158 820 ipsa
1200 761 1434 819 constat,
1461 760 1676 822 gentem
1710 752 1850 806 hanc
1878 751 2085 820 origine

513 836 816 903 Persicam,
850 840 1128 896 domicilio
1177 841 1512 903 Thcssalam.
1545 843 1613 898 ab
1665 843 2086 912 imperatoribus

512 929 829 1001 Byzantinis
873 943 964 986 aut
996 934 1158 987 etiam
1192 935 1509 1004 proceribus
1531 934 1724 989 horum
1758 933 2087 1003 consangniv

513 1023 634 1076 neis
693 1023 938 1078 adhiberi
993 1024 1206 1079 solitam
1262 1026 1327 1079 ad
1388 1036 1592 1079 certum
1646 1040 1816 1096 genus
1849 1023 2084 1077 satellitii

510 1114 748 1184 propriis
795 1114 1099 1186 insignibus
1150 1117 1413 1180 distincti,
1445 1133 1511 1171 eo
1567 1117 1736 1172 ferme
1783 1117 1947 1172 modo
1976 1129 2086 1183 quo

508 1205 788 1278 principes
823 1207 1069 1276 Europaei
1100 1209 1259 1263 hodie
1290 1211 1551 1264 Helvetiis
1584 1219 1836 1264 utuntur.

581 1295 664 1368 [Ρ.
728 1299 854 1370 575]
914 1301 1433 1369 Βασιλογραρεῖον
1489 1317 1543 1370 p.
1612 1301 1736 1358 492.
1793 1303 1869 1356 ita
1923 1302 2084 1356 codd.

508 1406 735 1457 omnes,
804 1393 968 1446 etiam
1036 1392 1350 1449 Va'icanus.
1424 1391 1582 1450 Unde
1674 1395 2086 1465 intelligendum

509 1483 717 1538 crimen
775 1486 943 1541 libelli
987 1498 1175 1542 contra
1234 1487 1616 1558 imperatorem
1673 1490 1888 1559 scripti,
1938 1490 2089 1554 lelti,

511 1576 685 1630 habiti
753 1578 1012 1647 peculiari
1081 1580 1348 1634 vocabulo
1421 1579 1878 1651 βασιλογραφεῖον
1919 1580 2090 1636 fuisse

506 1678 783 1733 vocatum,
817 1677 871 1724 et
902 1669 952 1725 ei
987 1671 1182 1726 mortis
1220 1688 1436 1741 pmnam
1473 1673 1852 1728 constitutam.

590 1759 752 1832 550
798 1761 1124 1831 Βεόρὰναις
1166 1780 1227 1836 p.
1288 1765 1416 1819 492.
1471 1764 1549 1818 lta
1598 1765 1950 1820 concorditer
1979 1773 2090 1819 tres

2194 572 2439 643 analogia
2482 571 2662 642 potius
2698 569 2936 640 βοασμόν
2967 567 3277 622 formaverit
3307 559 3466 635 quam
3502 564 3732 633 βοατκόν.

2264 662 2503 730 Γαϐρᾶς
2531 678 2583 733 p.
2614 659 2740 717 282.
2776 660 3003 716 Invenio
3047 659 3232 728 Γάϐρα
3265 672 3462 711 nomen
3523 656 3736 710 civitatis

2195 755 2425 810 Persica!
2449 755 2588 824 apud
2614 753 2962 810 Ptolemmum
2985 768 2998 815 ;
3022 767 3088 805 ex
3110 766 3213 820 qua
3242 749 3478 816 majores
3503 747 3734 803 Germani

2196 847 2536 918 patriarcha.
2598 845 2666 900 de
2720 861 2831 915 quo
2887 845 2974 898 hic
3031 844 3228 914 agitur,
3290 850 3443 895 ortos
3500 841 3736 907 oportuit.

2193 940 2464 993 Caeterum
2516 936 2656 991 ratio
2707 935 3035 998 ἀντιθέσεως
3097 932 3340 1000 exigeret
3402 940 3464 984 ut
3510 945 3538 983 a
3585 928 3739 984 Graba

2195 1031 2398 1102 gentile
2447 1044 2645 1084 nomen
2691 1029 3041 1087 formaretur,
3084 1025 3226 1092 quod
3282 1020 3632 1090 responderet
3673 1019 3741 1084 τῷ

2196 1125 2410 1191 Λάζοςς
2442 1122 2506 1196 [Ρ
2557 1120 2684 1194 576]
2719 1120 2820 1174 nisi
2874 1127 3064 1173 noster
3115 1115 3332 1185 Γασρᾶς
3377 1115 3434 1168 in
3483 1123 3627 1166 recto
3658 1129 3742 1182 pro

2198 1217 2443 1287 Γαϐρεύς
2473 1225 2565 1269 aut
2590 1214 2860 1284 Γαϐραίος
2893 1210 3160 1281 posuerit,
3194 1221 3384 1261 norma
3416 1203 3641 1274 quadam
3659 1221 3742 1258 sua

2196 1307 2438 1378 propria,
2471 1314 2529 1360 ut
2560 1313 2704 1359 amat
2731 1318 2854 1357 cum
2882 1301 3072 1371 paucis
3098 1297 3270 1368 loqui.

2267 1396 2613 1466 Γασμοῦλοι
2667 1402 2721 1448 et
2769 1390 3198 1460 Γασμουλικόν
3262 1403 3313 1455 p.
3381 1384 3510 1441 509.
3564 1383 3744 1449 Vulgus

2196 1486 2551 1557 Byzantinum
2582 1482 2851 1554 iiybridas
2874 1495 2937 1535 ex
2966 1479 3174 1533 Latinis
3205 1477 3478 1549 j‘atribus.
3509 1473 3744 1528 matribus

2195 1576 2395 1632 Grazcis
2427 1584 2579 1631 natos
2604 1573 2760 1644 551
2788 1572 3135 1641 γασμοὺλους
3159 1584 3353 1623 vocare
3387 1573 3741 1625 consueverat,

2198 1676 2257 1720 ut
2309 1665 2468 1720 docet
2505 1679 2606 1718 nos
2638 1666 2740 1716 hoc
2771 1663 2891 1716 loco
2927 1657 3141 1715 Noster.
3179 1657 3347 1726 Origo
3381 1655 3505 1710 talis
3533 1653 3744 1722 appella-

2200 1758 2366 1812 tionis
2397 1757 2604 1810 incerta
2644 1764 2744 1808 est.
2774 1753 3060 1820 Suspicari
3091 1760 3272 1805 tamen
3301 1748 3433 1802 licet
3460 1746 3675 1800 allusum
3699 1745 3744 1799 in

510 1855 672 1910 codd.
711 1855 817 1911 nisi
848 1858 991 1928 quod
1018 1857 1140 1914 Vat.
1174 1835 1242 1912 ad
1282 1857 1570 1928 alapam;
1601 1858 1750 1913 addit
1775 1857 2081 1928 συμπίσσῃ,

2200 1865 2250 1904 ea
2276 1851 2342 1905 ad
2371 1863 2560 1904 vocem
2586 1846 2835 1901 Latinam
2864 1845 3039 1899 mulus
3059 1843 3261 1899 Graecis
3284 1841 3454 1894 etiam
3486 1839 3735 1892 usitatam.

513 1947 715 2002 omissa
785 1962 916 2003 voce
972 1943 1112 2003 οὖσι.
1163 1946 1370 2014 Voluit,
1432 1949 1648 2019 Opinor,
1714 1963 1918 2019 ponere
1987 1947 2083 2001 σὺν

513 2035 708 2108 πίσσῃ,
741 2047 800 2092 ut
850 2039 1175 2111 signiﬁcaret
1239 2040 1413 2108 picem
1472 2040 1709 2095 additam
1749 2039 2086 2094 membranis

510 2129 738 2184 urendis
801 2143 967 2200 supra
1013 2140 1177 2203 caput
1234 2131 1511 2194 Caloidaa;
1566 2118 1658 2200 qui
1720 2129 1800 2185 sic
1875 2129 2085 2200 capillis

511 2221 726 2276 flamma
783 2222 1049 2293 applicata
1087 2224 1357 2295 correptis
1415 2233 1722 2278 excmcatus
1770 2221 1939 2278 miser
1979 2229 2083 2277 est.

512 2315 818 2387 Βεὸράναις
875 2327 1010 2387 ρυιο
1065 2317 1273 2373 dictum
1329 2333 1427 2388 pro
1485 2317 1788 2388 μεϐράναις
1835 2332 1901 2371 ex
1954 2330 2088 2371 voce

512 2407 704 2464 Latina
734 2411 1052 2465 membrana:
1082 2427 1101 2465 :
1131 2412 1259 2482 quid
1293 2411 1439 2466 enim
1464 2410 1610 2466 aliud
1635 2409 1917 2480 suspicer?
1957 2409 2087 2480 quin

514 2502 620 2555 nisi
666 2518 752 2556 me
787 2502 1093 2558 deterreret
1137 2518 1444 2560 consensus
1491 2500 2088 2566 codicum,'crederem

515 2609 705 2651 errore
733 2594 1080 2651 librariorum
1125 2599 1391 2667 scriptum
1427 2595 1726 2666 βεὸράναις
1754 2609 1852 2665 pro
1883 2591 2091 2664 μεόρὰο

517 2705 667 2751 ναις.
689 2703 756 2743 eo
794 2688 1166 2758 deceptorum.
1200 2689 1344 2758 quod
1376 2690 1427 2742 in
1455 2689 1644 2760 primis
1685 2685 2093 2756 exemplaribus

516 2781 664 2836 unde
719 2781 1092 2852 exscripsere,
1126 2782 1186 2833 τδ
1219 2780 1248 2850 β
1279 2796 1340 2836 ea
1391 2781 1562 2854 ﬁgura
1621 2781 1943 2852 piugeretur
1971 2792 2093 2848 quae

514 2889 708 2944 parum
765 2874 930 2930 distat
987 2888 1017 2928 a
1077 2891 1137 2943 μ.
1194 2871 1307 2928 Hoc
1353 2873 1468 2928 fieri
1505 2873 1826 2944 plerumque
1872 2870 2092 2925 solitum

515 2977 662 3032 esse,
694 2973 896 3020 norunt
929 2963 1020 3035 qui
1055 2964 1109 3018 in
1148 2965 1399 3020 codicum
1424 2964 1736 3019 Graecorum
1771 2977 1932 3016 manu
1967 2976 2096 3014 exa-

519 3066 762 3110 ratorum
808 3056 1044 3112 lectione
1079 3057 1276 3112 versati
1309 3065 1461 3111 sunt.
1498 3055 1701 3110 Locum
1730 3071 1893 3126 porro
1926 3055 2093 3116 hunc.

2188 1942 2333 2014 Lego
2361 1941 2504 1994 enim
2531 1940 2586 1994 in
2624 1938 2843 1992 Basilio.
2889 1937 3071 2003 Eclog.
3106 1935 3174 1989 i9
3224 1953 3238 1988 :
3294 1932 3406 1984 Καὶ
3437 1933 3465 1983 ὁ
3511 1929 3738 1998 μουλίων,

2188 2035 2284 2088 ἐὰν
2332 2033 2401 2086 δι’
2449 2031 2707 2102 ἀπειρίαν
2749 2029 2845 2081 καὶ
2896 2027 3189 2081 ἀσθένειαν
3217 2025 3318 2077 οὒκ
3354 2021 3624 2091 ἐκράτησε
3658 2020 3750 2072 τῶν

2193 2122 2408 2193 μυυλῶν
2429 2138 2447 2175 :
2471 2119 2539 2174 Et
2568 2121 2748 2180 mulio,
2782 2119 2828 2172 si
2852 2116 2914 2172 ob
2949 2108 3271 2183 imperitiam
3305 2112 3386 2166 vel
3415 2112 3747 2181 inﬁrmitatem

2190 2214 2362 2270 mulos
2386 2229 2479 2267 aut
2507 2213 2680 2267 mulas
2718 2223 2891 2266 tenere
2924 2209 3239 2276 nequiverit.
3271 2205 3409 2270 Quia
3441 2219 3567 2272 ergo
3600 2202 3751 2255 mulus

2191 2307 2397 2375 διγενὲς
2442 2314 2526 2360 est
2567 2303 2792 2368 animal,
2816 2318 2882 2357 ex
2935 2299 3318 2356 commistione
3371 2297 3600 2351 duarum
3639 2309 3748 2360 spe-

2193 2399 2400 2453 cierum
2429 2406 2641 2460 natum,
2668 2411 2732 2451 ex
2773 2395 2894 2464 ejus
2919 2393 3188 2448 vocabulo
3217 2389 3394 2445 Graeci
3421 2387 3752 2441 formai-crint

2193 2471 2394 2543 nomen
2443 2501 2553 2558 quo
2598 2486 2970 2555 exprimerent
3021 2480 3168 2536 istud
3207 2493 3384 2549 genus
3423 2475 3749 2546 ilybridarum

2193 2579 2665 2649 Constantinopoli
2699 2587 2878 2632 ortum
2912 2591 2978 2630 ex
3015 2571 3287 2643 conjugiis
3314 2569 3623 2625 Grecarum
3645 2581 3747 2618 cum

2198 2673 2426 2727 Latinis.
2465 2671 2732 2729 Uuiversa
2772 2683 2936 2739 porro
2977 2667 3165 2721 talium
3209 2665 3365 2718 natio
3405 2659 3750 2730 Γασμου).ικόν

2194 2765 2495 2822 dicebatur.
2516 2761 2865 2834 Paehymer.,
2885 2777 2938 2829 p.
2961 2759 3062 2813 188
3093 2776 3106 2813 :
3136 2757 3225 2827 Τῷ
3253 2754 3309 2808 δέ
3331 2771 3396 2822 γε
3426 2750 3751 2822 Γασμυυλικῷ

2195 2859 2286 2920 οὓς
2307 2857 2371 2928 δὴ
2405 2859 2750 2926 sappinea;
2797 2856 2828 2924 ἠ
2881 2853 2992 2905 τῶν
3043 2848 3264 2904 Ἰταλῶν
3311 2848 3491 2900 εἴπειε
3538 2843 3749 2913 vicinas-

2195 2949 2315 3006 Non
2389 2948 2749 3005 dissimulabo
2807 2946 3135 3001 Vaticanum
3217 2943 3468 2996 codicem
3543 2939 3595 2992 in
3668 2937 3752 2990 hoc

2197 3043 2440 3100 secundo
2483 3043 2602 3096 loco
2658 3045 2803 3105 (nam
2856 3039 3006 3109 prior
3038 3054 3094 3108 p.
3139 3036 3264 3092 509.
3290 3035 3344 3089 in
3403 3049 3469 3089 eo
3498 3047 3600 3086 non
3628 3044 3750 3082 com-

520 3157 574 3203 ut
610 3148 662 3201 in
695 3148 857 3203 codd.
892 3148 1107 3202 duobus
1130 3147 1169 3201 Β
1195 3159 1250 3202 et
1285 3146 1328 3200 Α
1361 3147 1662 3219 legebatur,
1695 3125 2092 3200 emendandum
2121 3175 2164 3234 ο
2199 3136 2374 3206 paret)
2436 3135 2762 3191 vocabulum
2829 3133 2974 3188 istud
3041 3147 3137 3202 per
3195 3129 3495 3184 secundam
3549 3125 3750 3178 litteram

520 3255 586 3292 ex
623 3239 888 3295 Vaticano
938 3239 1146 3308 putavi,
1184 3240 1435 3293 restituto
1485 3238 1540 3290 in
1582 3238 1761 3291 locum
1786 3236 1939 3292 verbi
1973 3233 2091 3289 οὖσι

521 3331 602 3400 τῷ
660 3331 758 3384 σὺν
813 3331 1004 3403 πίσσῃ,
1040 3332 1181 3400 quod
1237 3331 1324 3384 ille
1375 3330 1614 3403 suggerit
1671 3329 1803 3384 satis
1863 3329 1928 3384 ad
1979 3344 2091 3384 rem

524 3424 755 3480 faciens.
1539 3461 1548 3470 .

594 3513 830 3581 Βέκλας
878 3531 932 3586 p.
986 3517 1077 3572 28.
1120 3517 1192 3570 Τὸ
1246 3514 1465 3586 συμϐὰν
1502 3516 1594 3568 ἐπὶ
1647 3514 1724 3585 τῷ
1781 3514 1945 3568 πάλαι
1993 3516 2094 3569 Βέ-

523 3607 678 3677 ﬂag.
709 3605 999 3664 Notissima
1030 3619 1115 3664 est
1147 3609 1441 3680 impostura
1475 3608 1796 3678 Pbotii,qua
1821 3608 1902 3664 sui
1939 3624 2096 3663 revo-

524 3699 795 3775 cationem
821 3700 891 3756 ab
915 3700 1108 3756 exsilio
1132 3700 1441 3756 eblanditus
1471 3709 1555 3756 est
1584 3716 1614 3756 a
1641 3700 1870 3769 decepto
1899 3699 2098 3754 Basilio

525 3791 876 3862 imperatore,
925 3791 1170 3847 fabulosa
1202 3792 1320 3864 ejus
1355 3791 1666 3863 genealogia
1697 3791 2002 3861 supposita,
2043 3789 2097 3843 in

522 3898 628 3952 qua
658 3881 835 3952 ipsum
869 3881 1130 3937 Basilium
1172 3881 1495 3952 prophetico
1545 3880 1888 3950 designatum
1947 3893 2099 3934 com-

527 3976 918 4032 miniscebatur
967 3976 1231 4031 vocabulo
1282 3974 1468 4029 Beclaa
1538 3973 1772 4028 formato
1821 3985 1853 4026 θ
1908 3970 2102 4041 primis

525 4067 728 4122 litteris
748 4067 1030 4122 nominum
1062 4065 1245 4122 Basilii
1278 4066 1473 4136 ipsius,
1513 4074 1624 4119 tum
1662 4063 1824 4132 hujus
1853 4061 2102 4131 conjugis

527 4160 800 4226 Eudociae,
863 4160 1098 4216 ﬁliorum
1147 4168 1410 4231 prmterea
1455 4159 1628 4228 ipsius
1659 4164 1921 4228 quatuor,
1959 4155 2104 4210 Cou-

527 4253 783 4318 stautini,
839 4253 1080 4319 Leonis,
1131 4251 1448 4316 Alexandri,
1511 4248 1799 4318 Stephani.
1851 4247 1924 4302 Ea
1983 4247 2104 4302 fuse

526 4356 822 4401 narrantur
873 4361 903 4401 a
959 4345 1150 4401 Niceta
1207 4347 1261 4400 in
1296 4345 1417 4399 Vita
1455 4343 1513 4397 S.
1546 4340 1736 4415 lgnatii
1777 4339 2105 4411 patriarchae

525 4439 706 4495 CP.et
741 4457 768 4492 a
801 4438 1166 4495 Constantino
1199 4438 1466 4494 Manasse.

599 4533 842 4600 Βλάγκα
873 4547 926 4601 p.
959 4531 1083 4586 365.
1108 4532 1182 4584 Τὸ
1225 4532 1282 4584 δὲ
1315 4531 1451 4600 πρὸς
1487 4529 1579 4584 τὸν
1613 4529 1856 4598 Βλάγκα.
1888 4527 1963 4583 ita
1985 4526 2109 4582 cod.

526 4624 856 4679 Aliatianus.
920 4622 1252 4678 Barberinus
1310 4638 1441 4678 vero
1492 4621 1552 4676 τὸ
1601 4622 1739 4692 πρὸς
1775 4621 1853 4691 τῷ
1886 4620 2108 4691 Βλάγκᾳ

529 4717 938 4772 κοντοσκέλιον.
961 4714 1258 4771 Vaticanus
1275 4716 1396 4771 sine
1424 4715 1704 4770 mentione
1727 4713 2108 4768 κοντοσκελίου

528 4811 609 4865 sic
641 4810 805 4866 habet
835 4827 850 4864 :
883 4809 957 4863 Τὸ
985 4809 1042 4863 δὲ
1075 4807 1212 4879 πρὸς
1244 4809 1337 4862 τὸν
1369 4807 1640 4877 Βλάγκαν,
1675 4808 1728 4863 id
1758 4806 2007 4862 referens
2040 4806 2108 4860 ad

528 4916 720 4956 vocem
772 4899 1023 4970 νεώριον,
1056 4901 1276 4966 navale,
1327 4901 1581 4970 superius
1647 4899 1902 4970 positam.
1967 4897 2107 4964 Quid

528 4992 698 5048 fuerit
743 4993 832 5048 hic
865 4993 1065 5048 Blanca
1099 4994 1180 5048 vel
1213 4992 1464 5055 Blancas,
1491 4991 1545 5045 in
1600 4989 1978 5046 monumentis
2016 4997 2112 5044 aut

531 5087 998 5156 descriptionibus
1027 5083 1651 5153 Constantinopolitante
1679 5081 1830 5136 urbis
1867 5080 2110 5150 reperire

533 5179 779 5235 nondum
813 5179 989 5249 potui.

598 5270 916 5342 Βοασμούς
937 5287 991 5342 p.
1017 5269 1144 5326 555.
1169 5267 1261 5324 Sic
1290 5267 1530 5338 optimus
1555 5262 1730 5319 codex
1759 5260 2110 5327 Barberinus,

530 5365 692 5433 cujus
724 5348 1051 5418 auctoritate
1086 5358 1467 5429 corrigendum
1502 5363 1756 5426 putamus
1779 5351 2111 5406 Allatianum

529 5455 624 5527 qui
666 5455 938 5527 βοασκούς
971 5453 1122 5509 clare
1155 5453 1308 5524 legit.
1337 5451 1473 5507 Nam
1525 5456 1582 5501 et
1634 5443 1948 5507 Vaticanus,
1982 5443 2114 5498 licet

528 5549 584 5603 in
619 5549 725 5603 hoc
755 5547 1020 5604 vocabulo
1049 5539 1380 5605 balbutiens.
1417 5542 1588 5614 magis
1635 5537 1701 5591 ad
1754 5535 2110 5590 Barberinum

527 5641 780 5706 inclinat,
832 5642 963 5696 dum
1011 5640 1092 5695 sic
1132 5639 1356 5694 exhibet
1410 5637 1560 5690 hunc
1615 5633 1840 5688 locum:
1893 5624 2005 5688 Οὓς
2049 5624 2114 5694 δὴ

529 5732 808 5803 βοασμοῦς
831 5734 880 5787 oi
915 5733 1092 5788 κοινοὶ
1122 5733 1397 5802 λέγουσιν.
1438 5730 1681 5799 Apparet
1709 5725 1907 5779 boatus
1925 5717 2111 5773 Graeca

528 5825 713 5900 lingua
771 5827 976 5900 vulgari
1041 5823 1319 5898 βοασμούς
1372 5823 1569 5888 dictos,
1605 5828 1658 5875 ct
1709 5817 1968 5890 prompta
2030 5821 2114 5868 est

2197 3231 2460 3285 inchoare
2512 3247 2526 3282 :
2563 3228 2824 3298 scriptum
2856 3225 3001 3280 enim
3026 3224 3248 3279 exhibet
3279 3222 3360 3291 τῷ
3397 3214 3744 3291 βασμου).ικῷ.

2197 3322 2434 3394 Reperio
2497 3321 2663 3376 etiam
2704 3319 2946 3374 Nicctam
2984 3317 3307 3372 Choniatem
3341 3313 3442 3367 lib.
3478 3328 3535 3366 ιιι
3579 3311 3627 3363 in
3671 3307 3753 3360 ila-

2197 3416 2358 3469 nuele
2381 3414 2686 3478 Comneno,
2704 3411 3104 3466 describentem
3123 3409 3264 3462 idem
3289 3422 3465 3478 genus
3480 3403 3748 3462 hominum,

2202 3510 2545 3583 βασμου).οὺς
2571 3524 2679 3562 non
2751 3505 3101 3575 γασμούλους
3152 3517 3376 3558 vocare.
3428 3499 3752 3569 Pachymeres

2201 3615 2383 3659 tamen
2420 3603 2472 3658 in
2523 3612 2753 3671 utroque
2801 3597 3014 3654 meliori
3063 3597 3250 3652 codice
3302 3605 3561 3649 constans
3605 3597 3678 3644 est
3707 3588 3747 3640 in

2201 3699 2304 3754 hoc
2385 3697 2607 3752 nomine
2671 3711 2768 3765 per
2842 3691 3056 3748 tertiam
3126 3690 3362 3743 litteram
3437 3680 3748 3756 auspicando.

2203 3789 2390 3846 Utrius
2413 3789 2707 3859 prcevalere
2727 3784 2924 3841 debeat
2946 3780 3266 3845 auctoritas,
3286 3777 3514 3833 arbitrio
3542 3772 3752 3841 relinquo

2203 3881 2489 3954 prudentis
2515 3879 2757 3935 lectoris.

2275 3973 2756 4049 I‘ormsvdslanq
2798 3987 2854 4042 p.
2892 3969 3012 4024 164.
3072 3972 3151 4024 ita
3182 3965 3306 4022 cod.
3373 3973 3614 4034 uterque,
3645 3959 3680 4012 B
3703 3964 3749 4010 et

2203 4068 2272 4126 A.
2308 4067 2603 4124 Vaticanus
2655 4073 2881 4120 autem:
2943 4062 3124 4132 τρίτον
3155 4060 3292 4129 ὅπερ
3329 4053 3402 4129 ἦν
3449 4051 3748 4127 ἐξῃρημένον

2207 4162 2305 4233 τῆς
2340 4159 2446 4229 γῆς
2500 4160 2612 4222 τοῖς
2660 4154 3107 4226 θεληματαρίοις.
3143 4152 3391 4221 Apparet
3424 4147 3635 4203 verbum
3668 4141 3751 4195 hoc

2209 4268 2331 4309 esse
2361 4252 2802 4324 agrimensorum
2833 4263 2960 4302 arva
2979 4243 3346 4300 dividentium
3374 4251 3431 4296 et
3459 4255 3552 4293 sua
3585 4233 3749 4300 cuique

2209 4343 2605 4416 assignantium
2644 4342 2862 4412 jugera.
2901 4340 3181 4407 Nusquam
3213 4333 3344 4388 alibi
3389 4334 3493 4388 hoc
3547 4325 3750 4382 vocabu-

2209 4439 2322 4493 lum
2360 4434 2581 4492 mcmini
2609 4449 2694 4488 me
2725 4433 2926 4502 legere.
2968 4428 3230 4498 Suspicor
3261 4436 3446 4480 autem
3498 4422 3748 4476 formatum

2147 4519 2189 4574 ί)
2218 4545 2248 4584 a
2299 4529 2454 4596 γόνος
2481 4525 2826 4597 significante
2888 4524 3063 4592 μίτον,
3099 4520 3203 4574 hoc
3229 4527 3314 4572 est
3345 4516 3494 4570 filum
3541 4512 3647 4567 sive
3677 4506 3747 4559 fu-

2214 4623 2482 4688 niculum,
2539 4635 2650 4691 quo
2716 4619 2774 4673 in
2840 4613 3223 4686 designatione
3281 4611 3625 4681 praediorum,
3651 4614 3749 4691 quat

2213 4715 2416 4784 cuique
2474 4713 2530 4766 in
2558 4688 2882 4782 partitione
2934 4717 3205 4762 terrarum
3259 4702 3640 4758 attribuuntur,
3688 4688 3748 4744 uti

2212 4781 2552 4862 coloniarum
2615 4802 2945 4882 deducqores
3000 4798 3202 4852 solent.
3238 4792 3396 4871 Unde
3446 4797 3568 4846 sunt
3595 4784 3660 4840 illi
3707 4781 3749 4833 in

2215 4895 2520 4966 Scripturis
2561 4905 2668 4949 tam
2699 4881 2843 4960 stripe
2869 4887 3114 4958 usurpati
3137 4884 3363 4942 funiculi
3391 4881 3748 4966 hereditatum,

2213 4961 2444 5051 lParal,
2481 5000 2608 5045 xit,
2674 4983 2774 5047 18;
2823 4980 3028 5043 Josue,
3083 4993 3217 5042 xm,
3275 4976 3309 5030 5
3367 4983 3422 5028 et
3461 4973 3555 5037 l4;
3603 4961 3750 5027 xlx,9

2215 5085 2269 5133 et
2311 5078 2420 5145 29;
2450 5075 2597 5130 Psal.
2633 5089 2834 5137 Lxxut,
2874 5073 2942 5126 54
2972 5088 2988 5138 ;
3017 5086 3124 5136 Civ,
3181 5069 3241 5122 ii
3280 5076 3336 5122 et
3365 5065 3510 5120 alibi.
3567 5056 3750 5118 Fundus

2215 5169 2350 5224 mihi
2417 5167 2753 5238 conjecturae
2811 5163 3119 5236 Hesychius
3185 5170 3269 5216 est
3303 5159 3446 5230 apud
3475 5168 3624 5226 quem
3651 5151 3748 5238 lego

2215 5261 2371 5329 γόνον
2430 5235 2605 5330 μετὸν.
2669 5257 2861 5312 Posset
2912 5255 3078 5310 etiam
3121 5256 3267 5308 forte
3318 5250 3549 5320 cuipiam
3604 5235 3748 5296 videri

2215 5353 2516 5410 deductum
2557 5350 2784 5405 verbum
2841 5345 3148 5416 γονιιεεύειν
3199 5361 3232 5400 a
3266 5359 3396 5399 voce
3425 5341 3569 5410 γονῐα
3596 5335 3745 5390 focum

2215 5444 2580 5516 significante,
2612 5451 2672 5496 ut
2701 5439 2975 5496 Meursius
3008 5437 3192 5500 tradit,
3224 5436 3373 5506 quod
3412 5433 3464 5488 in
3516 5418 3746 5516 ejusmodi

2216 5535 2680 5607 assignationibus
2725 5547 2979 5604 agrorum
3014 5529 3244 5597 singulis
3281 5527 3438 5588 focis,
3469 5524 3566 5577 hoc
3587 5525 3660 5573 est
3683 5512 3746 5567 fa-

2218 5629 2406 5695 miliis,
2435 5644 2531 5682 sua
2568 5636 2727 5682 terra:
2755 5621 2974 5679 arabilis
3009 5621 3190 5691 portio
3217 5619 3508 5674 tribuatur.

2289 5694 2700 5779 Aatralsvtal,
2736 5731 2791 5786 p.
2825 5714 2950 5768 161.
2982 5712 3088 5770 Pro
3141 5705 3506 5770 δαιταλευταὶ,
3553 5694 3746 5772 quodin

2221 5813 2432 5871 duobus
2463 5811 2622 5869 codd.
2657 5808 2697 5863 Β
2725 5817 2780 5866 ct
2813 5806 2858 5863 A
2881 5805 3102 5876 legitur,
3143 5802 3439 5858 Vaticanus
3466 5796 3616 5854 habet
3660 5786 3746 5861 μά-
