3992 6496
370 353 505 418 tom

1716 356 1758 413 G
1773 351 2142 414 LOSSAIUU
2158 355 2203 412 Il}
2219 401 2231 412 .

3492 346 3507 407 i
3520 347 3553 407 G
3565 342 3629 407 Η

366 484 569 538 γειροι,
604 464 747 537 quod
786 473 1011 521 secutus
1034 481 1154 520 sum
1186 465 1241 520 in
1278 466 1731 536 interpretatione
1777 480 1935 520 voca-
1966 465 2012 523 A
2038 481 2197 535 quam
2257 460 2430 518 valido
2485 464 2650 518 illisus
2704 464 2900 531 impetu
2952 460 3172 514 interiit.
3215 458 3358 515 Sane
3394 470 3638 514 mortem

366 561 479 616 buli
515 576 545 615 a
574 575 660 613 me
689 559 908 629 quidem
934 559 1062 613 alibi
1092 574 1203 612 non
1236 560 1363 614 visi.
1400 558 1693 629 Reperitur
1718 558 1937 627 quidem

364 646 655 710 δαιταλεύς
688 643 926 712 conviva,
955 648 1191 711 sodalis;
1233 647 1331 704 sed
1384 648 1630 720 fuliginis
1662 659 1711 702 et
1743 648 1940 703 carbo-

370 754 524 806 num,
556 742 759 810 quibus
789 743 1026 811 parietes
1053 741 1374 811 deturpatos
1411 742 1480 797 ab
1517 742 1638 796 istis
1665 741 1943 794 δαιταλευ-

364 834 487 896 ταῖς
516 843 704 888 noster
729 835 1002 904 queritur,
1038 834 1242 890 mentio
1275 836 1456 904 aptius
1491 834 1546 889 in
1574 851 1781 905 coquos
1812 851 1943 904 qua-

366 924 512 978 drat.
1111 984 1123 991 ,

440 1014 758 1081 Διασαινᾶς
788 1029 840 1085 p.
873 1017 1001 1073 466.
1050 1018 1216 1073 Addit
1247 1016 1544 1073 Vaticanus
1570 1019 1663 1072 ἐπὶ
1705 1018 1782 1088 τῷ
1814 1022 1941 1072 Δια-

367 1105 532 1177 ϐαινᾷ
591 1106 767 1178 τόπῳ,
794 1109 936 1177 quod
969 1109 1175 1164 indicat
1211 1110 1388 1166 locum
1432 1111 1718 1180 quemdam
1771 1109 1943 1165 fuisse

368 1196 523 1251 circa
545 1196 881 1264 Ternobum,
919 1201 993 1254 ita
1017 1210 1291 1256 vocatum.

446 1288 511 1361 [Ρ
547 1289 1055 1362 5771Διαφωνεῒν.
1116 1294 1397 1364 Duplieem
1460 1293 1725 1348 habemus
1782 1294 1945 1364 hujus

365 1382 529 1435 verbi
585 1399 742 1438 usum
802 1384 945 1454 apud
1001 1384 1417 1456 Pachymerem,
1460 1386 1778 1441 inusitatum
1852 1395 1946 1441 aut

372 1489 564 1527 rarum
615 1485 909 1545 utrumque
962 1493 1026 1533 ac
1070 1488 1360 1548 propterea
1405 1477 1755 1531 enarratione
1786 1477 1944 1547 552

372 1565 729 1636 indigentem.
766 1569 917 1624 Prior
989 1579 1187 1634 exstat,
1241 1587 1295 1639 p.
1354 1571 1475 1624 MS.
1522 1568 1640 1625 Non
1696 1570 1944 1638 usurpari

375 1652 484 1710 hoc
543 1655 662 1710 loco
727 1658 953 1712 verbum
1022 1659 1312 1728 διαφωνεῖν
1366 1660 1419 1713 in
1477 1660 1681 1730 vulgari
1740 1658 1946 1713 discre-

373 1747 538 1815 pandi
594 1758 688 1802 aut
743 1750 1098 1805 dissentiendi
1153 1750 1395 1816 notione,
1461 1753 1594 1807 satis
1645 1751 1945 1806 attendenti

2048 557 2191 611 illius
2232 557 2374 625 nigri
2434 555 2632 626 pugilis
2687 570 2751 608 ex
2787 553 2880 607 illo
2919 568 3049 607 casu
3097 560 3347 608 secutam
3394 551 3632 605 indicari

2050 648 2215 701 verbo
2272 646 2576 715 διεφώνησε
2608 645 2849 700 ostendit
2899 645 3121 713 plausus
3167 643 3240 697 ibi
3297 643 3476 697 statim
3516 658 3634 695 me-

2050 750 2295 794 tuoratus
2335 738 2628 807 favitorum
2667 736 2921 798 Andrem,
2974 736 3067 806 qui
3127 734 3406 791 candidati
3444 748 3505 788 ea
3546 733 3628 787 vi-

2049 835 2201 888 sione
2251 833 2612 902 apparebant,
2667 840 2722 887 et
2794 830 3081 903 gratulatio
3135 834 3389 898 tauquam
3465 825 3636 895 plena

2048 924 2273 981 victoria
2303 940 2436 980 nece
2475 922 2771 978 adversarii
2810 931 3062 992 patrata:
3101 921 3307 989 Κράτος
3337 917 3395 969 δὲ
3430 918 3626 986 μέγας.

2051 1018 2247 1087 inquit,
2278 1018 2387 1070 τῶν
2417 1015 2781 1087 λευχειμόνων
2806 1017 2901 1069 καὶ
2960 1015 3103 1084 χαρὰ
3136 1011 3446 1080 γλυκυτάτη
3500 1011 3626 1062 τότε

2050 1111 2287 1178 ἐγένετο.
2326 1108 2449 1191 Hinc
2479 1124 2589 1163 non
2615 1120 3153 1167 commemorassem,
3186 1105 3295 1158 nisi
3323 1105 3626 1157 necessaria

2049 1213 2236 1257 essent
2294 1201 2362 1256 ad
2397 1200 2563 1255 alium
2596 1198 2944 1269 Pacbymeris
2996 1196 3167 1252 nostri
3220 1196 3400 1257 locum
3450 1193 3624 1247 iet-la-

2051 1293 2301 1355 randum,
2328 1306 2380 1359 p.
2414 1291 2536 1346 486.
2572 1292 2693 1361 Agit
2721 1291 2788 1345 de
2823 1288 2990 1359 Cotye
3019 1287 3274 1357 quodam,
3327 1285 3417 1354 qui
3461 1284 3619 1354 jussu

2052 1384 2397 1453 imperatoris
2453 1392 2738 1452 correptus
2800 1399 2829 1435 a
2910 1380 3233 1444 tortoribus,
3294 1393 3414 1432 cum
3448 1376 3624 1430 vinci-

2054 1486 2206 1531 retur
2257 1476 2390 1531 diris
2438 1474 2722 1544 suppliciis
2777 1473 3199 1534 excruciandns,
3236 1484 3421 1524 eorum
3462 1467 3622 1537 553

2053 1564 2175 1637 ipso
2204 1576 2353 1622 metu
2410 1565 2757 1620 exanimatus
2810 1564 3116 1620 conciderit
3147 1570 3415 1617 mortuus.
3468 1559 3623 1613 Unde

2054 1661 2237 1715 statim
2300 1659 2554 1714 eumdem
2632 1657 2813 1721 addit_
2861 1655 3075 1722 pondus
3128 1651 3434 1707 miserabile
3492 1649 3625 1702 sub-

2053 1751 2220 1806 latum
2273 1761 2327 1805 et
2363 1751 2531 1805 humo
2569 1748 2885 1805 mandatum
2942 1747 3111 1801 fuisse
3157 1745 3340 1797 ttrnltis
3392 1757 3625 1797 cernen-

371 1847 545 1907 patet.
590 1843 711 1911 Agit
740 1852 931 1898 auctor
960 1845 1027 1899 de
1063 1844 1379 1900 Latinorum
1414 1845 1944 1914 ConstantinOpolim
1975 1817 2023 1875 Β
2052 1844 2223 1899 tibus.
2244 1843 2316 1899 Ut
2341 1859 2451 1897 non
2485 1841 2556 1897 sit
2589 1856 2819 1896 necesse
2850 1840 2915 1895 ad
2944 1837 3359 1907 intelligendum
3389 1843 3633 1888 mortem
3727 1870 3734 1876 .

369 1932 740 1987 obtinentium
794 1937 1036 1991 exercitu
1118 1938 1489 2007 Daphnusiam
1572 1946 1944 2009 oppugnante,

373 2032 494 2076 tum
547 2040 670 2078 cum
712 2040 868 2095 cap'a
928 2036 1012 2082 est
1080 2028 1585 2098 Constantinopolis
1639 2030 1707 2084 ab
1754 2028 1948 2083 Alexio

371 2114 612 2171 Caesare.
650 2117 819 2187 Cujus
852 2120 952 2187 rei,
992 2121 1120 2175 dum
1155 2121 1333 2175 adhuc
1374 2122 1547 2183 ﬁeret,
1604 2122 1745 2176 fama
1789 2122 1946 2191 quasi

374 2207 642 2264 divinitus
668 2211 731 2264 ad
763 2210 985 2267 Latinos
1011 2212 1342 2283 Dapbnusiae
1369 2223 1775 2284 oppugnatores
1830 2228 1943 2268 mo.

380 2309 571 2353 mento
615 2302 823 2370 perlata
881 2303 1258 2358 consternavit
1292 2304 1414 2359 illos
1445 2303 1673 2359 horrore
1720 2304 1948 2375 periculi

376 2390 431 2443 in
467 2407 576 2461 quo
607 2393 812 2449 versari
848 2395 1147 2465 apparebat
1169 2410 1364 2451 uxores
1388 2403 1442 2451 et
1466 2395 1665 2451 liberos
1707 2396 1945 2464 ipsorum

376 2481 846 2554 Constantinopoli
896 2486 1135 2542 relictos.
1201 2488 1359 2543 Unde
1393 2488 1575 2542 statim
1641 2488 1949 2549 solverunt,

378 2575 742 2643 suppetias,si
771 2578 1118 2647 pervenirent
1146 2579 1199 2631 in
1224 2586 1492 2649 tempore,
1520 2578 1703 2634 laturi.
1728 2579 1945 2634 Nullum

380 2665 471 2720 hic
504 2666 767 2721 indicium
799 2668 1162 2725 dissensionis
1202 2670 1346 2724 inter
1383 2669 1554 2740 ipsos.
1587 2669 1768 2737 Quare
1826 2689 1950 2727 vor-

378 2756 507 2810 bnm
549 2757 1035 2831 διαπεφωνήκεσαν
1082 2762 1224 2817 male
1255 2762 1359 2816 hoc
1404 2762 1524 2818 loco
1563 2764 1952 2833 interpretare-

377 2856 487 2914 tur,
550 2851 642 2919 qui
701 2851 1047 2909 discordibus
1108 2855 1469 2910 tumultuatos
1528 2856 1821 2911 sententiis
1878 2858 1947 2912 ad

380 2942 544 2995 talem
579 2944 834 2999 nuntium
890 2944 1112 3001 Latinos
1145 2947 1372 3003 diceret.
1415 2946 1527 3003 Nec
1576 2948 1767 3003 dubito
1818 2951 1949 3019 quin

2049 1938 2211 2007 hujus
2273 1936 2443 1991 verbo
2498 1935 2787 2003 διαφωνεῖν
2843 1949 2872 1987 a
2926 1930 3259 2001 Pachymere
3307 1925 3622 1997 signiﬁcari,

2047 2043 2332 2083 recurrere
2362 2028 2430 2083 ad
2461 2026 2781 2082 Vaticanum
2819 2025 3211 2095 paraphrasten
3249 2022 3393 2074 hunc
3445 2020 3633 2071 lorum

2046 2121 2128 2176 sic
2160 2121 2603 2190 exprimentem:
2658 2119 2719 2172 '0
2742 2119 2799 2170 δὲ
2842 2116 2971 2183 πρὶν
3028 2115 3200 2177 δεθεὶς
3245 2111 3636 2184 κρεμαεοῆναι

2045 2213 2123 2283 τῷ
2152 2212 2303 2284 φόϐῳ
2353 2212 2450 2283 τὴν
2502 2211 2681 2281 ψυχὴν
2713 2210 3056 2279 ἀποτίθησιν.
3111 2206 3222 2261 lloc
3258 2214 3340 2259 est
3367 2222 3379 2257 :
3411 2206 3463 2257 Is
3505 2218 3637 2256 vero.

2048 2312 2353 2378 priusquam
2381 2308 2581 2360 vinctus
2595 2304 3023 2374 suspettderetur,
3043 2311 3183 2355 metu
3205 2301 3441 2353 animum
3478 2295 3618 2365 eﬁia-
3650 2378 3653 2381 Ι

2050 2400 2147 2453 vit.

2119 2491 2385 2561 Διδυμόω
2427 2507 2480 2561 p.
2540 2491 2664 2546 564.
2725 2486 2987 2558 Διδυμθῦν
3044 2500 3143 2556 pro
3206 2484 3475 2554 geminare
3542 2478 3635 2534 litt

2049 2585 2193 2653 apud
2223 2593 2434 2639 veteres
2462 2582 2731 2652 reperias.
2765 2580 2873 2635 Sed
2929 2579 3082 2649 origo
3113 2585 3364 2653 apparet,
3395 2584 3450 2629 et
3478 2582 3633 2628 recte

2051 2685 2268 2733 constat
2292 2675 2560 2745 analogia.

2124 2766 2188 2839 [Ρ
2218 2765 2343 2839 578]
2378 2765 2574 2820 δοκῶν
2610 2782 2663 2837 p.
2705 2765 2825 2820 H8.
2880 2764 2956 2819 lta
3012 2761 3180 2818 codd.
3213 2761 3252 2814 Β
3303 2772 3358 2816 et
3408 2761 3469 2814 A.
3517 2757 3630 2815 Va-

2053 2859 2264 2914 ticanus
2316 2867 2497 2914 autem
2552 2873 2703 2913 more
2738 2872 2840 2913 suo
2868 2857 3041 2911 libere
3102 2863 3321 2908 mutans
3349 2868 3467 2922 quae
3526 2852 3631 2904 ob-

2056 2950 2304 3006 scutiora
2336 2958 2511 3021 putat,
2555 2952 2583 3004 ὁ
2618 2952 2835 3020 πρῶτος
2866 2962 2965 3019 pro
3014 2948 3043 3001 ὁ
3073 2947 3245 3000 δοκῶν
3277 2945 3450 3016 ponit,
3512 2959 3633 2998 non

380 3042 595 3096 auctor,
635 3035 913 3091 studiosus
941 3037 1226 3092 aﬂectator
1259 3037 1585 3094 eruditionis
1623 3040 1878 3109 antiquae,
1903 3049 1958 3094 ct
2056 3041 2197 3096 male
2225 3041 2553 3097 sententiam
2608 3041 3000 3110 interpretans.
3041 3038 3174 3093 Sunt
3217 3037 3359 3092 enim
3418 3034 3629 3091 Graecis

377 3134 605 3195 captare
632 3129 876 3198 gaudens
905 3131 1163 3186 notiones
1190 3133 1492 3194 abstrusas,
1521 3131 1583 3184 τὸ
1608 3132 1944 3202 διαπεφωνή-

2054 3135 2216 3189 etiam
2244 3134 2521 3189 veteribus
2549 3132 2597 3187 οἱ
2637 3131 2939 3196 δοκοῦντες,
2971 3129 3063 3199 qui
3096 3126 3444 3189 auctoritate,
3512 3126 3626 3181 exi-

377 3235 546 3275 κεσαν
574 3222 922 3292 usurpaverit
948 3238 1014 3279 eo
1044 3239 1207 3278 sensu
1242 3240 1351 3294 quo
1376 3242 1407 3279 a
1460 3223 1603 3279 LXX
1630 3225 1867 3294 positum
1896 3227 1949 3281 id

378 3318 606 3367 verbum
640 3323 723 3369 est
775 3315 1078 3372 Ezechielis
1133 3333 1183 3373 c.
1220 3334 1426 3385 xxxv",
1488 3319 1590 3375 li:
1637 3319 1948 3373 Ἀπόλωλεν

376 3406 411 3473 ἡ
440 3406 593 3469 ἐλπὶς
624 3407 803 3476 ἡμῶν,
839 3398 1360 3478 διαπεφωνήκαμέν,
1417 3409 1559 3478 quod
1592 3408 1844 3479 vulgatus
1883 3426 1950 3464 ex

376 3497 690 3567 Originibus
717 3500 915 3554 vertit:
947 3499 1108 3554 Periit
1159 3516 1275 3567 spes
1304 3510 1484 3553 nastra
1521 3511 1569 3554 et
1605 3500 1820 3555 abscissi
1857 3518 1947 3554 su-

376 3606 517 3643 mus.
563 3588 659 3645 Est
700 3591 845 3644 enim
902 3592 954 3644 in
1002 3591 1228 3646 Hebraeo
1272 3602 1441 3652 nam
1475 3594 1757 3663 nigzarenu
1788 3609 1817 3648 a
1854 3604 1951 3655 "th

376 3697 562 3749 gazar,
603 3683 746 3750 quod
779 3692 861 3738 est
886 3684 1237 3749 abscindere;
1275 3694 1330 3738 et
1350 3685 1569 3739 additur
1586 3695 1670 3744 tm
1695 3685 1821 3739 (anu
1857 3702 1945 3739 uo-

377 3774 477 3830 bis.
533 3774 677 3841 quod
714 3774 816 3827 nisi
873 3776 1132 3842 abundat,
1173 3787 1232 3831 ttt
1276 3776 1402 3830 alibi
1440 3790 1548 3830 non
1590 3792 1737 3841 raro,
1780 3776 1945 3831 videri

377 3876 559 3933 potest
612 3881 676 3920 eo
708 3866 981 3933 pertinere
1033 3877 1096 3922 ut
1148 3868 1488 3939 significetur
1520 3867 1718 3923 divisio
1778 3868 1946 3923 animi

373 3958 532 4027 quasi
560 3973 589 4011 a
625 3973 684 4013 se
738 3958 875 4029 ipso,
911 3961 1044 4025 sive,
1089 3969 1147 4015 ut
1178 3961 1306 4015 alibi
1356 3959 1636 4031 Scriptura
1686 3960 1947 4030 loquitur,

372 4048 680 4121 contractio
714 4050 918 4114 cordis,
949 4052 1126 4119 qualis
1159 4051 1429 4122 contingit
1463 4052 1639 4105 subita
1661 4060 1717 4105 et
1750 4066 1945 4121 magna

372 4141 684 4196 calamitate
719 4143 1156 4211 comprehensis,
1193 4143 1351 4211 cujus
1398 4142 1737 4211 depellenda:
1798 4145 1946 4197 nulla

372 4242 470 4286 aut
501 4233 683 4286 tenuis
711 4248 836 4303 spes
866 4243 970 4287 cst.
1004 4234 1264 4288 Vatablus
1292 4234 1456 4287 vertit
1482 4250 1497 4288 :
1533 4231 1736 4288 Succisi
1763 4251 1947 4288 sumus

375 4325 549 4377 nobis.
598 4325 737 4378 Puto
766 4324 1033 4396 Hesychio
1066 4328 1211 4381 hunc
1262 4326 1439 4396 ipsum
1471 4324 1614 4381 LXX
1668 4329 1944 4399 interpre-

375 4424 491 4469 tum
529 4416 704 4470 loenm
735 4416 1086 4470 obversatum
1124 4417 1331 4482 animo,
1363 4431 1486 4471 cum
1518 4418 1944 4491 διαπεφωνήκα-

2052 3227 2390 3292 stimatione,
2424 3226 2683 3298 dignitate
2721 3225 2777 3278 in
2811 3223 2988 3292 aliqua
3020 3231 3177 3293 gente
3209 3227 3302 3275 aut
3330 3229 3474 3273 cmtu
3490 3219 3626 3271 emi-

2053 3326 2204 3381 nent,
2240 3317 2462 3387 antiqua
2519 3324 2576 3369 et
2612 3315 2801 3385 proba,
2858 3314 2952 3369 sed
3017 3312 3220 3367 rariori‘
3268 3319 3323 3366 et
3358 3309 3480 3364 ideo
3533 3309 3625 3363 hic

2052 3424 2161 3464 non
2216 3392 2419 3464 frustra
2460 3408 2734 3463 declarata
2793 3405 3043 3461 notione.
3102 3402 3248 3457 Talis
3274 3411 3454 3456 autem
3506 3407 3625 3453 erat

2052 3502 2197 3557 inter
2223 3499 2745 3555 hosthclematarios
2778 3512 2870 3553 seu
2904 3494 3238 3551 voluntarios
3264 3492 3624 3552 Cutritzaces,

2052 3610 2211 3665 quem
2243 3593 2497 3664 superius
2542 3591 2764 3654 Noster,
2800 3606 2855 3660 p.
2891 3589 3014 3654 158,
3047 3588 3137 3642 ubi
3168 3583 3409 3640 narravit
3436 3583 3627 3637 Caesa-

2053 3703 2168 3742 rem
2225 3687 2349 3749 τοὺς
2384 3685 2673 3748 δοκοῦντας
2718 3681 3138 3754 θεληματαρέων
3179 3690 3535 3739 cunvocasse,
3566 3675 3624 3728 in

2051 3779 2119 3833 iis
2147 3778 2314 3833 fuisse
2343 3777 2679 3849 praecipuum
2703 3774 3067 3835 demonstrat,
3094 3771 3222 3826 dum
3278 3769 3433 3824 illurn
3504 3767 3624 3822 vico

2049 3886 2114 3926 ac
2136 3868 2358 3925 nomine
2392 3868 2634 3923 omnium
2662 3867 2902 3921 locutum
2926 3862 3110 3918 refert.

2122 3962 2276 4028 Δόξα
2311 3978 2365 4033 p.
2418 3960 2545 4015 275.
2596 3959 2710 4015 Vox
2760 3957 2889 4024 δόξα
2942 3957 3034 4011 hic
3067 3952 3330 4025 peculiari
3393 3949 3623 4004 nntium.

2050 4055 2288 4110 sumitur
2340 4067 2438 4123 pro
2492 4052 2743 4122 dogmate
2773 4052 2890 4104 sive
2940 4046 3188 4101 doctrina
3224 4060 3399 4108 sacra,
3457 4057 3621 4110 quam

2051 4150 2434 4203 inconcussam
2497 4154 2707 4208 tenere,
2765 4158 2863 4212 pro
2920 4156 3024 4211 qua
3086 4140 3285 4209 pacisci
3348 4140 3511 4195 vitam
3568 4154 3623 4198 et

2049 4241 2374 4311 sanguinem
2399 4238 2694 4294 Christiani
2724 4235 2967 4307 cujusvis
2995 4233 3233 4290 cilicium
3260 4243 3365 4289 est.
3399 4232 3623 4290 Vatica-

2048 4350 2154 4389 nus
2186 4333 2267 4389 sic
2333 4330 2689 4403 παραφράζει
2725 4330 2903 4384 locum
2937 4328 3121 4384 hunc:
3155 4328 3246 4391 Εἰς
3274 4328 3326 4381 τί
3380 4329 3489 4399 γάρ
3538 4345 3622 4388 τις

2052 4425 2493 4494 σκανδαλισθείη.
2521 4426 2615 4491 ὅτι
2637 4422 2951 4493 μεταλλαγὴ
2980 4438 3067 4484 τις
3100 4420 3293 4489 γέγονε
3320 4421 3416 4489 τῆς
3445 4436 3625 4491 παρα-

379 4524 481 4577 μεν
502 4507 893 4577 interpretatur
919 4508 1250 4576 ἀπωλόμεθα
1279 4509 1554 4577 periimus,
1586 4525 1708 4580 qua:
1738 4522 1821 4568 cst
1845 4531 1943 4568 vox

2054 4519 2344 4588 δεδομένης
2396 4491 2528 4587 ἡμῖν
2589 4491 2786 4587 δόξηςς
2850 4515 2966 4567 ἀλλ’
3019 4512 3192 4575 οὐδὲν,
3255 4511 3624 4584 χορηγοῦντος

372 4599 801 4667 desperantium,
867 4599 1021 4652 etin
1074 4615 1309 4654 occursu
1386 4600 1755 4656 ineluctabilis
1819 4605 1946 4658 mali

371 4705 633 4761 angorem
662 4691 853 4754 animi,
888 4693 980 4760 qui
1012 4692 1178 4747 verbo
1234 4694 1525 4761 διαφωνεῖν
1582 4694 1943 4765 significatur,

370 4784 823 4853 exprimentimn.
881 4784 1054 4839 Graeci
1102 4797 1285 4841 tamen
1341 4787 1696 4857 posteriores,
1744 4805 1811 4844 ex
1852 4791 1946 4845 illo

372 4875 607 4931 fortasse
657 4886 751 4930 aut
816 4875 957 4929 LXX
1015 4878 1309 4932 Seniornm
1356 4889 1453 4933 aut
1513 4879 1945 4952 Hesychiiloco,

369 4957 540 5022 verbo
594 4967 882 5035 διαφωνεῖν
910 4971 1258 5025 exanimandi
1296 4980 1392 5026 aut
1416 4974 1730 5042 exSpirandi
1763 4978 1941 5029 ttOtio-

369 5077 498 5115 nem
529 5062 903 5130 subjecernnt.
954 5062 1162 5117 Auctor
1201 5080 1506 5137 anonymus
1560 5067 1821 5121 Actorum
1861 5067 1945 5121 fu-

369 5152 589 5208 sissime
637 5156 965 5221 scriptorum
1014 5153 1074 5209 Β.
1138 5154 1371 5209 Andreae
1406 5166 1772 5224 cognomento
1806 5158 1940 5219 Sali,

366 5261 490 5315 quae
516 5255 729 5299 exstant
782 5247 967 5301 Graece
1001 5248 1055 5300 in
1106 5248 1231 5302 cod.
1274 5249 1536 5305 Vaticano
1574 5251 1733 5313 1574,
1788 5268 1839 5322 p.
1887 5254 1942 5317 5,

366 5340 615 5395 referens
643 5340 935 5407 quamdam
971 5339 1173 5394 luctam
1212 5355 1308 5409 per
1334 5343 1608 5397 somnium
1638 5358 1940 5410 ostensam,

370 5446 475 5500 qua
499 5430 650 5495 idem
683 5430 741 5483 Β.
774 5429 1021 5484 Andreas
1041 5432 1398 5486 commissum
1419 5449 1606 5488 secum
1629 5432 1939 5501 fEthiopem

371 5522 670 5592 prostravit
703 5522 1008 5592 occiditque
1034 5523 1171 5578 eliso
1195 5524 1316 5591 ejus
1374 5525 1439 5579 ad
1493 5536 1703 5595 petram
1739 5525 1937 5594 capite.

364 5616 444 5669 sic
472 5615 699 5669 scribit:
754 5615 985 5684 Ἔτυχεν
1028 5615 1193 5668 αὐτοῦ
1225 5614 1547 5688 (.Etbiopis)
1604 5618 1665 5668 τὸ
1718 5618 1940 5685 κρανίον

365 5706 447 5769 εἰς
506 5707 736 5776 πέτραν,
770 5706 866 5758 καὶ
918 5708 1267 5777 κατενεχθεὶς
1308 5709 1563 5779 παραυτὰ
1615 5708 1936 5778 διεφώνησε,

370 5799 482 5853 hoc
510 5808 593 5853 est
622 5815 635 5853 :
674 5796 831 5853 Forte
862 5815 1016 5854 ruens
1080 5802 1258 5857 incidit
1308 5803 1480 5873 capite
1508 5803 1560 5857 in
1614 5813 1842 5871 petram,
1870 5802 1940 5857 ad

2049 4610 2648 4681 Θεοῦ,παρα6έ6αςται,
2679 4620 2787 4663 etc.
2823 4607 2964 4661 Infra
3005 4607 3102 4662 lib.
3132 4624 3207 4671 vr,
3240 4622 3290 4661 c.
3319 4608 3341 4661 1
3378 4621 3625 4676 usurpa-

2052 4713 2141 4759 tur
2168 4704 2284 4757 hacc
2329 4700 2517 4755 eadem
2550 4715 2653 4754 vox
2681 4700 2871 4752 eadem
2925 4699 3152 4754 notione
3204 4698 3260 4752 in
3289 4696 3374 4752 bis
3403 4697 3619 4752 verbis:

2048 4793 2122 4845 Τὸ
2158 4789 2471 4862 παραϐῆναι
2507 4789 2644 4857 σφᾶς
2703 4788 2801 4858 τὴν
2841 4790 2975 4858 πρὸς
2999 4790 3213 4842 ἐκεῖνον
3243 4786 3420 4858 (Θεὸν)
3471 4803 3622 4857 νομι-

2049 4881 2282 4950 ζομένην
2316 4879 2474 4945 δόξαν
2520 4877 2778 4947 ἀρχῆθεν.

2131 4972 2459 5041 Ἑτκόλπια
2541 4986 2596 5039 p.
2651 4969 2779 5026 265.
2839 4968 3199 5038 intelligimus
3252 4968 3391 5024 hinc.
3434 4982 3618 5023 sacras

2049 5063 2352 5125 icunculas,
2414 5061 2604 5131 quales
2666 5059 2931 5114 habemus
2988 5074 3176 5115 cereas
3235 5060 3440 5130 eiligies
3491 5060 3616 5131 agni

2050 5154 2165 5219 Dei,
2200 5162 2293 5208 aut
2326 5153 2378 5206 id
2409 5167 2581 5223 genus
2608 5167 2765 5206 sacra
2796 5152 3032 5207 amuleta
3084 5162 3297 5221 gestare
3352 5154 3419 5209 de
3476 5156 3618 5211 collo

2046 5262 2309 5315 suspensa
2339 5245 2558 5300 Graecos
2587 5243 2927 5299 Christianos
2958 5244 3172 5310 solitos,
3203 5256 3258 5300 et
3289 5247 3397 5302 hoc
3436 5252 3620 5318 speci-

2048 5353 2170 5391 men
2206 5346 2369 5406 atque
2421 5334 2680 5389 indicium
2733 5334 2901 5388 fuisse
2951 5333 3274 5390 Christiana:
3317 5338 3614 5408 religionis.

2043 5432 2181 5486 Nam
2219 5448 2284 5486 eo
2318 5431 2539 5485 nomine
2600 5429 2703 5484 sibi
2743 5428 2865 5483 talia
2917 5431 3056 5485 mitti
3094 5430 3303 5487 'Sultan
3357 5435 3621 5503 postulat,

2046 5536 2103 5580 ut
2133 5526 2212 5580 sic
2279 5524 2534 5593 probaret
2574 5536 2633 5576 se
2663 5519 3037 5576 Christianum
3090 5537 3234 5585 esse,
3267 5524 3335 5578 de
3391 5540 3501 5593 quo
3532 5528 3613 5580 vi.

2044 5618 2206 5672 debat
2234 5616 2493 5670 dubitari.
2543 5612 2699 5668 Patet
2731 5613 2878 5667 unde
2907 5613 3177 5680 ejusmodi
3237 5616 3488 5688 religiosa
3519 5634 3615 5688 gu~

2046 5710 2281 5764 stamina
2322 5706 2586 5774 ὲγκὸλπια
2621 5715 2905 5770 vocentur,
2931 5705 3075 5775 quod
3106 5705 3358 5761 nimirum
3393 5724 3424 5762 e
3474 5710 3615 5763 collo

2044 5808 2167 5871 apta
2206 5800 2263 5855 in
2286 5798 2464 5855 sinum
2501 5798 2841 5870 penderent-
2864 5796 3053 5868 Fuisse
3077 5805 3276 5865 autem,
3306 5799 3449 5869 quod
3477 5799 3610 5866 disi,
