3992 6522
466 343 600 406 101!)

1367 347 1431 408 P.
1481 349 1779 410 POSSINI
1820 352 2477 416 OBSERVATIONUM
2520 356 2665 416 LIB.
2710 355 2758 414 Ι.

3557 346 3686 416 1016

452 456 655 508 formas
689 462 782 509 aut
810 453 1010 525 efﬁgies
1036 455 1300 524 quasdam
1341 471 1526 513 sacras
1585 459 1652 514 iis
1690 458 2010 530 impressas,

2135 463 2263 531 ιιιού
2313 461 2702 518 Cantacuzeno
2751 459 2953 514 dicitur
3021 457 3294 522 ἐμπεδοῦν
3320 457 3423 528 τὴν
3477 463 3681 528 πρᾶξιν

455 545 742 601 manifeste
770 546 928 601 docet
969 546 1164 602 Noster
1197 549 1358 618 paulo
1385 558 1530 617 post,
1565 550 1694 606 dum
1729 553 1806 608 ait
1833 551 2017 608 Sulta-

452 655 577 696 nem
616 639 844 708 petendo
874 654 960 692 res
999 640 1134 694 tales
1165 656 1226 695 se
1253 640 1659 698 demonstrasse
1715 647 1824 699 τῶν
1856 645 2017 700 θεεων

452 730 866 799 ὲκτυπωμάτων
911 733 1298 802 προσκυνητήν
1357 733 1660 789 divinarum
1723 739 2015 807 formarum

450 835 830 879 ceneratorem.
862 824 998 894 Ergo
1034 825 1123 880 illa
1156 842 1276 895 quae
1303 829 1595 897 appellavit
1623 832 1746 902 ἱερὴ
1781 835 2016 905 περιάμ-

453 935 598 988 ματα
625 926 679 971 et
709 917 999 984 ἑγκόλπια,
1027 927 1185 972 erant
1236 919 1425 973 eadem
1456 921 1571 975 θεῖα
1623 923 2013 994 ἐκτυπὼματα,

449 1023 722 1075 evpressae
764 1024 942 1062 rerum
976 1023 1252 1064 sacrarum
1284 1009 1493 1075 format,
1522 1013 1722 1070 Christi
1755 1017 2013 1071 nimirum

449 1111 543 1155 aut
575 1111 915 1156 sanctorum.
945 1099 1101 1155 Unde
1130 1117 1227 1170 per
1259 1102 1375 1157 haec
1397 1102 1584 1171 jurare
1625 1105 1819 1160 solitos
1851 1105 2012 1161 Chri-

451 1191 666 1246 stianus
699 1189 1004 1246 Orientales
1035 1191 1102 1245 ad
1137 1191 1488 1246 sanciendam
1520 1208 1798 1263 pactorum
1829 1195 2012 1260 ﬁdem,

448 1276 608 1330 docet
640 1276 1005 1332 Cantacuzeni
1059 1277 1234 1343 locus,
1295 1277 1332 1333 l.
1372 1293 1456 1340 Ill.
1485 1294 1535 1334 c.
1565 1282 1649 1346 l7,
1705 1297 1758 1352 p.
1790 1283 1896 1338 ωδ
1924 1286 2011 1339 ed.

449 1365 608 1436 lleg.,
645 1365 970 1435 Συμδάσεις,
1003 1367 1272 1438 inquiens,
1318 1369 1376 1422 δὲ
1442 1369 1658 1438 Θέμινοι
1737 1373 1866 1443 περὶ
1921 1373 2015 1426 τοῦ

449 1459 652 1528 γάμου,
696 1458 792 1512 καὶ
828 1460 967 1514 κατὰ
999 1460 1060 1512 τὸ
1102 1461 1390 1532 Ῥωμαίων
1448 1463 1568 1525 ἔθος
1615 1463 1683 1516 δι’
1708 1464 2015 1532 ἑγκολπὶων

449 1549 867 1617 ὲμπεδὼσαντες
893 1551 992 1622 τὴν
1006 1552 1224 1622 πρᾶξιν.
1267 1551 1434 1610 Video
1658 1555 1805 1609 hunc
1837 1556 2015 1610 locum

449 1657 642 1712 parum
703 1641 972 1696 efﬁcacem
1028 1644 1204 1698 visum
1259 1645 1322 1700 iri
1359 1648 1424 1699 ad
1479 1647 1915 1703 confirmandum
1959 1648 2016 1703 id

448 1733 593 1801 q’uod
614 1734 743 1798 dixi,
767 1733 834 1788 de
863 1735 1176 1803 juramento
1199 1735 1482 1790 ﬁrmandis
1505 1737 1676 1806 pactis
1706 1753 1803 1806 per
1829 1738 2014 1806 ὲγκόλυ

447 1839 553 1874 ma.
599 1822 712 1876 dari
776 1823 974 1887 solito,
1030 1823 1076 1878 si
1134 1824 1306 1878 lector
1366 1825 1433 1880 de
1490 1826 1597 1880 isto
1657 1827 2018 1882 Cantacnzeni
2052 1819 2093 1874 Β

448 1914 765 1968 testimonio
793 1915 998 1984 judicet
1023 1933 1086 1970 ex
1127 1917 1378 1972 versione
1429 1918 1797 1974 eruditissimi
1828 1919 2018 1976 Jacobi

447 2002 680 2059 Pontani
735 2008 931 2060 nostri.
965 2007 1014 2062 ls
1046 2009 1193 2076 enim
1217 2009 1355 2062 nihil
1393 2009 1467 2064 ibi
1497 2011 1749 2080 agnoscit
1775 2025 2017 2078 sacrum,

446 2098 512 2151 ad
573 2098 789 2153 civilem
874 2115 1132 2168 mereque
1197 2101 1491 2156 humanam
1574 2103 2020 2159 observationem

449 2202 644 2246 cuncta
676 2193 1031 2262 detorquens,
1069 2193 1198 2247 dum
1229 2193 1308 2249 sic
1340 2194 1504 2249 verba
1537 2196 1700 2250 modo
1750 2196 2021 2265 descripta

447 2281 638 2338 Latine
667 2283 839 2338 reddit
873 2283 1237 2340 :Paciscentes
1275 2287 1510 2355 nuptias,
1543 2296 1590 2339 et
1616 2303 1757 2342 more
1782 2286 2022 2341 Romano

446 2375 696 2430 vronubis
709 2376 985 2430 monilibus
1003 2379 1064 2430 de
1076 2377 1208 2432 collo
1219 2379 1482 2448 gestandis
1495 2386 1615 2432 acta
1631 2379 2017 2447 con/irruentes.

445 2468 583 2524 Cum
613 2468 680 2522 ab
704 2468 850 2524 omni
880 2469 1314 2540 reprehendendi
1373 2484 1700 2540 quemquam
1730 2471 2023 2542 supercilio
2081 2467 2084 2470 ’

447 2562 722 2617 abhorreo
761 2573 978 2638 natura,
1011 2571 1122 2617 tum
1162 2564 1323 2632 hujus
1354 2563 1454 2618 viri
1488 2563 1764 2633 precipua
1801 2579 1886 2616 me
1918 2563 2022 2618 du-

447 2654 578 2708 dum
610 2655 888 2710 veneratio
921 2653 1074 2708 valde
1104 2655 1346 2709 alienum
1379 2655 1502 2710 facit
1541 2655 1611 2710 ab
1647 2655 1766 2724 ejus
1821 2655 2026 2723 cogita-

450 2747 599 2803 tione
631 2747 941 2818 sugillandi.
976 2746 1184 2801 Tamen
1219 2749 1344 2818 quia
1386 2748 1588 2804 veritas
1634 2748 1846 2802 cunctis
1888 2747 2026 2801 alle-

449 2842 630 2896 ctibus
678 2844 921 2904 antistat,
984 2858 1093 2896 non
1147 2857 1367 2911 possunt
1432 2842 1707 2896 abstinere
1753 2840 1885 2909 quin
1937 2839 2026 2896 hic

451 2947 635 2986 meum
656 2933 723 2986 ab
756 2933 874 3002 ejus
905 2931 1177 2987 sententia
1205 2931 1480 2986 diversum
1511 2932 1779 3001 judicium
1816 2946 2020 3002 propo-

453 3039 600 3090 nam,
636 3025 938 3094 praesertim
969 3039 1093 3078 cum
1142 3023 1292 3078 illum
1335 3023 1550 3078 videam
1580 3039 1701 3093 quas
1733 3023 1786 3077 in
1849 3022 2024 3078 inter‘

2126 564 2220 609 aut
2247 555 2348 618 τὰς
2380 554 2684 624 συμϐάσεις
2735 552 2804 606 δι’
2848 551 3186 620 ἐγκολπιων.
3220 553 3285 606 ΕΙ.
3311 551 3436 621 quis
3484 552 3587 609 scit
3616 571 3683 610 an

2124 662 2235 700 non
2287 646 2414 701 inde
2467 644 2608 716 apud
2664 643 3041 700 Occidentales
3087 659 3303 713 quoque
3344 644 3683 700 Christianos

2125 738 2441 800 invaluerit,
2481 738 2626 806 quod
2687 735 2853 791 hodie
2902 735 2956 790 in
3015 750 3118 790 usu
3171 736 3419 790 videmus
3455 751 3598 796 esse.
3631 747 3689 790 ut

2129 843 2296 882 manu
2332 828 2542 896 pectori
2577 827 2794 882 admota
2827 825 2960 880 ﬁdes
3014 825 3164 880 verbi
3196 835 3292 880 aut
3320 825 3468 896 pacti
3493 826 3687 880 conﬁr-

2125 917 2347 970 metur?
2379 916 2513 971 Tam
2547 915 2907 970 universalem
2935 929 3100 984 porro
3131 913 3299 969 fuisse
3337 914 3688 970 consuetudi-

2123 1022 2246 1061 nem
2278 1005 2639 1063 Orientalium
2691 1006 3127 1063 Christianorum
3196 1007 3443 1078 gestandi
3503 1006 3686 1074 hujus-

2125 1098 2274 1152 modi
2308 1098 2592 1168 religionis
2644 1099 2822 1169 signa,
2881 1105 2941 1152 ut
2971 1098 3357 1154 necessitatem
3391 1097 3688 1162 induceret,

2123 1204 2387 1259 apparere
2420 1197 2598 1260 petest
2650 1205 2716 1245 ex
2770 1205 2838 1246 eo
2869 1190 3016 1259 quod
3054 1190 3255 1246 Noster
3284 1189 3492 1254 innuit,
3543 1187 3582 1244 l.
3630 1204 3690 1254 ιι,

2123 1297 2175 1336 c.
2208 1283 2299 1346 25,
2332 1281 2586 1337 distribui
2632 1283 2801 1352 gratis
2837 1283 3026 1338 solitas
3071 1281 3344 1338 militibus
3385 1279 3689 1348 σεϐασμίις

2125 1373 2340 1433 εἰκόνας
2365 1389 2546 1427 sacras
2568 1372 2744 1426 icones
2765 1388 2786 1437 ;
2824 1387 2961 1442 quas
3015 1372 3271 1428 videlicet
3304 1386 3336 1426 e
3373 1370 3520 1426 collo
3574 1383 3690 1425 sus-

2126 1479 2324 1533 pensas
2355 1465 2410 1518 in
2447 1464 2569 1518 ﬁdei
2615 1479 2681 1518 ac
2734 1463 3014 1533 religionis
3074 1472 3335 1518 tesseram
3393 1469 3690 1532 portarent.

2130 1558 2278 1615 Dicet
2333 1559 2471 1614 forte
2526 1559 2790 1612 adversus
2835 1557 3104 1612 hactenus
3175 1564 3382 1612 statuta
3455 1553 3690 1621 argutior

2124 1651 2392 1721 quispiam
2416 1663 2432 1703 :
2463 1649 2622 1720 555
2655 1649 2812 1703 istam
2832 1647 3143 1718 ὲμπέδωσιν
3160 1645 3496 1716 συμϐάσεων
3518 1645 3688 1712 γάμου

2125 1742 2191 1794 δι’
2221 1740 2554 1808 ὲγχολπίων,
2579 1739 2737 1808 cujus
2759 1740 3177 1794 Cantacuzenus
3202 1737 3476 1798 meminit,
3510 1734 3692 1790 referri

2123 1833 2188 1887 ad
2221 1833 2606 1903 jusjurandum
2637 1847 2747 1886 non
2782 1845 2966 1901 posse,
3021 1829 3278 1899 quoniam
3333 1829 3525 1883 statim
3578 1835 3693 1898 post

2124 1926 2266 1981 idem
2299 1932 2493 1979 auctor
2542 1924 2981 1994 juramentorum
3047 1922 3134 1978 bis
3163 1921 3556 1990 adjunctorum
3585 1919 3692 1974 dis-

2125 2019 2295 2073 tincte
2331 2015 2640 2072 meminerit
2677 2015 2762 2070 his
2798 2015 2981 2070 verbis
3035 2014 3131 2066 τοῦ
3182 2011 3688 2082 παρακοιμωμένου

2122 2111 2178 2165 δὲ
2227 2110 2323 2164 καὶ
2360 2111 2558 2178 ὅρκους
2614 2108 2944 2180 προσθέντος
2995 2107 3293 2177 φρικώδεις
3352 2105 3454 2160 ἐπὶ
3497 2103 3684 2173 τούτῳ.

2124 2203 2369 2260 Primum
2425 2199 2732 2270 respondeo
2783 2214 2973 2256 vocem
3026 2199 3355 2270 προσθέντος
3387 2197 3466 2252 ad
3505 2198 3690 2266 ὅρκους

2124 2293 2423 2364 φρικώδεις
2469 2293 2696 2348 relatam
2754 2293 2938 2362 potius
2995 2291 3326 2346 conﬁrmare
3377 2289 3533 2359 quo:
3598 2301 3691 2341 nos

2125 2385 2404 2442 diximus:
2437 2384 2714 2456 signiﬁcat
2741 2385 2891 2440 enim
2940 2383 3356 2453 Apocauchum,
3407 2381 3505 2450 qui
3541 2377 3692 2434 isthic

2126 2478 2383 2548 loquitur,
2447 2492 2572 2532 cum
2603 2476 2914 2533 vehementi
2967 2475 3155 2530 studio
3215 2473 3569 2529 incumberet
3629 2470 3691 2525 ad

2126 2570 2562 2642 persuadendum
2615 2570 2938 2639 patriarcha
2971 2568 3117 2639 quod
3167 2567 3402 2632 volebat,
3434 2565 3506 2620 ad
3557 2563 3697 2634 prius

2127 2661 2260 2716 illud
2321 2659 2708 2732 jusjurandum
2767 2659 2970 2724 lenius,
3027 2667 3182 2729 gestu
3215 2666 3434 2712 tantum
3463 2666 3519 2711 et
3552 2663 3692 2710 tactu

2126 2750 2436 2818 δγκολπίων
2515 2749 2843 2813 exercitum,
2902 2749 3007 2804 alia
3091 2747 3371 2804 horribilia
3457 2745 3694 2816 φρικώδη

2126 2843 2462 2914 adjunxisse,
2497 2841 2616 2897 dira
2643 2841 2745 2897 sibi
2782 2841 3037 2897 nimirum
3075 2839 3436 2911 imprecando
3467 2839 3510 2892 si
3559 2836 3698 2892 falle.

2129 2948 2232 3001 ret,
2289 2951 2400 3005 quo
2444 2936 2650 2990 certius
2706 2934 2914 2990 faceret
2946 2934 3106 2988 ﬁdem
3156 2933 3460 2990 dictorum.
3506 2931 3698 2986 Deinde

2130 3038 2219 3086 aio
2252 3032 2387 3086 istas
2415 3028 2718 3084 horrendas
2748 3029 3157 3083 exsecrationes
3204 3037 3258 3082 et
3290 3027 3490 3096 capitis
3542 3027 3697 3081 devo-

451 3117 757 3188 pretatione
785 3117 986 3187 posuit,
1009 3116 1172 3171 etiam
1211 3117 1264 3169 in
1318 3113 1474 3170 Notis
1518 3114 1786 3171 afﬁrmare
1816 3127 2026 3171 astrue-
2056 3154 2099 3212 ο
2138 3125 2316 3178 tiones
2371 3122 2478 3185 sui,
2515 3121 2585 3176 ab
2641 3121 2969 3190 Apoeaucho
3024 3128 3153 3174 tunc
3198 3117 3394 3186 factas,
3449 3137 3562 3176 non
3632 3121 3694 3174 ad

451 3226 616 3280 reque
643 3211 950 3281 diligentius
977 3226 990 3276 ;
1023 3225 1083 3264 ea
1114 3225 1276 3280 porro
1302 3211 1412 3264 sint
1432 3209 1702 3280 ejusmodi
1732 3209 1912 3264 utnisi
1936 3222 2026 3262 co-

451 3313 770 3374 arguantur,
806 3303 984 3358 locum
1021 3317 1205 3358 tenere
1236 3319 1394 3358 suum
1424 3318 1486 3357 ac
1507 3302 1719 3372 probari
1750 3309 2027 3374 nequeam

454 3415 576 3467 qua:
626 3408 812 3452 noster
868 3396 1233 3467 Pachymeres
1287 3397 1373 3452 hic
1435 3396 1683 3451 afﬁrmat.
1754 3398 2028 3452 Accenset

454 3491 526 3546 ibi
553 3489 810 3545 nimirum
834 3488 1110 3544 Pontanus
1137 3489 1403 3559 ἐγκόλπια
1421 3489 1646 3559 nuptiali
1675 3488 2024 3558 supellectili,

455 3586 646 3639 arrhas
698 3593 754 3639 et
808 3583 1052 3654 pronuba
1104 3584 1451 3646 munuscula,
1513 3599 1575 3636 ea
1633 3583 2024 3651 interpretans,

455 3678 712 3745 qualibus
745 3678 846 3742 vir,
875 3676 1073 3747 inquit,
1105 3692 1352 3744 sponsam
1381 3692 1472 3730 seu
1509 3692 1728 3729 uxorem
1753 3675 1852 3728 sibi
1878 3676 2023 3745 [utu-

456 3787 573 3822 ram
603 3771 948 3841 oppignerare
978 3770 1359 3839 quodammodo
1405 3771 1692 3824 consuevit.
1728 3767 1796 3822 Et
1824 3768 2026 3822 mirutn

457 3865 638 3918 statim
673 3865 726 3917 in
759 3862 824 3935 [Ρ
848 3861 980 3956 ⁸5⁸79]
1013 3863 1198 3917 talium
1235 3877 1418 3917 rerum
1454 3877 1686 3917 numero
1749 3862 2025 3917 nominari

457 3957 746 4018 annulum,
783 3953 979 4010 manus
1032 3957 1217 4024 utique
1255 3970 1319 4010 ac
1372 3953 1666 4025 digitorum
1726 3963 2028 4022 gestamen,

459 4064 569 4102 non
605 4049 759 4102 sinus
810 4062 874 4102 ac
937 4048 1191 4117 pectoris,
1233 4056 1394 4116 prout
1423 4055 1541 4101 erat
1588 4061 1836 4111 necesse,
1882 4063 1941 4101 ut
1964 4048 2030 4102 ad

459 4141 789 4208 ἐγκολπῑων,
843 4155 1026 4194 rerum
1083 4154 1112 4192 e
1151 4139 1292 4193 collo
1343 4140 1395 4194 in
1429 4140 1609 4194 sinum
1646 4139 2030 4210 pendentium,

459 4233 685 4286 classem
744 4232 1061 4288 referretur.
1121 4231 1320 4287 Contra
1355 4247 1418 4286 ea
1469 4248 1570 4287 nos
1623 4233 1858 4288 dicimus
1905 4247 2031 4287 cum

463 4333 652 4379 nostro
702 4324 1040 4395 Paehymere
1105 4324 1338 4394 vulgaris
1398 4340 1532 4380 usus
1588 4339 1652 4378 ac.
1730 4325 2033 4395 promiscui

462 4416 731 4486 ὲγκόλπια
777 4416 969 4478 fuisse,
1029 4415 1434 4484 plurimumque
1484 4406 1692 4471 a'vero
1753 4417 2032 4483 aberrare,

2136 3223 2294 3285 pacta
2341 3213 2610 3284 nuptialia
2668 3211 3024 3281 pertinuisse,
3075 3213 3172 3269 sed
3227 3212 3293 3268 ad
3344 3221 3546 3268 cetera
3589 3226 3695 3280 qua

2137 3305 2475 3380 persuadere
2505 3306 2829 3378 patriarchae
2855 3306 3138 3377 cupiebat,
3187 3321 3384 3375 nempe
3423 3320 3552 3359 vera
3587 3318 3697 3358 esse

2132 3416 2252 3472 qua!
2261 3403 2329 3456 de
2339 3401 2583 3456 consiliis
2597 3399 2772 3470 magni
2791 3399 3074 3454 domestici
3091 3397 3456 3468 patriarcham
3482 3395 3702 3465 dejicere

2133 3496 2330 3551 throno
2347 3493 2658 3549 meditantis
2680 3491 2817 3546 falso
2833 3501 2888 3546 et
2901 3492 3242 3546 ealumniose
3259 3489 3324 3545 ad
3346 3489 3531 3560 ipsum
3551 3486 3702 3558 patri-

2137 3585 2358 3638 archam
2375 3582 2646 3637 detulerat
2666 3598 2680 3646 ;
2695 3581 2925 3651 ejusque
2938 3580 3223 3636 calumnia:
3241 3589 3300 3635 ut
3315 3579 3479 3634 ﬁdem
3497 3578 3700 3640 faceret,

2139 3691 2203 3730 ac
2239 3690 2298 3730 se
2328 3674 2406 3729 illi
2435 3674 2626 3729 intime
2652 3671 2930 3742 jungendo
2947 3670 3154 3726 fraudis
3181 3670 3361 3726 omnis
3384 3678 3554 3738 atque
3578 3669 3699 3723 insi-

2140 3768 2352 3823 diarum
2379 3765 2718 3834 suspiciones
2733 3763 3072 3826 amoliretur,
3097 3761 3410 3817 afﬁnitatem
3441 3761 3702 3816 obtulerat

2144 3873 2241 3927 per
2271 3855 2492 3926 nuptias
2509 3870 2621 3910 suae
2648 3854 2772 3909 ﬁliae
2791 3869 2916 3909 cum
2937 3853 3048 3907 ﬁlio
3067 3852 3425 3923 patriarcha;
3457 3853 3514 3906 in
3531 3864 3699 3921 quam,

2144 3958 2204 4003 ut
2231 3955 2318 4004 est
2345 3948 2577 4014 dictum,
2614 3947 2724 4018 jam
2757 3947 2918 4002 ambo
2947 3954 3359 4005 consenserant,
3392 3954 3448 4000 et
3479 3959 3701 4000 consen-

2141 4057 2263 4097 sum
2319 4042 2670 4096 ﬁrmaverant
2693 4038 2764 4094 δι’
2796 4038 3104 4105 ὲγκολπίων
3145 4051 3242 4107 per
3299 4044 3509 4096 tactum
3544 4049 3699 4090 sacra:

2142 4133 2343 4199 iconis,
2373 4146 2536 4204 quam
2569 4139 2796 4200 uterque
2829 4130 3071 4200 ipsorum
3105 4128 3172 4183 de
3225 4141 3375 4182 more
3421 4135 3554 4181 ante
3590 4138 3705 4195 pec-

2147 4236 2234 4282 tus
2276 4225 2570 4296 pendulam
2607 4231 2865 4292 gestaret.
2900 4221 3080 4287 Quare
3141 4229 3287 4274 recte
3347 4220 3466 4274 haec
3528 4218 3702 4272 ultima

2149 4317 2319 4374 verba
2358 4316 2640 4371 Pontanus
2669 4315 2722 4369 in
2758 4322 3001 4369 nostram
3048 4313 3377 4368 sententiam
3409 4312 3492 4367 sic
3518 4311 3704 4368 vertit:

2144 4411 2452 4481 Apocaucho
2481 4413 2694 4478 insuper
2723 4416 2881 4474 caput
2903 4424 3057 4462 suum
3095 4407 3371 4462 horrendis
3397 4406 3707 4461 exsecratio—

464 4507 593 4562 talia
609 4505 784 4559 solum
815 4521 844 4557 a
879 4505 1062 4574 procis
1097 4504 1150 4556 in
1181 4502 1422 4572 conjugii
1447 4503 1643 4574 pignus
1674 4503 1824 4568 data,
1853 4520 1881 4559 a
1901 4503 2034 4558 solis
2070 4515 2112 4571 ι)
2141 4506 2290 4558 nibus
2317 4504 2618 4562 devovente,
2647 4502 2701 4554 ni
2729 4501 2964 4554 sincerus
3014 4499 3103 4553 sit.
3166 4500 3242 4554 En
3274 4513 3382 4566 quo
3407 4501 3707 4568 spectarent

466 4605 686 4666 accepta
717 4603 1032 4666 gestataque
1064 4592 1514 4662 nupturientibus
1567 4593 1737 4648 fuisse
1792 4594 2034 4649 feminis.

471 4691 738 4744 Pra-tcrea
827 4685 1211 4741 contendimus
1268 4684 1547 4754 religionis
1622 4685 1721 4740 ista
1781 4686 2033 4757 insignia,

467 4797 576 4836 non
611 4780 893 4834 muliebris
951 4785 1160 4832 tantum
1193 4769 1286 4832 aut
1311 4778 1487 4832 civilis
1517 4786 1746 4831 ornatus
1802 4779 2033 4833 monilia

469 4874 673 4938 fuisse;
704 4871 906 4941 quippe
949 4885 1069 4941 quae
1095 4869 1213 4923 Θεῖα
1254 4869 1653 4940 incumbite-ca,
1691 4872 1899 4925 divinas
1933 4874 2037 4941 for-

469 4983 582 5020 mas
617 4965 912 5034 impressas
951 4973 1045 5019 aut
1075 4963 1374 5034 insculptas
1405 4963 1814 5032 prazferrem,et
1849 4965 2045 5020 merito

469 5059 674 5114 idcirco
705 5066 1031 5112 vocarentur
1070 5057 1189 5126 ιερὰ
1213 5054 1582 5125 περιάμματα
1607 5072 1761 5108 sacra
1786 5056 2044 5110 amuleta.

468 5151 728 5205 Putamus
757 5159 938 5204 autem
964 5149 1138 5210 illum,
1156 5148 1315 5218 cujus
1337 5146 1752 5202 Cantacuzenus
1775 5149 2045 5212 meminit,

469 5243 831 5298 Romanorum
895 5257 1091 5294 morem
1135 5239 1424 5309 Ῥωμαίων
1473 5238 1594 5300 ἔθος
1645 5254 1752 5292 non
1789 5239 1853 5293 ad
1888 5248 2045 5309 pacta

471 5334 738 5406 nuptialia
797 5334 1015 5403 proprie
1061 5331 1394 5398 restrictum,
1452 5331 1548 5386 sed
1601 5331 1666 5384 all
1720 5346 1882 5385 omne
1939 5332 2046 5385 late

472 5429 803 5500 pertinuisse
830 5427 1258 5482 conventionem
1299 5439 1493 5493 genus,
1521 5424 1593 5478 ita
1629 5432 1685 5478 ut
1715 5439 1777 5477 ex
1815 5437 2049 5478 consue-

475 5521 662 5575 tudine
693 5517 1450 5589 Constantinopolitanorum,
1474 5516 1785 5587 quicunque
1828 5516 2049 5586 quidvis

474 5615 706 5670 invicem
741 5613 1128 5682 promitterent
1184 5626 1249 5665 ac
1301 5610 1716 5679 stipulareutur,
1788 5621 1952 5660 manu
1982 5605 2049 5660 ad

475 5722 670 5777 pectus
728 5708 944 5760 admota
995 5714 1048 5760 et
1103 5703 1378 5759 reverenti
1433 5710 1640 5755 attactu
1693 5697 2051 5768 pendentium

479 5802 588 5857 illic
622 5814 899 5856 sacrorum
929 5797 1291 5856 amuletorum
1314 5793 1544 5868 polliciti
1565 5793 1730 5850 ﬁdem
1762 5791 2046 5860 facerent;

2145 4597 2199 4651 lii
2221 4597 2374 4666 ὅρκοι
2399 4592 2695 4664 φρικώδεις
2717 4591 2959 4662 adjuncti
2980 4589 3284 4661 ἔμπεδὼσει
3300 4590 3368 4643 δι’
3385 4587 3702 4657 ἔγκολπίων,

2144 4703 2257 4743 non
2281 4687 2393 4758 jam
2432 4685 2499 4740 ad
2554 4684 2831 4755 sponsalia
2868 4683 3154 4749 ﬁrmanda,
3190 4683 3300 4738 sed
3338 4682 3404 4736 ad
3429 4677 3704 4737 delationis

2145 4785 2416 4839 sinceram
2471 4780 2754 4835 veritatem
2819 4777 3277 4849 persuadendam.
3317 4775 3561 4843 Denique
3617 4771 3704 4826 ob.

2145 4883 2326 4928 servet
2355 4873 2597 4944 prudens
2629 4873 2801 4926 lector
2830 4871 3143 4926 evidentem
3177 4877 3232 4922 et
3285 4865 3703 4937 irrefragabilem

2147 4965 2368 5026 horum,
2393 4979 2514 5032 qua:
2547 4961 2679 5024 dixi,
2711 4961 3184 5017 conﬁrmationem
3216 4973 3277 5012 ex
3304 4956 3423 5025 ipso
3447 4955 3552 5009 loci
3579 4968 3704 5007 con-

2149 5065 2343 5126 spectu
2391 5055 2569 5124 palam
2605 5061 2935 5107 exstantem.
2987 5049 3242 5105 Refertur
3306 5047 3358 5100 in
3421 5046 3516 5100 illo
3551 5046 3705 5100 citato

2150 5148 2395 5204 historias
2429 5143 2800 5202 Cantacuzeni
2857 5144 3036 5214 capite
3071 5141 3405 5211 colloquium
3458 5151 3705 5194 arcanum

2150 5239 2469 5310 Apocauchi
2528 5253 2654 5293 cutn
2721 5237 3073 5307 patriarcha:
3138 5234 3283 5288 inter
3336 5231 3388 5286 id
3441 5231 3534 5286 ille
3590 5229 3706 5284 huic

2153 5333 2275 5387 ﬁliai
2310 5329 2545 5401 propria:
2575 5343 2701 5384 cum
2729 5329 2848 5398 ejus
2879 5327 2989 5382 ﬁlio
3040 5326 3258 5395 nuptias
3283 5323 3522 5378 obtulit:
3552 5317 3707 5390 patri-

2152 5425 2321 5480 archa
2375 5424 2717 5485 admittente,
2768 5429 2988 5491 pactum
3049 5419 3117 5474 ab
3180 5427 3412 5484 utroque
3470 5423 3704 5468 mutuum

2151 5517 2222 5571 δι’
2253 5515 2558 5584 ἐγκολπίων
2620 5515 2894 5568 ﬁrmatum
2953 5521 3037 5566 est
3068 5526 3096 5563 a
3147 5509 3364 5564 duobus
3389 5505 3626 5576 panibus
3647 5501 3706 5553 de

2153 5610 2451 5664 liberorum
2483 5607 2818 5677 conjugioin
2856 5607 3052 5660 horum
3086 5601 3336 5658 absentia
3372 5593 3708 5668 transigenti-

2156 5701 2259 5756 bus
2316 5700 2438 5770 jure
2469 5706 2722 5770 paterno.
2775 5696 2949 5763 Quem
2981 5696 3074 5752 hic
3108 5707 3238 5763 ergo
3287 5692 3466 5746 locum
3521 5688 3705 5744 habere

2158 5797 2346 5863 potest
2390 5788 2681 5846 arrbarum
2742 5786 3070 5860 uuptialiutn
3125 5792 3221 5840 aut
3265 5781 3500 5854 pronubi
3531 5773 3707 5835 annuli
