3992 6526
285 360 418 423 1017
1644 357 1861 419 GLOSE

1938 359 2153 423 RIUM.
3377 357 3514 422 1018

277 468 518 531 traditio,
547 481 708 537 quam
745 465 833 521 hic
869 466 1138 537 interpres
1166 466 1462 537 cOgitavit?
1489 466 1599 523 Sed
1646 467 1711 521 de
1758 467 1845 523 his

1948 470 2201 537 expedito
2228 482 2329 527 est.
2349 472 2508 527 Forte
2537 472 2713 526 εἰσιτά
2733 472 2935 529 dictum
2958 480 3015 527 ut
3033 468 3269 540 προσιτά
3302 483 3333 523 a
3366 480 3516 523 recte

280 560 403 629 plus
434 558 588 612 satis.

1959 560 2216 629 προσιτὸν
2251 564 2565 628 accessibile,
2590 574 2649 618 ut
2693 565 2895 617 εἰσιτὸν
2935 562 3201 634 signiticet
3226 561 3517 614 introuuci-

352 649 419 721 [P
442 647 568 720 380]
603 647 825 717 Ειρκτὴ
861 648 1055 715 λήθης
1085 664 1141 718 p.
1176 647 1302 702 9.57.
1350 649 1466 704 Non
1507 649 1693 704 dubito
1719 649 1849 719 quin
1958 650 2080 716 bile,
2100 652 2255 708 utsic
2275 653 2569 716 dicam.vel
2602 656 2860 708 introduci
2887 656 3101 725 dignum
3122 693 3136 719 ,
3158 651 3312 722 quasi
3336 653 3521 706 dicere

285 745 399 797 haec
428 743 675 798 scribens
697 742 951 797 habuerit
978 743 1032 795 in
1067 744 1249 797 animo
1272 742 1629 813 Pachymeres
1652 744 1851 796 f’roco-
1959 742 2178 805 vellent,
2217 747 2550 812 quzestiones
2584 761 2703 813 quae
2732 762 2761 799 a
2797 744 2971 800 Vccco
3006 752 3375 798 mererentur.
3409 758 3521 795 non

282 834 358 903 pii
388 833 567 887 locum
596 833 631 885 l.
664 850 679 887 ι
715 832 789 887 De
845 833 976 886 bello
1010 833 1224 901 Persico
1257 848 1306 887 c.
1352 834 1403 896 5,
1432 833 1521 886 ubi
1556 832 1624 886 de
1668 832 1847 885 Persis
1957 846 2079 885 esse
2100 832 2424 903 dignas'qun:
2445 836 2925 889 introduccrcntur
2946 835 3000 889 in
3028 834 3247 889 domum
3274 834 3389 893 Det.
3418 833 3521 888 hoc

285 926 717 978 deliberantibus
745 925 876 993 quid
906 926 971 979 de
1000 941 1123 994 rege
1155 925 1373 978 Cabade
1424 923 1642 977 redacto
1678 924 1730 976 in
1762 937 1850 976 or-
1957 932 2039 976 est
2093 925 2396 979 ecclesiam.
2460 928 2539 979 An
2607 928 2786 995 potius
2832 926 3268 981 existimabimus
3338 926 3520 978 εἰσιτὰ

289 1018 475 1072 dinem
510 1018 897 1079 decernerent,
934 1027 1123 1071 auctor
1153 1017 1270 1071 ait:
1310 1017 1370 1069 Οἱ
1406 1015 1462 1067 δὲ
1496 1017 1701 1068 κτεῖναι
1761 1012 1853 1064 ἄν·

1958 1015 2195 1084 positum
2233 1033 2330 1088 pro
2382 1019 2611 1083 είσιτέα,
2673 1034 2740 1074 eo
2798 1034 2964 1074 sensu
3006 1030 3064 1073 ut
3102 1033 3299 1088 negare
3352 1017 3521 1071 velint

282 1110 386 1179 δρα
416 1108 692 1177 βασιλείου
718 1110 948 1177 αἵματος
979 1106 1492 1176 οὐδ’ἐγνωσαν,ἀ).λ⁹
1528 1107 1583 1157 ὲν
1610 1103 1851 1175 φρουρίῳ

1959 1107 2355 1164 introducenda
2396 1109 2507 1165 haec
2534 1110 2708 1165 fuisse
2740 1112 2792 1165 in
2817 1110 3140 1177 Ecclesiam,
3172 1110 3371 1181 quippe
3398 1124 3518 1179 Quas

280 1202 569 1271 καθεῖρξαι
598 1242 612 1266 ,
638 1201 775 1268 ὅπερ
810 1201 906 1268 τῆς
951 1186 1129 1269 λήθης
1152 1197 1340 1251 καλεῖν
1390 1195 1761 1265 νενομίκασιν·
1784 1189 1852 1265 ἦν

1107 1186 1129 1262 ςν
1152 1197 1340 1251 καλεῖν
1390 1189 1852 1265 νενομίκασινσῆν
1958 1196 2075 1262 ejus
2112 1198 2350 1264 quietem
2384 1201 2683 1257 turbarent.

277 1294 390 1363 γάρ
425 1310 511 1357 τις
554 1292 786 1346 ἔνταῦὒα
808 1291 1101 1362 ἐμϐληθεὶς
1123 1291 1261 1362 τύχῃ
1284 1291 1382 1342 οὐκ
1407 1288 1485 1340 ἔτι
1502 1288 1667 1355 νόμος
1700 1284 1851 1354 σφίσι

2032 1290 2365 1357 Ἔκκλητον
2392 1308 2445 1361 p.
2495 1292 2620 1347 575.
2650 1293 2749 1347 Hic
2803 1293 3089 1347 manifeste
3140 1292 3202 1346 τὸ
3259 1290 3521 1361 ἔκκλητον

282 1384 512 1451 μνήμην
563 1381 731 1434 αὐτοῦ
781 1376 940 1443 εἶναι.
969 1381 1103 1437 ἀλλὰ
1134 1380 1361 1441 Θάνατος
1418 1378 1496 1449 τῷ
1545 1375 1851 1447 ὠνομακότι

1959 1389 2117 1434 sonat
2133 1382 2225 1450 jus
2252 1385 2659 1451 provocationis.
2691 1386 2947 1457 Alioquin
3006 1387 3187 1440 inanis
3218 1395 3363 1439 esset
3399 1398 3522 1452 qua:

280 1478 316 1543 ἠ
369 1474 564 1544 ζημία.
590 1472 681 1526 an
712 1474 805 1527 καὶ
835 1473 934 1544 τὴν
956 1471 1274 1541 ἐπωνυμίαν
1300 1470 1505 1541 ταύτην
1533 1468 1668 1539 πρὸς
1711 1469 1855 1537 Περ-

1958 1470 2183 1527 al‘l‘ertur
2216 1476 2355 1529 ratio
2393 1477 2459 1531 ad
2494 1476 2652 1548 557
2676 1477 2989 1532 leniendum
3033 1475 3098 1547 [P
3131 1473 3259 1546 381]
3298 1489 3524 1530 conces-

288 1569 399 1620 σῶν
428 1568 637 1637 ἔλαχεν.
667 1567 781 1620 Hoc
804 1576 887 1620 est
916 1581 979 1619 ex
1005 1566 1300 1620 novissima
1328 1565 1531 1632 Optima
1566 1560 1851 1615 versione:
1959 1565 2128 1618 sionis
2159 1566 2320 1634 hujus
2375 1568 2800 1623 incommodum.
2853 1567 3059 1638 Nempe
3087 1568 3229 1637 quod
3269 1567 3372 1621 tale
3401 1566 3516 1636 jus,

284 1659 618 1712 Abhorruere
674 1656 834 1729 556
893 1670 1071 1711 tamen
1130 1672 1309 1711 eorum
1355 1654 1521 1708 animi
1589 1653 1652 1706 ab
1691 1652 1854 1722 e/fun-
1962 1656 2088 1711 licet
2126 1673 2153 1710 a
2204 1656 2407 1714 Graecis
2452 1676 2790 1721 concessum.
2866 1661 3283 1728 haudquaquam
3344 1666 3524 1711 tamen

287 1750 456 1803 dendo
484 1750 627 1818 regio
659 1752 938 1817 sanguine,
977 1748 1207 1818 satisque
1239 1747 1529 1801 [rubuerunt
1583 1758 1853 1798 asservare
1960 1748 2310 1819 redigendum
2342 1752 2392 1804 in
2418 1752 2625 1821 praxim
2656 1752 2970 1806 videretur:
3002 1752 3217 1805 nemine
3252 1748 3525 1804 verisimi-

287 1840 555 1893 Cabadem
600 1840 653 1892 in
693 1840 909 1892 castello
965 1839 1260 1903 oblivionis,
1302 1839 1378 1891 ita
1417 1836 1556 1890 dicto
1609 1852 1672 1889 ea:
1727 1835 1852 1903 lege,
1888 1827 1929 1881 Β
1959 1838 2084 1893 liter
2108 1851 2368 1897 curaturo
2408 1843 2663 1897 conferre
2691 1858 2749 1896 se
2792 1842 3259 1911 Constantinopoli
3296 1841 3525 1895 Romam

285 1950 406 2003 qua:
436 1934 500 1988 de
532 1950 590 1987 eo
625 1936 712 2003 qui
742 1935 900 2004 fuerit
956 1933 1081 1986 illuc
1127 1932 1392 2001 conjectus
1424 1929 1730 1983 mentionem
1759 1943 1859 1980 una
1960 1931 2234 1987 laborioso
2275 1944 2332 1988 et
2379 1933 2690 2004 periculoso
2744 1944 2821 1988 tot
2867 1934 3096 1987 marium
3157 1933 3408 2000 trajectu.
3459 1931 3528 1987 ad

286 2041 448 2088 ααηηι
483 2024 599 2093 ﬁeri
643 2034 801 2087 ῑέιαι,
842 2040 991 2084 Imma
1023 2025 1181 2077 etiam
1227 2021 1443 2090 capitali
1490 2021 1554 2072 iis
1591 2017 1856 2086 proposita
1960 2021 2105 2076 litem
2135 2039 2287 2077 suam
2315 2027 2698 2093 provocatione
2730 2028 2853 2081 illuc.
2882 2024 3197 2078 translatam
3231 2024 3300 2077 ibi
3346 2036 3530 2093 perse-

282 2116 379 2183 qui
412 2116 577 2184 ipsius
605 2132 790 2169 nomen
818 2115 1151 2185 protulerint.
1182 2114 1308 2178 Qua:
1326 2129 1485 2166 causa
1506 2111 1604 2182 [uit
1622 2108 1859 2177 appella-
1962 2117 2260 2185 quendam,
2300 2116 2396 2173 Εει
2417 2134 2545 2189 ergo
2573 2120 2691 2174 sine
2718 2119 2883 2173 δυωο
2913 2117 2971 2170 τὸ
2994 2116 3277 2186 ἔκκλητον,
3297 2116 3388 2184 jus
3407 2129 3531 2184 ρω.

289 2207 450 2259 tionis
480 2208 761 2272 eiusmodi.
791 2206 958 2262 Vides
993 2208 1048 2260 in
1078 2206 1185 2271 his,
1220 2214 1278 2260 ut
1312 2220 1450 2269 rem,
1509 2203 1588 2259 sic
1616 2200 1859 2272 appella-

1960 2192 2261 2263 vocationis
2281 2210 2529 2280 ajudicio
2560 2211 2882 2280 patriarcha:
2930 2206 3528 2277 Constantinopolitani

290 2299 497 2352 tionem
526 2299 750 2368 εἱρκτῆς
777 2299 950 2368 λήθης
986 2313 1052 2353 ex
1077 2296 1302 2352 Perside
1333 2295 1570 2351 venisse.
1605 2294 1669 2369 Et
1693 2291 1859 2346 fuisse

1960 2305 2013 2351 et
2048 2298 2274 2353 aliorum
2322 2298 2675 2355 Orientalium
2726 2302 2793 2355 ad
2842 2299 3151 2370 pontificem
3180 2298 3528 2363 Romanum;

294 2390 370 2443 ibi
410 2389 624 2443 videtur
664 2396 809 2443 certa
840 2389 1107 2453 custodia,
1147 2388 1199 2441 in
1232 2402 1392 2457 quam
1424 2384 1517 2455 qui
1576 2383 1857 2447 darentur,

1962 2390 2118 2458 cujus
2145 2391 2285 2461 juris
2318 2394 2524 2463 agnitio
2544 2394 2923 2462 professioque
2949 2409 3115 2447 unum
3150 2400 3265 2447 erat
3287 2406 3319 2447 e
3358 2390 3532 2444 tribus

297 2483 367 2536 de
398 2482 464 2535 iis
515 2482 849 2536 mentionem
907 2480 1108 2535 deinde
1170 2478 1375 2533 inferre
1422 2477 1587 2530 ullam
1630 2472 1861 2543 capitale
1962 2484 2255 2555 pmcipuis
2287 2486 2558 2555 capitibus
2590 2500 2709 2557 qua,
2735 2486 2800 2541 ad
2863 2486 3217 2541 ecclesiarum
3277 2482 3531 2539 εοηείιίε.

291 2574 460 2630 foret.
490 2573 609 2626 Pari
642 2573 888 2641 exemplo
921 2571 1216 2641 imperator
1247 2569 1474 2625 Michael
1505 2567 1859 2636 Palaeologus,
1964 2575 2168 2631 nonem
2218 2591 2247 2630 ε
2300 2574 2506 2633 Graecis
2574 2579 2959 2650 exigebantur.
2998 2576 3070 2630 Ea
3101 2576 3277 2647 capita
3309 2575 3395 2629 his
3433 2574 3534 2629 ιι-ί..

293 2664 413 2734 qui,
439 2663 565 2716 dum
593 2670 737 2717 esset
764 2662 1027 2732 privatus,
1053 2661 1104 2715 in
1127 2659 1345 2714 Perside
1373 2659 1567 2721 fuerat,
1592 2664 1650 2709 ut
1668 2654 1862 2709 Noster

1964 2668 2066 2722 bus
2097 2667 2275 2720 verbis
2328 2668 2756 2739 designabantur
2784 2667 2880 2725 ετδ
2915 2670 3200 2739 πρωτεῖον,
3236 2666 3296 2720 τὸ
3319 2664 3532 2736 μνημό-

292 2756 456 2811 docet
487 2756 522 2811 l.
551 2772 592 2817 ι.
624 2755 839 2809 videtur
871 2754 1177 2808 imitatione
1207 2767 1336 2805 usus
1381 2765 1540 2820 quem
1576 2748 1648 2804 ibi
1681 2747 1861 2802 visum

1967 2776 2144 2820 συνον,
2169 2760 2229 2811 τὸ
2255 2758 2845 2827 ἐκκλητον.Ῥι·ἰΠ13ιιιε
2874 2775 3049 2829 papae,
3098 2759 3345 2828 ejusdem
3390 2756 3533 2811 inter

291 2848 643 2918 probaverat,
697 2845 999 2902 instituisse
1045 2853 1105 2899 ut
1149 2858 1290 2913 quos
1320 2840 1580 2896 Nicaeensi
1644 2838 1860 2894 cuidam
1964 2864 2118 2905 sacra
2152 2850 2363 2917 publica
2389 2851 2861 2914 commemoratio,
2902 2861 3178 2921 postremo
3220 2850 3310 2919 jus
3348 2845 3534 2917 appel-

294 2938 504 2995 carceri
539 2937 936 3008 mancipasset,
968 2936 1022 2989 in
1056 2943 1380 3005 perpetuum
1411 2932 1482 2986 ibi
1519 2940 1861 2995 tenerentur,
1964 2934 2187 2990 lationis
2204 2936 2269 2991 ad
2296 2938 2547 2995 eumdem
2576 2954 2605 2994 a
2635 2939 2921 3003 sententiis
2951 2938 3286 3009 synodorum
3315 2945 3407 2991 aut
3434 2952 3535 3007 pa-

294 3047 402 3086 nec
429 3032 722 3101 quisquam
776 3044 934 3083 orare
985 3043 1084 3096 pro
1137 3027 1205 3081 iis
1236 3037 1331 3081 aut
1359 3025 1585 3080 omnino
1614 3031 1863 3094 satagere
1967 3029 2357 3083 triarcharum.

294 3125 381 3178 vel
440 3122 721 3177 mentione
776 3131 939 3177 tenus
993 3118 1244 3174 auderet.
1298 3119 1450 3172 Hanc
1501 3115 1860 3171 imitationem

298 3218 308 3227 .
439 3216 473 3227 ._
606 3214 634 3227 ,.
716 3214 726 3227 .
822 3212 834 3225 .
1046 3212 1077 3227 ..
1127 3212 1139 3224 .
1218 3211 1232 3227 .
1326 3206 1828 3227 ,χρημυεωη

2043 3120 2525 3227 Ἑλλησποντίας
2562 3138 2620 3194 p.
2653 3122 2779 3179 396.
2809 3122 2970 3179 Venti
3011 3137 3235 3189 nomen,
3269 3130 3331 3177 ut
3356 3121 3534 3193 ἀπαρο

298 3216 480 3271 innuit
501 3214 763 3286 particula
792 3212 1173 3268 similitudinis
1204 3211 1301 3274 ὡς,
1325 3209 1579 3266 indicans
1616 3206 1861 3262 Niemen-
1892 3206 1935 3227 ν
1968 3208 2149 3271 κτίσις.
2182 3210 2397 3267 Ventus
2430 3212 2726 3268 vehemens
2752 3212 2889 3269 ﬂans
2923 3212 2990 3270 ab
3019 3212 3392 3283 Hellesponto.

296 3324 414 3363 sem
441 3290 744 3363 custodiam
801 3302 1103 3376 Palaeologo
1149 3303 1315 3359 fuisse
1353 3318 1452 3374 pro
1488 3317 1613 3358 arce
1653 3310 1746 3357 aut
1779 3316 1870 3355 ca-

2051 3300 2472 3371 Ἐναιθριάζειν
2521 3319 2577 3375 p.
2634 3304 2761 3363 405.
2816 3304 2932 3359 Non
2985 3314 3070 3359 est
3118 3304 3206 3359 hic
3254 3302 3530 3375 ἐναιοριά-

296 3400 654 3469 steilo.quam
674 3397 1127 3454 Persaevocabant
1152 3396 1371 3452 nomine
1400 3393 1758 3466 :equivalente
1776 3392 1866 3453 bis
1966 3392 2079 3459 ζειν
2123 3394 2216 3447 sub
2264 3394 2350 3447 dio
2372 3410 2522 3449 esse:
2562 3411 2774 3449 summa
2834 3396 2979 3457 enim
3035 3404 3245 3458 astate,
3302 3404 3361 3449 ut
3404 3405 3531 3449 tunc

294 3492 500 3549 Graecis
518 3491 747 3548 vocibus
774 3489 1034 3563 φρούριον
1054 3489 1241 3559 λήθης.
1264 3488 1395 3543 Nam
1415 3504 1523 3542 non
1545 3496 1629 3542 est
1643 3487 1867 3542 audien-
1965 3496 2103 3549 erat,
2139 3486 2443 3541 meridiano
2466 3489 2579 3542 sole
2609 3488 2877 3551 fervente,
2914 3488 3055 3542 haud
3082 3498 3229 3542 esset
3267 3487 3358 3541 illa
3381 3502 3533 3541 com-

301 3584 405 3637 dus
430 3580 859 3651 Christophorus
882 3579 1143 3637 Persona.
1171 3579 1385 3633 dumibi
1410 3579 1667 3649 φρούριον
1692 3577 1865 3650 λήθης
1969 3580 2126 3635 moda
2156 3580 2340 3633 statio.
2391 3579 2809 3650 Intelligendum
2859 3594 2988 3651 ergo
3037 3580 3423 3648 imperatorem
3468 3578 3537 3633 ad

302 3674 491 3727 Latine
523 3672 1011 3727 redditcustodiam
1050 3687 1167 3743 qua:
1200 3669 1347 3725 lethe
1376 3670 1684 3738 vocabatur,
1709 3671 1865 3741 quasi
1966 3687 2154 3728 auram
2191 3686 2221 3726 e
2254 3671 2669 3742 septentrionali
2711 3671 2853 3726 forte
2884 3680 3107 3740 patente
3141 3672 3378 3725 fenestra
3403 3668 3539 3723 flan-

300 3766 442 3834 λήθη
478 3765 610 3817 let/te
637 3762 934 3827 Persicum,
963 3777 1074 3819 non
1112 3761 1360 3817 Graecum
1391 3761 1715 3818 vocabulum
1772 3761 1862 3819 sit.
1966 3773 2075 3820 tem
2108 3765 2278 3835 frigus
2298 3774 2569 3834 captasse.
2595 3763 2703 3818 Aut
2736 3764 2777 3819 si
2808 3763 3014 3833 frigore
3044 3762 3189 3817 aeris
3222 3778 3453 3817 camerae
3484 3761 3536 3815 vi

301 3853 453 3910 Haud
480 3854 640 3920 paulo
663 3852 978 3922 prudentius
994 3852 1219 3906 ultimus
1239 3862 1497 3920 tempore,
1521 3866 1629 3905 non
1649 3851 1864 3916 merito,
1968 3873 1998 3912 a
2014 3857 2133 3912 cceli
2158 3856 2351 3912 ardore
2371 3854 2583 3911 defensi
2606 3854 2806 3910 clausis
2826 3853 3083 3909 fenestris
3106 3853 3381 3914 utebatur.
3401 3854 3543 3906 ἐναι-

302 3946 579 4017 interpres
610 3943 858 4014 Procopii
883 3942 1433 4000 CiaudiusMaltretus
1460 3953 1648 4000 noster
1700 3941 1869 4015 φρού-
1968 3949 2214 4019 Θριάζειν
2270 3962 2369 4017 pro
2431 3946 2734 4018 refrigerari
2781 3942 3282 4017 positura-luerit;
3343 3959 3409 3999 ex
3472 3960 3539 3999 eo

301 4058 416 4112 ριον
449 4040 621 4108 λήθης
652 4037 923 4091 castellum
980 4036 1253 4092 oblivionis
1287 4036 1479 4091 Latine
1514 4036 1775 4093 reddidit.
1806 4035 1863 4091 ln
1966 4040 2111 4112 quod
2142 4040 2458 4109 plerumque
2494 4037 2607 4101 fiat,
2653 4046 2713 4092 ut
2743 4053 2866 4107 qua:
2902 4036 3004 4091 sub
3029 4036 3171 4091 cmlo
3223 4043 3415 4106 aperto
3449 4034 3538 4104 ja-

301 4151 409 4204 quo
444 4133 613 4187 videri
643 4131 815 4202 possit
845 4130 895 4186 ei
925 4146 1055 4186 casu
1086 4131 1319 4201 quodam
1355 4130 1629 4201 pracivisse
1658 4129 1870 4201 Pachy-
1968 4140 2097 4187 cent
2122 4130 2531 4203 refrigerentur,
2571 4129 2832 4184 translato
2866 4144 2933 4184 eo
2953 4128 3121 4183 verbo
3156 4127 3321 4181 etiam
3352 4126 3421 4181 ad
3456 4141 3542 4179 re-

302 4242 505 4288 meres,
530 4228 658 4279 dum
692 4224 731 4279 l.
765 4240 838 4287 ιν,
873 4222 939 4277 de
965 4225 1074 4278 isto
1132 4222 1326 4277 eodem
1367 4237 1536 4294 agens
1572 4222 1868 4294 ergastulo,
1974 4220 2379 4293 frigerationem
2411 4235 2534 4290 qua:
2566 4219 2726 4275 aliter
2754 4219 2956 4276 evenit.
2981 4218 3046 4273 L.
3074 4233 3151 4283 vr,
3185 4232 3235 4272 c.
3257 4215 3347 4281 29,
3384 4232 3545 4271 men-

301 4320 356 4373 in
390 4318 537 4389 quod
586 4331 651 4371 ea
706 4314 1024 4370 conditione
1077 4314 1363 4370 subibatur
1413 4322 1473 4368 ut
1527 4313 1679 4369 nefas
1725 4322 1870 4370 esset

1972 4315 2050 4370 tio
2085 4313 2147 4369 fit
2203 4312 2393 4376 ὓδατος
2424 4311 2905 4383 ἰξαιθριαζομένου
2954 4326 3106 4381 aqua:
3143 4309 3239 4364 sub
3272 4310 3358 4362 dio
3392 4308 3546 4376 refri-

301 4411 433 4464 illuc
491 4408 661 4464 semel
711 4406 1146 4464 introductorum
1213 4406 1548 4471 meminisse,
1591 4406 1720 4461 illud
1766 4408 1869 4462 κά·
1972 4414 2212 4476 geratur,-
2240 4403 2409 4474 quod,
2438 4404 2540 4458 etsi
2560 4413 2689 4457 tunc.
2722 4418 2937 4473 quoque
2967 4412 3129 4458 aestas
3153 4410 3291 4465 erat,
3329 4400 3548 4455 facilius

304 4518 467 4573 στρον
493 4510 724 4555 castrum
754 4500 869 4554 sive
898 4498 1172 4552 castellum
1206 4497 1675 4567 ἁντονομαστικῶς
1695 4504 1880 4570 appel-

1988 4497 2310 4568 intelligitur
2336 4511 2433 4565 per
2456 4504 2670 4551 noctem
2701 4494 2929 4551 factum.
2959 4496 3029 4548 At
3062 4495 3168 4550 hoc
3191 4495 3309 4548 loco
3343 4493 3547 4548 diserta

303 4596 397 4649 lat.
439 4594 575 4647 Cum
627 4592 769 4646 enim
804 4592 871 4647 de
925 4590 1205 4643 Barlaamo
1230 4589 1485 4658 quodam,
1523 4590 1749 4660 inquieti
1804 4610 1870 4651 ac
1976 4590 2036 4644 fit
2082 4589 2189 4644 diei
2235 4589 2465 4654 mentio,
2502 4603 2627 4643 cum
2678 4586 3057 4657 designatione
3118 4585 3268 4639 hora:
3305 4582 3544 4653 pomeri-

210 4760 213 4761 ν
303 4686 543 4756 suspecti
586 4686 790 4755 ingenii
831 4684 1077 4747 homine,
1114 4682 1393 4739 retulisset
1420 4683 1732 4740 decrevisse
1765 4687 1871 4741 im-
1976 4682 2174 4737 dianae.

302 4790 610 4855 peratorem
643 4778 879 4833 eximere
919 4776 1020 4831 sibi
1056 4774 1221 4831 semel
1255 4790 1473 4830 omnem
1503 4774 1557 4828 in
1588 4786 1869 4846 posterum
2058 4772 2335 4842 Ἐνδυτή,
2384 4790 2440 4845 p.
2476 4770 2602 4829 385.
2661 4770 2827 4826 Recte
2857 4768 3129 4825 Meursius
3175 4768 3335 4823 docet
3391 4762 3545 4817 ὲνδυο

300 4851 369 4924 de
404 4870 495 4923 illo
544 4877 745 4923 metum
782 4882 843 4921 ac
873 4866 1314 4929 sollicitudinem,
1337 4882 1444 4933 quo
1506 4867 1559 4920 id
1617 4882 1877 4939 asseque-
1974 4860 2077 4928 τήν
2106 4874 2228 4916 esse
2260 4875 2575 4931 supremum
2617 4874 2782 4913 sacrae
2823 4873 3025 4915 mensae
3059 4858 3370 4910 instratum.
3423 4851 3546 4906 Pri-

304 4971 476 5020 retur,
511 4961 585 5014 ait
614 4960 941 5030 praecepisse
965 4958 1183 5013 cuidam
1211 4974 1241 5013 e
1276 4957 1379 5012 sibi
1417 4959 1693 5015 fidissimis
1747 4976 1874 5016 eum
1977 4966 2127 5004 mum
2171 4950 2317 5005 enim
2379 4951 2784 5007 inslerncbalur
2811 4964 2919 5005 ara!
2950 4946 3094 5017 quod
3146 4945 3346 5001 dicitur
3393 4944 3550 4995 ἀντι-
3638 5000 3641 5001 ν

306 5052 540 5109 Nicaeam
568 5052 856 5113 abducere,
893 5065 956 5104 ac
983 5050 1053 5105 ibi
1088 5049 1199 5120 πρὸ
1216 5049 1309 5103 τοῦ
1345 5052 1422 5113 εἰς
1447 5050 1685 5121 κάπρον
1722 5052 1875 5104 stoc.-

1980 5040 2208 5109 μίνσιον.
2270 5056 2424 5095 sacra
2468 5055 2703 5110 mappa,
2765 5047 2897 5095 tunc
2947 5046 3155 5092 tantum
3233 5033 3547 5089 necessario

302 5146 499 5211 γαγεῖν
533 5142 794 5211 στερῆσαι
829 5142 939 5194 τῶν
986 5140 1303 5210 ὀφθαλμῶν,
1358 5141 1669 5211 priusquam
1700 5140 1754 5194 in
1785 5158 1877 5195 ca»

1978 5130 2304 5199 imponenda
2350 5129 2529 5197 altari,
2585 5128 2803 5198 quando
2857 5142 2969 5182 non
3000 5127 3284 5182 constabat
3317 5140 3385 5179 an
3412 5123 3547 5178 illud

193 5285 204 5294 .
300 5236 514 5291 stcllum
534 5235 906 5297 introduceret,
947 5232 1112 5286 oculis
1152 5232 1381 5303 privare.
1979 5222 2170 5277 fuisset
2201 5231 2603 5277 consecratum.
2637 5222 2809 5290 Supra
2844 5220 2997 5281 illud,
3028 5227 3123 5273 aut
3150 5233 3312 5287 supra
3345 5215 3547 5269 nudam

372 5324 585 5379 Εὶσιτὰ
619 5340 673 5393 p.
712 5324 836 5379 478.
878 5322 1041 5377 Multa
1084 5333 1199 5379 tcto
1252 5324 1358 5378 hoc
1396 5331 1665 5378 commate
1709 5323 1876 5395 ἀνάρ-
1976 5329 2128 5369 aram
2178 5323 2329 5368 certo
2382 5322 2682 5376 sacratam,
2730 5312 3122 5367 extendebatur
3178 5310 3230 5363 in
3274 5322 3552 5378 prazpara-

302 5433 443 5484 τητα
475 5424 532 5469 et
565 5414 801 5470 invicem
832 5414 1137 5469 iuconnexa
1195 5422 1491 5483 ponuntur.
1543 5412 1875 5482 Exprimnn-
1978 5405 2130 5459 tione
2176 5405 2429 5461 sacriﬁcii
2480 5405 2731 5464 linteum.
2778 5403 2923 5473 Quod
2966 5401 3315 5472 appellabant
3381 5398 3553 5452 κατά-

307 5514 395 5558 tur
424 5504 568 5557 enim
604 5504 854 5573 carptim,
888 5504 1017 5557 solis
1045 5504 1211 5558 initiis
1242 5504 1637 5559 sententiarum
1668 5504 1874 5558 deliba-
1981 5515 2182 5571 σαρκα,
2212 5515 2374 5570 supra
2413 5500 2557 5569 quod
2607 5500 2857 5554 videlicet
2906 5499 3128 5569 ἀμέσως
3181 5511 3383 5566 corpus
3432 5495 3552 5550 sivo

307 5595 396 5659 tis,
432 5609 550 5664 qua:
578 5594 777 5659 Grzcci,
807 5610 995 5665 pacem
1024 5611 1148 5650 cum
1183 5594 1393 5650 Latinis
1424 5595 1569 5651 haud
1600 5610 1662 5648 ex
1694 5595 1876 5650 animo
1979 5608 2109 5647 caro
2148 5590 2363 5648 Domini
2409 5593 2465 5647 in
2510 5592 2856 5662 ,eucharistia
2898 5602 3020 5662 post
3073 5588 3550 5646 consecrationem

307 5685 620 5751 probantes,
655 5686 710 5741 in
735 5686 957 5756 scriptis
988 5687 1145 5744 Vecci
1178 5687 1675 5756 reprehendebant.
1725 5686 1871 5753 Quid
1986 5670 2227 5754 praesens
2277 5685 2673 5740 reclinabatur.
2728 5682 2782 5737 ld
2828 5684 3007 5739 velum
3054 5682 3324 5751 corporale
3371 5675 3550 5733 Latmi

302 5784 489 5832 autem
525 5777 613 5833 hic
644 5786 799 5834 sonet
829 5786 921 5832 aut
980 5777 1109 5847 quid
1165 5778 1235 5835 sit
1265 5792 1367 5834 vox
1401 5778 1597 5844 εἰσιτά,
1640 5776 1782 5833 haud
1814 5777 1867 5833 in
1982 5793 2262 5834 vocamus.
2294 5778 2403 5834 Nec
2425 5779 2545 5850 plus
2573 5789 2689 5834 erat
2725 5778 2776 5834 in
2815 5778 2929 5850 ipsa
2960 5777 3239 5835 iunctione
3270 5764 3555 5832 sacriﬁcii.
