3992 6538
518 355 657 423 1019

1410 365 1474 428 Ρ.
1509 366 1811 427 POSSlNl
1857 367 2504 435 OBSEllVATlONUM
2544 378 2691 440 LIB.
2735 379 2783 440 Ι.

3593 389 3610 450 1
3637 389 3709 449 ’ΞΟ

513 474 584 528 At
617 482 740 543 post
799 473 968 544 ipsam
1016 490 1108 530 ara
1161 477 1514 546 operiebatur
1579 490 1757 550 tapete
1826 483 1940 537 sive
1993 485 2542 555 év-Aconfessoris,
2615 491 2705 560 qui
2797 508 2961 562 agens
3034 491 3102 546 de
3176 492 3542 560 ἀντιμινσέοςς,
3614 499 3712 551 tw-

514 563 669 634 δυτῇ,
720 574 901 620 textus
959 567 1278 638 plerumque
1335 572 1636 641 magniﬁci;
1695 575 1837 628 unde
1867 575 1920 628 in
1954 575 2076 630 illos

516 671 648 710 usus
709 659 941 726 pretiosa
992 661 1227 730 stragula
1287 661 1672 736 ollerebantnr,
1727 666 1902 736 qualis
1964 668 2080 722 haec

519 744 622 800 fuit
651 747 838 817 ἑνδυτή
871 750 938 803 ab
973 729 1298 820 imperatore
1329 729 1587 808 Michae’
1621 729 1919 827 Palieologo
1961 759 2077 826 pri-

517 853 664 892 mum
718 855 913 910 magno
981 843 1182 913 templo
1222 845 1280 898 S.
1336 845 1553 916 Sophia:
1603 849 1824 912 donata,
1878 849 2078 904 deinde

517 925 682 982 etiam
707 933 772 984 ad
797 933 1103 998 pontiﬁcem
1137 937 1436 991 Romanum
1477 937 1660 993 missa.
1690 938 1964 994 Credibile
1992 949 2078 995 est

479 1071 484 1076 _
519 1036 584 1075 ex
621 1021 725 1077 isto
760 1033 937 1093 tapete
979 1043 1140 1097 super
1189 1045 1334 1083 aram
1384 1031 1653 1099 explicato
1691 1033 1938 1101 speciose
1983 1049 2080 1102 pe-

516 1114 768 1184 pendisse
804 1117 858 1170 in
893 1118 1121 1173 frontem
1147 1121 1333 1175 altaris
1401 1123 1661 1187 ﬁmbrias,
1697 1124 1949 1177 tuborum
1987 1133 2079 1178 aut

516 1205 766 1260 nolarum
824 1209 907 1263 vel
958 1210 1119 1264 etiam
1184 1214 1446 1267 malorum
1514 1213 1702 1269 formis
1747 1214 2074 1281 distinctas;

519 1296 664 1350 unde
707 1296 1006 1369 Hesychius
1062 1301 1301 1364 ὲνδύταν,
1360 1303 1403 1357 si
1463 1303 1604 1358 forte
1648 1303 1788 1360 idem
1834 1320 1957 1360 cum
1993 1306 2077 1358 ὲν-

519 1385 648 1456 δυτῇ
685 1387 777 1451 sit,
815 1389 1058 1443 αὐλωτὸν
1085 1392 1301 1451 dixerit,
1359 1394 1629 1462 quomodo
1679 1395 1956 1456 αὐλωτοὺς
1990 1415 2079 1464 φι-

521 1477 656 1545 μούς
708 1475 896 1533 Ρυιιιιτ
951 1491 1214 1535 memorat
1279 1483 1372 1537 lib.
1427 1501 1479 1549 χ,
1519 1485 1621 1538 ιιιιί
1647 1486 1714 1540 de
1740 1489 2077 1540 ornamentis

521 1583 805 1638 equorum.
854 1571 1173 1627 ‘Exaloivro
1199 1575 1254 1627 δέ
1287 1593 1454 1638 τινες,
1493 1577 1688 1648 inquit,
1717 1577 1880 1649 558
1905 1580 2078 1632 αὐλω-

519 1660 602 1713 τοὶ
632 1661 786 1731 φιμοὶ
815 1663 902 1717 διὰ
956 1664 1016 1716 τὸ
1057 1663 1312 1727 κώδωνας
1344 1666 1488 1738 ἔχειν
1522 1670 1960 1742 ὲπηρτημένους,
1997 1670 2076 1735 οἷς

520 1753 999 1824 ὲγχρεμετῑζοντες
1061 1759 1218 1813 ⁴ίπτιοι
1277 1757 1411 1832 ἦχον
1469 1761 1683 1815 ἐποίουν
1753 1763 2077 1833 προσόμοιον

2187 570 2312 638 plus;
2347 571 2426 633 δὲ,
2451 575 2650 643 inquit,
2676 575 3015 641 ἐπ’ὲκείναις
3041 579 3149 632 τῶν
3179 580 3460 648 τραπεζῶν
3476 583 3710 648 τίθενται,

2179 657 2244 719 ἃς
2286 661 2611 732 καθιέρωσις
2655 668 2753 737 οὐχ
2800 667 3047 737 ἡγίασεν.
3099 668 3314 738 Proprie
3333 687 3448 723 vero
3469 688 3616 741 super
3638 692 3713 729 eas

2181 766 2363 803 sacras
2391 770 2597 809 "ch808
2624 770 2911 826 ponuntur,
2953 776 3085 828 quas
3133 763 3452 815 consecratio
3483 780 3578 816 non
3607 783 3714 819 san-

2177 841 2448 909 ttiﬁcam’t.
2466 843 2581 898 Non
2614 847 2777 918 igitur
2804 850 3051 904 absolute.
3085 849 3216 904 dicit
3243 849 3509 906 Meursius
3536 852 3593 904 τδ
3630 873 3714 906 κα-

2177 933 2425 1001 τασάρκα
2450 951 2611 1006 supra
2670 939 3008 1009 ἀντιμξνσιον
3048 941 3239 995 sterni.
3306 941 3422 995 Vidi
3458 953 3628 998 autem
3669 962 3715 1001 et

2178 1035 2430 1078 accurate
2469 1027 2726 1095 perpendi
2755 1028 3058 1084 indicatum
3087 1046 3116 1084 a
3147 1030 3322 1086 Goare
3345 1043 3531 1086 contra
3557 1033 3715 1088 Ille-ur-

2178 1114 2316 1168 sinm
2354 1115 2634 1187 Symeonis
2691 1117 3198 1176 Thessalonicensis
3234 1122 3463 1185 'locum,
3521 1123 3606 1192 qui
3650 1125 3715 1178 sic

2179 1204 2366 1267 habet,
2424 1221 2532 1262 arm
2589 1207 2660 1262 ad
2713 1209 3038 1264 sacriﬁcium
3095 1211 3374 1266 instructae
3423 1225 3712 1283 app-iratum

2177 1313 2486 1352 memorans
2517 1315 2530 1351 :
2582 1300 2911 1370 Καταςάρκα
2951 1302 3005 1354 δὲ
3028 1301 3398 1372 τὸλεγόμενον
3429 1305 3603 1369 εὐθὺς,
3637 1309 3715 1359 καὶ

2179 1388 2296 1457 μετ’
2357 1389 2486 1442 αὐτὸ
2520 1391 2928 1462 τριπεζοφὸρον
2980 1393 3262 1463 κέκτηται.
3327 1393 3477 1459 Quod
3526 1409 3716 1451 vocatur

2177 1489 2450 1535 catasarca
2476 1525 2488 1546 ,
2515 1484 2728 1547 statim;
2759 1494 2872 1551 post
2912 1484 3046 1538 illud
3072 1488 3513 1555 trapezophorum
3567 1489 3714 1544 liabet.

2175 1570 2298 1642 Agit
2321 1571 2388 1626 de
2421 1588 2511 1626 ara
2544 1573 2728 1644 utique
2751 1585 3089 1631 consecrata.
3117 1576 3249 1642 Quae
3284 1579 3327 1631 si
3365 1578 3489 1632 talis
3519 1595 3620 1633 non
3641 1596 3713 1634 cs-

2177 1673 2260 1719 set
2295 1673 2386 1719 aut
2417 1679 2538 1720 esse
2578 1681 2684 1720 non
2717 1668 2970 1732 sciretur,
3001 1685 3110 1724 non
3149 1680 3373 1740 negaret
3405 1673 3718 1741 superimpo-

2179 1757 2434 1811 sitionem
2473 1757 2635 1828 559
2681 1761 3047 1814 necessariam
3077 1757 3446 1830 ἀντιμινσίου.
3488 1761 3718 1816 ΙΙυιιοιο⁴

519 1845 685 1915 αὐλῷ.
720 1846 793 1901 lta
833 1848 942 1912 ille,
975 1850 1040 1905 ad
1073 1865 1268 1906 sonum
1300 1824 1568 1917 referens.
1603 1856 1746 1924 quod
1777 1871 1886 1909 non
1923 1856 2076 1910 inve-
2111 1824 2152 1883 Β
2180 1865 2303 1904 cum
2362 1849 2648 1920 Symconis
2687 1851 3193 1907 Thessalonicensis
3238 1852 3382 1908 Guar
3412 1855 3489 1908 sic
3537 1855 3678 1909 vertit
3707 1873 3717 1908 :

521 1935 825 1995 risimiliter
851 1943 915 1995 ad
965 1943 1202 2011 speciem
1233 1960 1446 2014 quoque
1470 1947 1752 2016 pertinuit.
1790 1947 1922 2002 Nam
1948 1948 2081 2002 alio-

520 2027 611 2098 qui
644 2031 923 2098 κωδώνων,
953 2043 1231 2106 utcunque
1275 2037 1578 2093 hinnitibus
1612 2043 2076 2112 respousantinm,

520 2135 688 2176 sonus
708 2138 814 2177 non
837 2126 1066 2180 multum
1099 2129 1165 2183 ad
1200 2129 1342 2184 tibiae
1373 2140 1590 2186 cantum
1620 2134 1846 2188 accedit.
1882 2133 2076 2192 Forma

516 2226 651 2267 vero
699 2214 812 2268 tubi
841 2225 934 2270 aut
963 2218 1104 2273 uola;
1156 2219 1208 2272 in
1240 2222 1631 2290 appendicibus
1677 2225 2078 2295 ephippiornm,

521 2305 598 2357 uti
630 2315 684 2360 et
723 2306 1039 2362 militarium
1091 2310 1456 2382 chlamydum,
1480 2315 1798 2386 elegantiam
1822 2319 1888 2372 ad
1921 2335 2082 2391 aspe-

519 2406 665 2451 ctum
724 2399 909 2455 habet.
965 2401 1075 2456 llas
1117 2405 1446 2474 appendices
1500 2409 1774 2465 calliculas
1819 2411 1932 2465 sive
1972 2412 2083 2483 gal-

520 2489 712 2546 liculas
789 2493 1080 2560 vocabant,
1137 2511 1276 2566 quas
1347 2500 1537 2567 glossa:
1587 2510 1803 2555 veteres
1883 2504 2128 2573 τροχάο·

519 2579 616 2644 δας
670 2581 855 2638 Graece
891 2585 1342 2655 interpretantur,
1375 2603 1437 2643 ea
1489 2604 1618 2644 voce
1655 2593 1947 2647 rotundum
1981 2595 2081 2648 ali-

522 2672 652 2742 quid
699 2683 754 2729 et
779 2675 1017 2732 volubile
1066 2678 1454 2752 designantes;
1493 2683 1669 2753 qualia
1702 2695 1859 2740 erant
1893 2686 2083 2740 tintin-

523 2766 722 2821 nabula
753 2777 808 2823 et
850 2769 1216 2840 malogra‘nata
1240 2787 1304 2828 ex
1342 2789 1436 2829 ora
1464 2775 1632 2830 vestis
1680 2777 1964 2833 Aaronicae
1990 2778 2086 2832 de-

521 2859 836 2929 pendentia,
867 2859 930 2932 [P
959 2860 1085 2934 582]
1117 2863 1291 2920 Exod.
1324 2865 1620 2933 xxx1x,25.
1656 2865 1845 2923 Passio
1872 2866 1931 2922 S.
1954 2867 2084 2923 Per-

519 2959 697 3018 petua:
725 2951 1045 3008 describens
1074 2955 1327 3011 vestitum
1363 2957 1648 3026 Pomponii
1675 2957 1888 3013 diaconi
1913 2958 1966 3012 in
1999 2958 2084 3013 vi-

521 3042 675 3098 sione
697 3045 1004 3114 apparentis
1034 3063 1045 3099 :
1078 3047 1431 3103 Eratvestitus
1450 3050 1749 3103 distinctam
1780 3050 2083 3114 candidam,

518 3134 711 3188 habens
771 3135 1082 3205 multiplices
1111 3129 1404 3195 callicnlas.
1445 3137 1572 3194 Haec
1620 3140 1848 3196 candida
1909 3141 2078 3198 videri
2110 3162 2153 3221 ρ

519 3234 700 3296 potest
752 3226 917 3282 fuisse
947 3229 1166 3293 ὲνδύτας
1199 3231 1437 3295 αὐλωτὸς
1498 3229 1770 3304 Hesychii.
1801 3233 1880 3288 Ad
1927 3235 2081 3304 cujus

521 3317 750 3373 formam
786 3320 998 3392 ὶνδυτή,
1047 3324 1447 3392 operimentum
1482 3339 1611 3389 arae,
1654 3335 1709 3380 et
1741 3325 1857 3396 ipsa
1907 3326 2084 3380 αὐλω-

520 3410 609 3471 τὸς
638 3410 794 3467 facile
835 3412 1019 3482 fuerit,
1062 3415 1346 3486 multiplici
1382 3417 1678 3487 appendice
1707 3418 2081 3473 callicularum

519 3499 798 3570 eleganter
823 3511 1032 3569 ornata,
1059 3504 1279 3560 insertis
1298 3507 1460 3560 etiam
1490 3509 1736 3577 speciose
1760 3509 2078 3574 unionibus,

521 3595 583 3639 ut
615 3588 704 3642 hic
745 3587 939 3644 Noster
966 3604 1250 3648 memorat.
1288 3593 1508 3650 Diversa
1554 3613 1584 3653 a
1610 3597 1863 3667 superius
1925 3600 2082 3655 dictis

521 3675 651 3746 περὶ
708 3677 929 3748 ὲνδυτῆς
965 3681 1057 3734 καὶ
1102 3683 1194 3736 τοῦ
1253 3685 1573 3754 κατασάρκα
1636 3688 1794 3743 docet
1849 3687 2083 3743 Jacobus

518 3765 666 3822 Goar
715 3770 782 3826 ad
835 3770 1225 3846 Euchologium
1277 3792 1333 3847 p.
1380 3777 1503 3844 627,
1546 3778 1841 3835 Meursium
1884 3781 2078 3852 corrigi

517 3858 717 3929 iubens
752 3879 764 3915 :
796 3864 891 3919 sed
941 3880 1049 3920 non
1084 3869 1396 3936 persuadet,
1441 3871 1698 3940 quoniam
1747 3887 1907 3940 quem
1965 3872 2082 3925 lan-

522 3950 612 4006 dat
638 3951 865 4009 fundum
905 3971 1016 4012 sua:
1067 3961 1356 4015 sententiae
1403 3959 1724 4030 Symconem
1789 3961 2082 4017 Thessalo-

521 4044 825 4111 nicensem,
859 4061 1146 4120 postquam
1195 4052 1467 4119 consului,
1489 4053 1634 4108 haud
1666 4052 1940 4108 faventem
1975 4053 2078 4124 ipsi

519 4136 726 4206 reperi.
755 4133 860 4194 'Ait
915 4140 969 4194 in
1019 4157 1084 4198 eo
1134 4158 1317 4198 errare
1368 4137 1662 4199 Meursium
1708 4145 1850 4214 quod
1907 4161 2081 4197 κατα-

521 4224 697 4297 σὰρκα
731 4243 840 4284 ηοη
868 4232 1088 4301 ἀμέσως
1120 4248 1225 4289 aras
1256 4235 1434 4300 nudae,
1485 4236 1594 4305 sed;
1617 4251 1782 4305 supra
1830 4237 2078 4306 ἀντιμίν-

521 4334 636 4372 σιον
679 4323 850 4376 sterni
907 4324 1126 4378 solitum
1157 4336 1386 4381 asserat.
1423 4326 1586 4396 Atqui
1634 4343 1744 4382 non
1800 4329 1906 4382 hoc
1947 4329 2080 4383 sim.

519 4409 736 4480 pliciter
799 4423 895 4468 aut
949 4415 1328 4474 universaliter
1379 4418 1652 4474 Meursius
1713 4420 1927 4482 asserit,
1982 4418 2078 4474 sed

519 4511 729 4558 tantum
779 4507 996 4575 quando
1048 4523 1156 4561 non
1213 4511 1496 4565 constabat
1534 4511 1601 4566 de
1666 4511 2078 4566 consecratione

517 4593 746 4661 altaris;
781 4600 936 4668 cujus
977 4602 1168 4654 asserti
1232 4611 1426 4656 testem
1475 4603 1720 4670 producit
1775 4601 2078 4656 Manuelem

520 4689 883 4756 patriai-ebant
917 4693 971 4745 in
1005 4695 1123 4747 haec
1149 4694 1312 4748 verba
1348 4710 1363 4748 :
1407 4694 1488 4747 Τὰ
1511 4695 1826 4765 ἁντιμίνσια
1854 4694 1954 4747 οὐκ
1997 4693 2080 4756 εἰς

521 4777 699 4840 πάσας
735 4780 948 4850 ἀνάγκη
993 4783 1205 4835 κεῖσθαι
1259 4786 1355 4846 τὰς
1396 4785 1555 4852 ἁγίας
1601 4784 1906 4853 τραπέζας.
1963 4781 2078 4836 ἀλλ’

520 4869 599 4931 εἰς
628 4868 694 4932 ἃς
726 4871 786 4923 οὐ
826 4873 1102 4945 γνώριμον
1129 4876 1275 4928 ἐστιν
1320 4875 1430 4928 εἴτε
1465 4873 1872 4945 καθιερωμέναι
1939 4871 2078 4924 εἰσὶν

520 4958 629 5012 εἴτε
664 4958 750 5013 οὔ.
788 4965 1112 5018 Antimenst'a
1143 4981 1244 5018 non
1261 4967 1494 5019 omnibus
1525 4965 1720 5034 imponi
1744 4963 1911 5017 sacris
1936 4978 2078 5016 men-

515 5053 588 5106 sis
623 5070 820 5108 necesse
847 5067 945 5119 est,
987 5059 1076 5112 sed
1105 5060 1160 5113 in
1195 5075 1282 5112 eas
1325 5058 1389 5112 de
1412 5057 1594 5128 quibus
1620 5073 1720 5110 non
1749 5063 1826 5109 est
1873 5063 2074 5116 notum,

518 5158 830 5200 consecrata:
878 5150 982 5201 sint
1041 5165 1216 5202 necne.
1291 5148 1457 5203 Addit
1519 5149 1702 5202 statim
1759 5145 2074 5199 rationem:

519 5239 601 5291 Τὰ
632 5239 739 5311 γὰρ
786 5239 1209 5311 καθιερωμένων
1241 5241 1410 5310 ἁγίων
1440 5238 1730 5309 τραπεζῶν
1759 5238 1922 5291 τόπον
1955 5233 2079 5288 ἐπέ-

514 5342 692 5398 χουσι.
740 5330 1069 5384 Antimensia
1133 5331 1267 5384 enim
1326 5338 1748 5383 consecratarum
1804 5340 2073 5379 sacrarum

516 5433 814 5477 mensarum
862 5423 1028 5476 locum
1081 5424 1332 5477 obtinent.
1385 5421 1540 5477 Unde
1593 5419 1916 5475 concludit:
1968 5416 2077 5469 Καὶ

517 5514 646 5568 ἔνθα.
692 5518 797 5570 εἰσὶ
824 5518 1089 5588 γνώριμοι
1133 5516 1558 5587 καθιερωμέναι,
1617 5513 1678 5567 οὐ
1719 5512 1876 5583 χρεία
1926 5511 2076 5562 ἀντι-

521 5613 749 5683 μινσῑων
783 5613 920 5665 ἐκεῖ.
959 5613 1022 5666 Et
1054 5614 1141 5668 ubi
1174 5622 1498 5683 perspectum
1552 5620 1629 5665 est
1661 5625 1786 5663 aras
1833 5623 1938 5662 esse
1965 5622 2079 5660 con-

517 5713 774 5768 sacratas,
832 5721 960 5767 opus
1011 5708 1339 5764 antimensiis
1399 5722 1499 5758 non
1546 5713 1621 5757 est
1682 5703 1773 5756 ibi.
1805 5699 1968 5754 Addit
2022 5706 2077 5752 ct

521 5795 665 5850 aliud
731 5797 1099 5854 testimonium
1160 5799 1450 5868 Nicephori
1534 5795 1902 5864 llomologrta:
1963 5790 2075 5845 sive

2185 1941 2477 1996 lnterulam
2506 1959 2624 1996 vero
2659 1953 2873 2009 vestem,
2915 1961 3030 2014 qua!
3079 1945 3151 1998 ad
3177 1961 3396 1999 carnem
3455 1947 3653 2009 dicitur,
3681 1957 3719 1999 et

2146 2049 2402 2104 superne
2481 2034 2699 2088 mantile
2750 2036 2940 2098 adepta
3005 2045 3102 2091 est.
3154 2036 3280 2090 Tria
3364 2053 3473 2091 non
3533 2040 3716 2107 probo,

2180 2126 2322 2195 quod
2347 2125 2406 2178 τὸ
2434 2126 2756 2196 κατασὰρκα
2811 2127 3116 2189 interulam,
3150 2128 3294 2197 quod
3343 2130 3718 2200 τραπεζοφόρνιν

2182 2219 2431 2282 mnntile,
2485 2218 2628 2288 quod
2665 2219 2922 2290 κέκτηται
2966 2221 3156 2275 reddat
3213 2221 3408 2289 adepta
3462 2233 3534 2284 est
3567 2238 3582 2276 :
3614 2239 3716 2275 natu

2182 2309 2445 2379 κέκτηται
2467 2310 2569 2364 hoc
2589 2311 2709 2366 loco
2727 2312 3046 2379 estpossidet
3083 2319 3178 2365 aut
3205 2312 3386 2366 habet.
3413 2313 3718 2384 Karaaapxz

2182 2418 2377 2456 nomen
2411 2402 2689 2472 proprium
2740 2403 2844 2458 veli
2891 2404 3030 2458 sacri
3063 2403 3114 2456 in
3141 2419 3249 2473 quo
3305 2404 3529 2473 ἀμέςως
3587 2405 3712 2457 recli-

2183 2506 2344 2546 natur
2371 2492 2693 2547 eucharistia
2726 2494 2842 2548 sive
2866 2509 3067 2564 corpus
3119 2503 3173 2548 et
3219 2510 3348 2549 caro
3399 2493 3718 2558 Domini,ec~

2182 2583 2485 2640 clesiastico
2504 2585 2768 2639 vocabulo
2784 2584 3049 2639 debuerat
3073 2585 3322 2655 exprimi.
3347 2585 3586 2656 Denique
3606 2602 3717 2656 rp:-

2184 2674 2484 2745 πεζοφόρον
2539 2675 2718 2729 velum
2761 2674 2945 2745 potius
2972 2684 3056 2730 est
3104 2690 3214 2746 quo
3266 2691 3509 2747 superne
3561 2688 3719 2731 sancta

2184 2777 2571 2838 conteguntur,
2602 2766 2760 2836 quale
2788 2767 2931 2838 quod
2965 2777 3154 2823 nostro
3219 2783 3377 2824 more
3415 2784 3571 2839 supra
3607 2768 3719 2822 cali-

2184 2875 2300 2914 cem
2335 2869 2431 2914 aut
2483 2873 2692 2914 sacram
2720 2859 2969 2930 pyxidem
2999 2858 3205 2915 Christi
3263 2875 3468 2931 corpus
3497 2869 3585 2914 aut
3611 2876 3717 2915 san-

2183 2954 2402 3024 guinem
2427 2953 2768 3008 continentes
2784 2968 2944 3021 supra
2972 2967 3118 3006 aram
3149 2953 3483 3007 extenditur.
3501 2951 3714 3008 Declarat

2184 3045 2288 3099 hoc
2337 3058 2460 3098 mox
2501 3042 3004 3099 Thessalonicensis
3054 3044 3272 3106 ibidem,
3302 3043 3448 3109 Ὅτι,
3477 3044 3715 3114 inquiens.

2184 3135 2352 3204 τάφος
2416 3135 2531 3188 ἐστὶ
2555 3136 2649 3190 καὶ
2705 3136 2891 3205 θρόνος
2937 3135 3134 3204 Ἰησοῦ.
3185 3135 3468 3208 Signiﬁcat
3517 3154 3532 3190 :
3587 3151 3715 3190 sacra

2182 3225 2510 3282 eucharistia
2541 3242 2704 3292 super
2735 3241 2886 3281 aram
2917 3227 3024 3281 isto
3067 3241 3227 3296 quem
3278 3227 3541 3283 describit
3575 3243 3717 3298 appa-

2182 3326 2304 3372 ratu
2329 3316 2502 3372 oculis
2529 3315 2768 3372 ﬁdelium
2799 3317 3078 3387 proposita
3104 3317 3238 3371 duos
3277 3317 3511 3373 indicari
3535 3318 3711 3374 Chrisu

2182 3417 2378 3472 status,
2396 3406 2630 3476 jacentis
2663 3407 2716 3460 in
2749 3406 3004 3476 sepulcro
3031 3414 3087 3462 et
3118 3407 3543 3462 resurrectionis
3567 3407 3712 3477 gloria

2183 3496 2461 3567 conspicui
2482 3507 2733 3567 tanquam
2757 3497 2809 3550 in
2825 3498 3040 3552 throno.
3067 3495 3249 3567 Pergit
3266 3496 3413 3551 idem
3444 3497 3713 3559 declarans,

2184 3590 2293 3643 Kal.
2325 3589 2388 3641 τὸ
2417 3588 2516 3658 μὲν
2548 3588 2916 3660 (κατασάρκα)
2951 3587 3096 3641 ἐστὶν
3117 3587 3192 3649 ὡς
3229 3586 3422 3641 σινδὼν
3535 3602 3710 3656 περιει-

2182 3682 2319 3753 λήθη
2349 3683 2563 3753 νεκρός.
2597 3682 2670 3736 Ac
2695 3693 2976 3736 catasarca
3020 3683 3253 3750 quidem,
3295 3679 3408 3735 sive
3447 3679 3712 3750 corporale,

2182 3775 2452 3828 sindonem
2509 3781 2852 3844 repraesentat
2879 3789 2983 3843 qua
3011 3781 3246 3826 mortuus
3280 3771 3514 3827 Christus
3545 3771 3717 3825 inrolu-

2183 3875 2266 3920 tus
2309 3876 2404 3920 est.
2468 3865 2541 3919 Τδ
2573 3867 2630 3919 δὲ
2685 3865 2760 3929 ὡς
2791 3865 2947 3935 δόξης
2994 3864 3254 3936 περιϐολὴ
3281 3904 3296 3928 ,
3348 3865 3426 3928 ὡς
3481 3863 3715 3918 καὶδὲπὶ

2179 3959 2355 4030 τούτῳ
2387 3961 2445 4014 ἐν
2480 3960 2559 4030 τῷ
2613 3959 2856 4012 τίθεσθαι
2917 3960 3171 4028 ἐμφαίνει
3245 3958 3481 4029 ψαλμδς,
3539 3957 3713 4026 Κύριος

2182 4049 2732 4120 ὲ6ασζλευσὲ,λέγων,
2756 4050 3089 4120 εὐπρέπειαν
3115 4050 3423 4104 ἐνεδύσατο,
3449 4049 3584 4104 Illud
3610 4061 3712 4101 vero

2183 4144 2308 4207 (hoc
2338 4153 2421 4199 est
2450 4139 2890 4212 τραπεζοφόρον)
2926 4149 2981 4193 ut
3009 4141 3192 4210 gloria:
3240 4141 3465 4194 amictus
3495 4138 3711 4208 (partim,

2181 4237 2272 4290 hic
2303 4237 2453 4292 addit
2476 4237 2543 4291 de
2572 4251 2671 4290 suo
2695 4236 2972 4303 interpres
3001 4232 3190 4287 nescio
3208 4232 3426 4302 quare),
3457 4234 3533 4284 uti
3563 4239 3607 4284 et
3637 4230 3712 4298 qui

2181 4329 2305 4382 dum
2334 4328 2704 4398 superponitur
2739 4325 2965 4395 (sanctis
2998 4325 3200 4392 velum)
3236 4325 3354 4377 cani
3406 4324 3543 4378 solet
3582 4318 3710 4374 Psal-

2181 4436 2295 4473 mus
2321 4421 2662 4482 demonstrat,
2687 4419 2861 4471 dicens
2894 4433 2908 4470 :
2947 4414 3199 4470 Dominus
3227 4416 3480 4483 regnavit,
3505 4415 3710 4468 decorem

2113 4495 2154 4550 ί)
2191 4511 2380 4566 induit.
2408 4510 2679 4564 Hactenus
2695 4506 3200 4562 Thessalonicensis
3227 4522 3241 4568 ;
3270 4521 3335 4560 ex
3367 4507 3561 4575 quibus
3612 4503 3713 4572 ejus

2180 4601 2364 4656 verbis
2412 4607 2639 4670 apparet
2689 4598 2828 4652 nihil
2898 4596 3137 4652 Menrsio
3193 4595 3710 4650 Thessalonicensem

2179 4693 2600 4757 adversari,'sed
2637 4691 2818 4760 potius
2875 4688 3120 4744 relellere
3149 4688 3326 4758 ipsum
3388 4689 3710 4756 interpretem

2180 4783 2525 4854 Euchologii,
2560 4784 2613 4836 in
2647 4797 2712 4838 eo
2743 4781 2886 4852 quod
2913 4781 2982 4835 ad
3021 4780 3264 4836 ordinem
3311 4778 3529 4834 lotionis
3565 4791 3711 4832 sacra:

2179 4889 2404 4938 mensa},
2437 4891 2490 4945 p.
2526 4873 2630 4927 627
2659 4869 3068 4942 τραπεζοφόρον
3113 4871 3333 4926 mantile
3373 4870 3540 4925 fuisse
3578 4867 3709 4928 dicit,

2179 4967 2309 5022 illud
2348 4976 2611 5037 praeterea
2673 4964 3019 5020 confundens
3108 4980 3231 5020 cum
3317 4965 3522 5034 ἑνδυτῇ,
3587 4957 3709 5031 quod

2180 5053 2258 5110 illi
2323 5054 2642 5122 neutiquam
2662 5053 3046 5118 concesserim,
3081 5055 3188 5108 nisi
3227 5063 3417 5109 testem
3445 5052 3633 5107 laudet.

2251 5143 2313 5215 il‘
2329 5143 2454 5217 583]
2472 5145 2701 5213 ‘Eropla
2715 5161 2770 5215 p.
2789 5143 2912 5199 452.
2935 5144 3082 5210 Quas
3120 5160 3220 5199 nos
3243 5144 3402 5200 hodie
3420 5143 3574 5214 vulgo
3595 5140 3708 5194 dia»

2178 5252 2332 5292 ceses
2381 5251 2657 5300 vocamus,
2715 5236 2934 5303 ὲνορίας
2989 5235 3160 5291 ϐτωοί
3226 5235 3436 5299 dicunt,
3483 5232 3708 5300 regiones

2178 5326 2417 5397 episcopi
2469 5326 2736 5395 cujusque
2781 5325 2974 5380 ditioni
3021 5341 3086 5380 ac
3135 5326 3388 5396 potestati
3439 5319 3705 5378 ordinaria:

2177 5421 2396 5490 proprie
2433 5418 2735 5489 subiectas;
2789 5433 2916 5474 nam
2948 5416 3202 5473 dioecesis
3223 5415 3542 5472 vocabulum
3569 5411 3706 5464 latius

2176 5513 2302 5567 olim
2339 5510 2580 5581 patebat.

2260 5602 2749 5672 Ἐξαυτωρειανοι
2781 5617 2838 5672 p.
2866 5599 2956 5656 66.
2991 5600 3134 5671 Πρὸς
3158 5600 3256 5671 μὲν
3321 5599 3425 5653 τῶν
3467 5597 3704 5660 Ἐξαυτω-

2181 5697 2409 5766 ρειινῶν
2450 5695 2816 5765 πατριάρχην.
2891 5692 3006 5748 Hoc
3028 5701 3114 5748 est
3141 5691 3430 5748 Arsenium
3501 5685 3698 5757 patriar-

2179 5789 2356 5844 cham.
2385 5787 2475 5844 Sic
2508 5788 2617 5844 duo
2649 5786 2830 5856 codd.,
2894 5783 3148 5842 Vaticano
3175 5783 3477 5845 omittente,
3521 5787 3573 5832 ut
3621 5788 3702 5828 so-
