3992 6526
298 367 429 432 1021

1656 374 2174 437 GLOSSARIUM.

3405 367 3541 431 1022

293 485 367 537 let
396 484 451 536 in
486 480 759 536 obscuris.
793 480 1079 539 Manifeste
1109 482 1201 541 bic
1249 496 1583 541 memoratur
1629 490 1861 559 patriar-
1894 498 1938 551 Α
2050 490 2326 561 Ἑπέχειν
2360 508 2411 564 p.
2440 489 2566 547 256.
2606 487 2951 544 Videtur'hoc
2984 486 3104 541 loco
3144 484 3363 557 ἐπέχειν
3401 502 3539 543 novc

289 575 390 631 cba
413 574 631 643 quidam
660 573 1152 629 Exautoriauorum
1184 577 1477 633 distinctus
1498 594 1523 632 a
1549 579 1859 649 patriarcha

286 666 611 735 simpliciter
643 675 700 719 et
744 664 865 718 κατ’
920 665 1119 737 ἐξοχὴν
1164 668 1245 723 sic
1272 669 1438 724 dicto.
1473 671 1859 726 Exauctoriani

289 756 381 825 qui
419 757 758 820 dicerentur,
790 756 1058 827 suspicari
1114 760 1242 815 licet
1272 777 1337 829 ex
1388 762 1474 816 his
1531 777 1651 831 qua:
1699 764 1864 817 tradit

290 850 566 904 Meursius
622 852 787 906 verbo
827 844 1181 922 ἐξαυτώρεία,
1232 855 1321 909 ubi
1371 856 1532 911 doret
1591 872 1655 909 ex
1696 855 1861 909 Suida

288 943 662 1012 ὲξαντωρείαν
697 945 803 1001 dici
855 946 1172 1015 ἐλευθερίαν
1230 947 1337 1001 ἀπὸ
1393 949 1682 1017 στρατείας
1735 950 1861 1002 mis-

286 1035 545 1087 aionema
578 1034 792 1091 militia.
829 1035 982 1102 Quod
1038 1045 1094 1092 et
1140 1037 1320 1091 innuit
1361 1037 1469 1093 Leo
1522 1040 1575 1092 in
1630 1038 1866 1094 Tal-ticis

290 1126 482 1182 Const.
523 1126 615 1189 ευ,
658 1126 924 1181 militares
956 1128 1208 1184 dividens
1238 1130 1289 1183 in
1312 1130 1420 1184 duo
1450 1147 1673 1201 genera.
1709 1132 1864 1184 Ὅσοι

289 1216 388 1270 τοῦ
423 1217 650 1285 στρατοῦ
684 1219 818 1281 εἰσι,
852 1220 949 1281 ait,
987 1221 1081 1272 καὶ
1108 1221 1219 1273 ὅσοι
1246 1222 1346 1290 τῆς
1370 1222 1673 1292 λεγομένης
1703 1222 1866 1287 ἐξαυ-

286 1312 549 1380 τωρείας.
588 1311 725 1365 Hinc
762 1311 1013 1365 videlicet
1063 1311 1483 1383 ἑξαυτωρειανοί
1536 1318 1868 1369 vocabantur

290 1402 390 1469 qui
424 1401 638 1455 emeriti
666 1409 759 1455 aut
791 1402 914 1456 aliis
960 1403 1175 1458 idoneis
1219 1407 1403 1459 causis
1431 1398 1669 1476 legitime
1715 1407 1867 1460 missi

291 1502 327 1542 a
370 1488 559 1542 militia
594 1490 823 1543 militum
880 1491 1175 1562 privilegiis
1217 1494 1545 1563 gaudebant.
1582 1496 1727 1549 inter
1750 1513 1869 1565 qum.

290 1581 566 1651 suspicari
625 1582 751 1636 licet
785 1590 841 1636 et
890 1583 994 1636 hoc
1020 1582 1212 1647 fuisse,
1264 1594 1322 1639 ut
1378 1587 1555 1640 ubivis
1622 1599 1866 1657 agerent,

291 1688 405 1725 non
434 1688 464 1727 a
506 1673 605 1727 loci
634 1676 912 1742 episcopo,
948 1674 1041 1728 sed
1082 1688 1113 1727 a
1146 1677 1459 1745 patriarcha
1490 1679 1541 1731 in
1586 1678 1747 1749 560
1762 1683 1871 1750 spi-

292 1765 584 1819 ritual'bus
621 1766 939 1835 penderent.
980 1766 1161 1832 Quare
1211 1778 1407 1839 praesto
1451 1772 1729 1826 habebant
1790 1773 1871 1826 vi-

293 1859 512 1914 carium
547 1858 887 1926 patriarchm,
916 1858 981 1913 ad
1017 1874 1178 1929 quem
1218 1861 1313 1916 illo
1349 1862 1580 1918 absente
1624 1880 1872 1918 recurre-
1907 1854 1945 1908 Β

293 1962 441 2004 rent.
473 1949 609 2016 Quia
639 1966 767 2004 vero
804 1951 891 2004 ubi
950 1962 1065 2005 erat
1099 1952 1415 2022 imperator,
1459 1965 1516 2009 ut
1577 1965 1704 2011 tunc
1761 1956 1872 2010 Μο-

293 2042 524 2111 gnesia,
557 2060 783 2111 magnus
814 2055 930 2098 erat
971 2046 1453 2101 exautorianorum
1483 2065 1743 2103 nmnerus
1768 2089 1783 2113 ,
1817 2059 1871 2104 et

293 2148 425 2188 cum
458 2134 565 2189 illis
598 2136 1007 2204 propatriarcha
1043 2139 1296 2206 proprius
1323 2138 1588 2209 ipsorum,
1626 2141 1695 2195 ad
1726 2142 1872 2196 hunc

297 2227 611 2295 congregati
648 2243 899 2295 proceres
938 2228 1165 2283 mittunt
1191 2240 1250 2285 ut
1299 2232 1690 2301 patriarcham,
1714 2233 1873 2302 cujus

300 2325 421 2373 erat
452 2316 710 2379 vicarius,
738 2330 1047 2375 accerseret
1076 2321 1276 2388 Nicaea,
1306 2324 1451 2393 quod
1480 2324 1601 2394 ejus
1632 2341 1796 2394 upera
1820 2335 1875 2381 et

294 2409 629 2463 auctoritate
659 2412 944 2478 praesentis
965 2426 1053 2465 res
1084 2413 1151 2467 de
1181 2429 1283 2482 qua
1306 2415 1640 2469 tractabatur
1664 2426 1869 2486 egeret.

301 2496 431 2553 llaec
460 2499 793 2568 opinababar
830 2500 881 2554 in
911 2501 1030 2556 loco
1058 2502 1336 2572 perplexo,
1393 2504 1567 2560 donec
1595 2508 1723 2576 quid
1752 2523 1874 2561 cer-

301 2590 415 2643 tius
449 2593 771 2656 occurrerit,
803 2606 913 2645 non
949 2593 1203 2649 nesciens
1236 2603 1416 2651 tamen
1451 2607 1575 2667 po~t
1604 2607 1817 2667 captam
1843 2614 1870 2652 a

303 2678 519 2735 Latinis
575 2680 1107 2754 Constantinopolim
1146 2696 1201 2740 et
1238 2688 1732 2744 mortem‘Joanuis
1766 2691 1870 2745 Ca-

307 2773 522 2838 materi,
559 2776 659 2828 sub
690 2791 798 2843 quo
830 2777 1140 2844 patriarcha
1175 2778 1347 2835 Graeci
1377 2794 1440 2834 ex
1477 2796 1538 2835 ea
1571 2783 1702 2836 urbe
1734 2782 1873 2852 pulsi

308 2880 407 2931 per
444 2864 666 2919 Latinos
716 2875 864 2929 sunt,
907 2867 1141 2923 electum
1169 2871 1237 2925 ab
1293 2871 1484 2927 iisdem
1521 2873 1723 2929 Griecis
1773 2875 1877 2927 int--

302 2956 440 3025 pcrii
475 2958 657 3011 sedem
692 2959 881 3015 Nica‘se
918 2962 1247 3018 habentibus
1309 2966 1671 3035 patriarcham
1716 2968 1887 3023 titulo-

302 3047 661 3103 nibilominus
688 3049 1373 3123 Constantinopolitanum,
1403 3057 1495 3127 qui
1537 3059 1709 3113 sacris
1740 3075 1878 3128 prae-

304 3140 532 3207 sideret,
556 3140 873 3198 Michaelem
902 3147 1284 3216 Autorianum,
1317 3166 1477 3218 quem
1515 3151 1603 3204 alii
1662 3148 1880 3205 Sauria-

302 3248 437 3287 num
499 3245 739 3301 vocant;
794 3237 925 3307 quin
978 3239 1140 3293 etiam
1182 3242 1472 3295 Arsenium
1533 3244 1634 3297 hoc
1695 3244 1875 3313 capite

306 3337 689 3391 memoratum,
744 3329 832 3397 qui
871 3344 901 3381 a
949 3328 1209 3385 Michaele
1262 3331 1561 3388 Autnriano
1609 3336 1877 3404 septimus

302 3420 547 3473 eamdem
575 3420 986 3488 patriarcbalcm
1012 3421 1201 3478 Nicaeae
1226 3425 1411 3479 sedem
1443 3428 1638 3489 tenuit,
1666 3428 1878 3496 reperio

303 3512 665 3570 Antorianum
727 3530 944 3584 quoque
1004 3515 1230 3571 dictum.
1292 3517 1397 3571 Sed
1462 3519 1588 3587 quid
1632 3520 1744 3574 ha‘c
1811 3521 1878 3575 ad

300 3607 650 3677 πατριάρχην
698 3607 1176 3678 Ἐξιυτωρειανῶν
1203 3651 1216 3675 ,
1245 3610 1309 3663 de
1351 3627 1459 3680 quo
1500 3612 1587 3665 hic
1629 3614 1881 3669 mentio?

305 3695 659 3762 querendum
698 3695 865 3766 igitur
923 3696 1175 3766 amplius,
1225 3700 1329 3753 nisi
1363 3704 1483 3768 quis
1550 3702 1882 3771 conjectura:

302 3800 333 3838 a
370 3801 455 3837 me
488 3786 641 3854 prius
676 3789 967 3856 proposita:
993 3791 1448 3860 acquiescendum
1483 3801 1635 3862 putet
1668 3794 1769 3862 (ἀ).

390 3876 783 3931 Ἐπτιλαστέω
838 3896 891 3949 p.
939 3880 1062 3935 298.
1132 3878 1257 3935 Οἷον
1313 3884 1509 3936 ἑαυτὸν
1565 3886 1881 3957 ἐπαλαστή-

305 3984 428 4029 σας.
471 3968 685 4038 Repetit
712 3979 765 4025 et
796 3972 833 4026 Ι.
876 3987 924 4037 v,
959 3988 1010 4027 c.
1060 3972 1113 4028 6.
1170 3974 1291 4028 Non
1319 3975 1471 4045 posui
1520 3976 1624 4031 hoc
1658 3979 1881 4032 verbum

304 4059 361 4112 in
400 4059 500 4115 hoc
527 4062 771 4133 catalogo
836 4073 895 4117 ut
922 4065 1179 4120 lectorem
1212 4067 1465 4121 docerem
1518 4068 1646 4137 quid
1681 4070 1886 4123 valeret

310 4154 544 4224 (conﬁdo
573 4157 718 4210 enim
762 4157 815 4212 id
877 4158 1051 4228 ipsum
1092 4175 1159 4215 ex
1213 4159 1428 4215 llomeri
1487 4160 1719 4237 lcetione
1755 4164 1886 4218 didi-

305 4246 467 4311 cisse,
503 4248 642 4317 apud
672 4264 831 4317 quem
894 4250 1106 4307 Ὀδυσσ.
1132 4270 1185 4317 α,
1229 4269 1284 4309 v.
1310 4253 1416 4307 252
1457 4255 1667 4326 legerit,
1701 4256 1803 4308 Τὸν
1838 4255 1885 4307 δ’

308 4339 739 4410 ἐπαλαστήσασα
770 4345 1055 4414 προσηύδα
1090 4344 1305 4410 Παλλὰς
1338 4348 1562 4418 Ἀθήνη.
1597 4348 1692 4404 Ubi
1725 4348 1885 4419 Didy-

307 4448 431 4485 mus
482 4434 724 4503 exponit,
773 4437 865 4488 ὲπὶ
900 4440 1006 4500 τοῖς
1054 4437 1347 4507 λεχθεῖσιν,
1385 4441 1459 4502 ὼς
1489 4441 1747 4503 ἀλαστοίς
1794 4442 1886 4495 καὶ

1966 584 2204 655 positum
2238 598 2338 652 pro
2379 599 2613 637 coercere
2649 589 2698 635 et
2730 581 2995 651 castigare
3024 579 3190 634 verbis
3220 595 3401 647 aspere
3427 578 3530 631 ali-

1965 694 2139 749 quem.
2197 675 2334 731 Vide
2382 691 2541 730 voces
2596 674 2959 743 ὰναδέχεσθαι
3004 682 3059 727 et
3116 670 3488 742 πνευματικός
3519 685 3536 702 ο

1964 784 2092 822 nam
2116 784 2179 822 ex
2204 766 2277 822 ibi
2308 766 2472 822 dictis
2492 765 2698 836 patebit
2723 766 2858 819 ratio
2893 764 3358 834 interpretationis
3383 778 3538 817 mere.

2039 858 2104 930 [ρ
2128 857 2257 930 ssi]
2300 856 2652 911 Ἐπευκτεῖν
2680 871 2733 926 ρ.
2766 856 2892 911 ess.
2950 855 3092 926 Lego
3122 855 3213 909 hic
3258 856 3539 923 ἐπευκτη-

1969 950 2204 1019 σάμενος
2256 965 2286 1003 a
2334 949 2503 1003 verbo
2567 949 2859 1001 ὲπευκτεϊν
2915 947 3045 1001 satis
3122 947 3383 999 inusitato
3442 947 3541 999 illo

1968 1041 2211 1111 quidem,
2263 1057 2370 1095 non
2403 1053 2583 1095 tamen
2611 1040 2943 1094 abhorrente
2970 1056 2998 1091 a
3026 1038 3166 1109 stylo
3212 1039 3371 1107 hujus
3405 1037 3542 1089 scri-

1971 1133 2142 1202 ptoris
2178 1134 2492 1203 antiquarii,
2529 1133 2572 1187 si
2607 1133 2728 1202 quis
2758 1132 2922 1193 alios,
2958 1145 3009 1185 et
3048 1131 3299 1185 fastidire
3359 1131 3542 1195 obvia,

1970 1225 2168 1279 sectari
2197 1225 2313 1277 avia
2369 1223 2687 1295 palmarium
2733 1224 2990 1293 putantis.
3043 1221 3204 1276 Forte
3264 1224 3309 1276 is
3338 1223 3545 1289 legerat
3624 1266 3641 1289 η

1970 1318 2112 1387 apud
2151 1316 2291 1371 LXX
2324 1316 2527 1371 Jerem.
2559 1334 2649 1383 xx,
2686 1316 2928 1385 ὲπευκτὴ
2970 1316 3175 1385 ἡμέρα,
3211 1314 3312 1368 hoc
3346 1325 3447 1376 est,
3490 1324 3546 1367 ut

1973 1411 2271 1481 Hesychius
2316 1411 2709 1480 interpretatur
2742 1451 2755 1473 ,
2812 1408 3154 1479 ἐπιθυμητὴ,
3228 1419 3285 1462 ιιι
3328 1407 3544 1474 Suidas,

1972 1503 2136 1572 551?];
2162 1503 2305 1568 ἀξία.
2336 1502 2480 1555 Satis
2514 1503 2616 1556 hoc
2640 1502 2715 1555 illi
2760 1500 3097 1555 fundamenti
3125 1502 3291 1556 fuerit
3316 1501 3380 1555 ad
3417 1518 3540 1553 ver-

1971 1597 2102 1650 bum
2134 1596 2423 1647 ὲπευκτεῖν
2469 1593 2867 1656 fabricandum,
2896 1602 2953 1647 ut
2983 1593 3083 1647 alia
3117 1593 3320 1662 passim
3357 1592 3546 1645 multa.

1974 1686 2105 1739 Nam
2145 1684 2273 1754 quid
2312 1684 2401 1736 hic
2444 1682 2612 1746 aliud,
2655 1682 2800 1751 quod
2834 1682 2897 1733 ad
2946 1696 3057 1735 rem
3093 1679 3282 1739 faciat.
3313 1674 3546 1735 comini-

1978 1777 2290 1831 niscmnur?
2318 1776 2501 1831 Codex
2557 1775 2714 1846 561
2760 1773 3092 1827 Barherinus
3128 1774 3293 1827 habet
3356 1775 3552 1824 ὲπαικ-

1975 1869 2319 1939 τησάμενος,
2361 1868 2662 1921 Allatianus
2719 1865 3188 1936 ὲπικτησάμενος,
3232 1865 3551 1927 Vaticanus,

1976 1971 2034 2015 ut
2064 1960 2119 2013 in
2148 1959 2417 2013 similibus
2447 1958 2607 2018 solet,
2651 1973 2748 2027 pro
2774 1972 2839 2010 eo
2871 1956 3016 2025 quod
3075 1971 3186 2010 non
3249 1954 3547 2017 intellexit,

1975 2054 2076 2109 alia
2126 2053 2305 2107 omnia
2341 2068 2445 2106 nec
2499 2051 2795 2106 sententia:
2858 2058 3232 2103 coasentanea
3286 2046 3545 2115 subjecit.

1974 2145 2322 2200 Manifestum
2400 2153 2585 2199 autem
2631 2153 2715 2197 est
2789 2151 3040 2196 neutram
3100 2141 3316 2195 illarum
3356 2154 3551 2195 vocum

1977 2238 2083 2293 huc
2116 2237 2403 2307 quadrare.
2431 2236 2541 2291 Nec
2590 2235 2735 2289 aliud
2774 2234 3015 2288 occurrit
3043 2233 3185 2302 quod
3224 2233 3288 2287 ad
3314 2240 3552 2285 mentem

1976 2330 2215 2382 auctoris
2250 2327 2603 2383 tolerabiliter
2661 2342 2719 2381 se
2770 2324 3161 2391 accommodet,
3196 2339 3357 2394 quam
3397 2324 3557 2375 ὲπευ·

1976 2419 2338 2489 κτησάμενος.

2059 2509 2385 2576 Ἐπίδοσις,
2430 2526 2484 2580 p.
2510 2509 2637 2564 9.86.
2676 2510 2833 2565 Κατὰ
2881 2508 3052 2578 λόγον
3118 2506 3433 2570 ἐπιδόσεως.
3471 2506 3556 2562 Si-

1978 2603 2199 2672 gniﬁcat
2249 2619 2358 2658 non
2396 2602 2737 2657 ordinarium
2785 2610 2839 2655 ct
2875 2601 3154 2670 proprium
3185 2598 3356 2653 fuisse
3410 2599 3556 2652 hunc

1981 2694 2363 2749 Proconnesiae
2387 2692 2629 2747 ecclesia:
2657 2704 2952 2763 pastorem,
2991 2690 3086 2745 sed
3140 2691 3244 2744 hoc
3272 2690 3325 2742 in
3359 2703 3419 2741 ea
3455 2702 3553 2757 pro

1981 2798 2223 2855 tempore
2249 2785 2483 2839 cilicium
2540 2784 2854 2838 exercuisse
2885 2799 2949 2835 ex
3000 2782 3387 2836 commissione
3452 2788 3551 2832 aut

1980 2877 2344 2946 delegatione,
2407 2884 2465 2930 ut
2519 2874 2846 2944 loquuntur,
2905 2874 3153 2944 precario
3209 2882 3261 2925 et
3322 2884 3552 2924 conces-

1980 2971 2155 3032 sione,
2193 2982 2315 3038 qua'
2356 2966 2441 3021 hic
2500 2967 2740 3029 ἐπίδοσις
2786 2974 3051 3030 vocatur;
3102 2963 3178 3017 uti
3229 2972 3284 3016 et
3343 2978 3395 3030 p.
3425 2961 3552 3023 ⁸560,

1982 3058 2075 3114 ubi
2104 3058 2170 3112 de
2194 3057 2425 3127 quodam
2459 3055 2650 3110 Latino
2686 3057 2943 3125 episeopo
2990 3054 3265 3123 quondam
3301 3052 3557 3107 Crotona}

1983 3151 2258 3214 scribitur,
2296 3148 2531 3202 voluiSse
2562 3148 2946 3216 imperatorem
2991 3147 3084 3198 xui
3124 3144 3422 3214 ἐκκλησίαν
3479 3144 3553 3196 δι·

1981 3242 2203 3296 δόναιοὶ
2250 3245 2329 3310 τῷ
2376 3239 2520 3309 λόγῳ
2583 3240 2681 3307 τῇς
2741 3237 3037 3301 ἐπιδόσεως
3089 3237 3165 3299 ὡς
3229 3238 3549 3307 σχολάζοντι

1978 3333 2080 3400 τῆς
2101 3331 2395 3400 λαχούσης,
2453 3329 2814 3383 commendare
2854 3329 2954 3395 ipsi
3008 3328 3278 3381 ecclesiam
3310 3329 3545 3382 admini-

1978 3426 2256 3480 strandam
2305 3440 2367 3477 ea:
2403 3422 2745 3493 delegatione,
2790 3438 2891 3475 non
2951 3423 3227 3475 ordinaria
3286 3432 3557 3490 potestate,

1979 3535 2098 3571 cum
2144 3518 2190 3570 is
2239 3516 2469 3570 ecclesia:
2510 3532 2668 3584 quant
2693 3514 2891 3568 dudum
2921 3514 3096 3583 fuerat
3138 3516 3382 3580 sortitus,
3430 3531 3557 3567 cura

1974 3611 2091 3681 jam
2124 3626 2247 3664 vaca
2259 3619 2357 3661 ret.

2070 3702 2428 3769 Ἐπικόμπια
2480 3714 2535 3768 p.
2586 3696 2713 3751 294.
2770 3695 2847 3749 Ita
2909 3697 3030 3751 cod.
3091 3696 3288 3758 Allat.,
3337 3711 3400 3750 ex
3456 3712 3565 3765 quo

1983 3792 2171 3862 putavi
2204 3790 2588 3861 corrigendum
2649 3787 2897 3850 Barber.,
2927 3788 3019 3855 qui
3050 3787 3351 3855 ἑπιγκόπια
3406 3788 3562 3840 exhi-

1980 3885 2091 3941 bet.
2121 3880 2296 3938 Vatic.
2340 3882 2484 3936 clare
2512 3879 2782 3933 Allatiatio
2826 3880 3122 3933 consentit.
3185 3878 3324 3932 Sunt
3379 3891 3563 3934 autem

1983 3976 2296 4045 ὲπικόλιπια
2339 3989 2402 4029 ea
2462 3990 2583 4043 qua:
2638 3974 2707 4028 ab
2756 3972 2877 4025 aliis
2954 3971 3261 4041 ἐπικόμὸια
3301 3981 3555 4025 νοοιιιιιι;;

1982 4086 2010 4123 a
2044 4069 2276 4124 Meursio
2306 4067 2545 4121 laudatis
2582 4082 2646 4120 eo
2683 4066 2872 4129 verbo,
2910 4080 3106 4133 nempe
3145 4065 3421 4119 sudariola
3465 4076 3563 4119 aut

1984 4160 2125 4215 linea
2178 4167 2479 4229 segmenta,
2515 4172 2634 4226 qua:
2681 4156 2857 4227 ligatis
2915 4156 3079 4209 intus
3125 4165 3277 4209 certo
3332 4171 3565 4209 numero

1984 4240 2283 4302 nummulis
2317 4246 2559 4299 materia:
2601 4245 2831 4298 diversae
2884 4243 2938 4297 in
2993 4243 3208 4313 plebem
3254 4242 3558 4298 confertam

1981 4341 2325 4410 iaciebantur
2348 4338 2784 4392 solemnitatibus
2842 4338 3030 4392 certis.
3072 4334 3159 4390 Jo.
3221 4335 3564 4391 Cantacnzeo

1988 4450 2111 4495 nus,
2146 4432 2181 4487 l.
2219 4446 2257 4495 t,
2307 4446 2356 4485 c.
2413 4430 2504 4493 Μ,
2547 4446 2601 4499 p.
2638 4429 2737 4482 123
2774 4428 2859 4482 ed.
2911 4427 3046 4498 Reg.
3081 4428 3161 4498 Τῇ
3219 4429 3403 4499 ἡμέρᾳ
3441 4429 3564 4481 καθ’

304 4524 504 4589 δεινοῖς
565 4523 707 4587 οὖσι,
743 4527 1180 4599 δεινοπαθήσασπ
1220 4531 1260 4599 ),
1302 4533 1397 4587 sed
1443 4542 1501 4587 ut
1557 4534 1877 4588 admoneam
1912 4530 1955 4585 D
1985 4526 2107 4597 ῆνοὸ
2139 4522 2397 4595 βασιλεὺς
2432 4522 2678 4591 χρισοεὶς
2713 4521 2882 4588 ἔξεισι
2926 4521 3021 4574 τοῦ
3055 4520 3210 4585 ναοῦ,
3242 4522 3393 4592 παρά
3422 4539 3565 4584 τινος

302 4615 371 4669 de
403 4616 561 4683 genio
594 4615 965 4688 Pachymeris,
997 4635 1159 4689 quem
1206 4622 1439 4677 delectat
1470 4625 1632 4679 verba
1667 4625 1754 4679 vel
1787 4640 1876 4679 se-

306 4707 414 4760 mel
445 4717 728 4776 poetarum
764 4711 1001 4779 cuipiam
1059 4722 1307 4768 veterum
1353 4726 1607 4785 usurpata
1660 4717 1711 4770 iu
1756 4732 1880 4770 ora-

307 4797 458 4851 tione
496 4812 593 4851 sua
646 4813 897 4867 ponere;
941 4816 1063 4869 quae
1122 4818 1225 4855 una
1286 4819 1351 4858 ex
1391 4806 1571 4859 causis
1634 4815 1717 4860 est
1757 4806 1876 4874 ejus

305 4889 682 4943 obscuritatis.
743 4889 849 4944 Sed
882 4901 936 4946 et
972 4892 1075 4947 hoc
1112 4902 1312 4963 prieter
1358 4894 1576 4950 llomeri
1635 4896 1878 4950 auctori-

306 4988 473 5033 tatem
513 4990 695 5045 novat,
730 4974 788 5034 u't
825 4983 1051 5037 verbum
1109 4984 1247 5051 apud
1280 4985 1432 5038 illum
1482 4996 1737 5039 neutrum
1764 4987 1878 5054 ipse

304 5072 545 5125 activum
616 5074 805 5130 faciat.
882 5074 999 5129 Non
1067 5077 1211 5129 enim
1300 5077 1500 5146 ἑαυτὴν
1562 5079 1878 5149 ὲπαλαςτή-

305 5177 449 5213 σασα
492 5162 762 5218 llomerus
798 5166 981 5234 posuit
1015 5178 1075 5221 ut
1119 5166 1330 5221 Noster.
1373 5168 1435 5221 Et
1472 5170 1514 5222 si
1545 5170 1675 5238 quid
1707 5169 1757 5222 id
1792 5186 1879 5223 re-

303 5250 432 5316 fert,
492 5253 721 5322 simplex
773 5270 991 5324 quoque
1060 5256 1260 5326 hujus,
1312 5257 1666 5327 ἀλαστήσας,
1738 5259 1878 5312 idem

306 5343 570 5413 princeps
627 5355 913 5414 poetarum
970 5348 1219 5402 absolute
1261 5349 1378 5403 sine
1424 5350 1688 5420 regimine
1724 5365 1883 5404 casus

304 5437 492 5506 posuit
532 5434 695 5491 Iliad.
732 5453 796 5505 μ,
837 5455 889 5492 v.
938 5438 1061 5504 165,
1102 5440 1190 5493 ubi
1240 5440 1393 5501 ᾶσιος
1431 5441 1827 5511 Ὑρτακίδης..
1862 5477 1877 5493 .

303 5527 621 5596 ἀλαστήσας
645 5527 775 5591 ἔπος
794 5528 954 5598 ηὔδα,
984 5545 1093 5584 non
1119 5538 1298 5585 autem
1324 5531 1514 5583 ἑαυτὸν
1540 5531 1880 5602 ἀλαστήσας,

302 5628 364 5674 ut
413 5620 503 5676 hic
537 5619 768 5677 Michael
798 5620 1131 5691 Palaeologus
1165 5638 1194 5676 a
1216 5623 1551 5693 Pachymere
1581 5620 1879 5677 inducitur.

1985 4613 2093 4667 τῶν
2150 4611 2552 4681 συγκλητικῶν,
2591 4611 2650 4664 ὃν
2690 4610 2756 4665 ἂν
2808 4611 3063 4682 βασιλεὺς
3125 4612 3321 4678 ἐθέλοι,
3360 4613 3441 4674 εἰς
3474 4612 3566 4664 τὸν

1985 4706 2159 4776 δῆμον
2223 4706 2503 4775 ρίπτονται
2544 4703 2579 4757 ἃ
2622 4703 2877 4772 λέγουσιν
2917 4703 3219 4773 ὲπικὸμϐια
3267 4719 3282 4734 ’
3340 4704 3563 4756 δύναται

1985 4796 2043 4849 δὲ
2073 4795 2229 4849 τοῦτο
2254 4794 2597 4862 ἀποδέσμους
2637 4795 2788 4857 τινὰς
2824 4796 2882 4847 ἐν
2924 4795 3147 4847 ὀθονίων
3198 4797 3451 4864 τμήμχοί
3482 4796 3564 4846 δε-

1985 4889 2265 4956 δεμένους,
2340 4888 2490 4940 ἔνδον
2550 4886 2775 4958 ἔχοντας
2836 4889 3149 4959 νομίσματα
3205 4891 3384 4958 χρυσᾶ
3456 4891 3565 4941 τῶι

1988 4979 2287 5050 βασιλικῶν
2343 4978 2470 5052 τρία
2528 4981 2625 5031 καὶ
2677 4981 2734 5045 ἐξ
2786 4978 3029 5051 ἀργύρου
3092 4982 3335 5034 τοσαῦτα
3404 4982 3564 5051 ἧκαὶ

1987 5072 2179 5133 πλείω,
2207 5074 2303 5124 καὶ
2323 5072 2669 5140 ὀϐολοὺςζάπδ
2696 5070 2901 5142 χαλκοῦ
2939 5072 3251 5134 τοσούτους.
3316 5073 3427 5127 lluc
3481 5083 3564 5127 est

1989 5180 2057 5216 cx
2098 5162 2371 5217 versione-
2423 5163 2655 5217 Pontani
2708 5165 2881 5218 nostri
2918 5182 2931 5218 :
2972 5163 3067 5218 Die
3116 5181 3215 5235 quo
3272 5166 3563 5233 imperator

1990 5267 2175 5308 unetus
2214 5272 2245 5308 a
2297 5256 2490 5325 templo
2521 5258 2646 5319 erit,
2690 5256 2754 5309 ab
2783 5257 2964 5327 aliquo
3022 5255 3133 5325 ejus
3203 5260 3559 5327 optiuwrtium,

1992 5364 2143 5417 quem
2172 5348 2242 5399 ad
2274 5348 2368 5401 Itoc
2421 5348 2655 5417 elegerit,
2716 5349 2772 5401 in
2825 5348 3076 5419 populum
3123 5351 3405 5418 jaciuntur
3445 5368 3562 5410 mue

1992 5447 2176 5491 vocant
2223 5439 2532 5506 epicombia.
2569 5437 2703 5493 Sunt
2765 5451 2940 5493 autem
2985 5442 3225 5511 fasciculi
3283 5445 3564 5510 segmenti:

1991 5530 2163 5583 linteis
2192 5532 2397 5598 illigata
2431 5530 2675 5585 habentes
2715 5536 3040 5586 uumismata
3068 5550 3235 5586 aurea
3271 5534 3563 5599 imperato-

1991 5622 2074 5675 ria
2103 5621 2229 5684 tria,
2261 5622 2473 5675 totidem
2495 5633 2747 5693 argentea
2779 5634 2869 5678 aut
2898 5625 3077 5694 plura,
3117 5638 3166 5680 et
3190 5625 3368 5679 obolos
3394 5641 3559 5679 ttrcos

368 5760 439 5820 (a)
467 5756 560 5828 llic
580 5760 718 5827 locus
744 5757 863 5828 citra
891 5773 1099 5828 causam
1134 5760 1281 5828 nimis
1312 5760 1530 5810 turbavit
1555 5762 1804 5828 hominem
1850 5740 2220 5828 ductumina‘m
2261 5761 2703 5828 Sluéiautwpatayol
2747 5764 2955 5824 dividas,
2990 5764 3274 5828 scribasque
3309 5767 3355 5820 ἐξ
3398 5767 3567 5815 Aum-

302 5818 499 5886 ρειανοὶ,
534 5818 618 5883 qui
639 5834 704 5871 ex
727 5820 1104 5873 Autoriauorum
1127 5819 1314 5885 [ancilia
1336 5827 1491 5883 erant,
1519 5822 1680 5873 omnis
1716 5829 1979 5874 evanescet
2001 5825 2274 5875 difﬁcultas.
2298 5818 2590 5875 Commius
2622 5822 2669 5875 iu
2692 5832 2788 5877 not.
2827 5828 2891 5877 ad
2922 5818 3272 5880 Testamentitm
3294 5818 3485 5880 Arscuii
