  <div class='ocr_page' id='page_1' title='image "/cluster/home/n/w/nwhite01/storage/ocr_20150623/143/hvd.32044019208321/549.png"; bbox 0 0 3992 6534; ppageno 0'>
   <div class='ocr_carea' id='block_1_1' title="bbox 532 315 667 379">
    <p class='ocr_par' dir='ltr' id='par_1_1' title="bbox 532 315 667 379">
     <span class='ocr_line' id='line_1_1' title="bbox 532 315 667 379; baseline 0.022 -3"><span class='ocrx_word' id='word_1_1' title='bbox 532 315 667 379; x_wconf 75' lang='lat'><strong>1033</strong></span> 
     </span>
    </p>
   </div>
   <div class='ocr_carea' id='block_1_2' title="bbox 1464 323 2856 403">
    <p class='ocr_par' dir='ltr' id='par_1_2' title="bbox 1464 323 2856 403">
     <span class='ocr_line' id='line_1_2' title="bbox 1464 323 2856 403; baseline 0.014 -20"><span class='ocrx_word' id='word_1_2' title='bbox 1464 323 1528 385; x_wconf 86' lang='lat' dir='ltr'><strong>P.</strong></span> <span class='ocrx_word' id='word_1_3' title='bbox 1569 325 1872 389; x_wconf 83' lang='lat' dir='ltr'><strong>POSSINI</strong></span> <span class='ocrx_word' id='word_1_4' title='bbox 1911 330 2567 398; x_wconf 80' lang='lat' dir='ltr'><strong>OBSERVATIONUM</strong></span> <span class='ocrx_word' id='word_1_5' title='bbox 2613 339 2764 403; x_wconf 87' lang='lat' dir='ltr'><strong>LIB.</strong></span> <span class='ocrx_word' id='word_1_6' title='bbox 2808 341 2856 402; x_wconf 89' lang='grc' dir='ltr'><strong>ῐ.</strong></span> 
     </span>
    </p>
   </div>
   <div class='ocr_carea' id='block_1_3' title="bbox 3615 354 3729 424">
    <p class='ocr_par' dir='ltr' id='par_1_3' title="bbox 3615 354 3729 424">
     <span class='ocr_line' id='line_1_3' title="bbox 3615 354 3729 424; baseline 0.026 -3"><span class='ocrx_word' id='word_1_7' title='bbox 3615 354 3729 424; x_wconf 65' lang='grc'><strong>1024</strong></span> 
     </span>
    </p>
   </div>
   <div class='ocr_carea' id='block_1_4' title="bbox 525 426 2100 540">
    <p class='ocr_par' dir='ltr' id='par_1_4' title="bbox 525 426 2100 514">
     <span class='ocr_line' id='line_1_4' title="bbox 525 426 2100 514; baseline 0.013 -34"><span class='ocrx_word' id='word_1_8' title='bbox 525 428 758 482; x_wconf 79' lang='lat' dir='ltr'><strong>totidem.</strong></span> <span class='ocrx_word' id='word_1_9' title='bbox 803 426 928 484; x_wconf 59' lang='lat' dir='ltr'><strong>Haec</strong></span> <span class='ocrx_word' id='word_1_10' title='bbox 965 430 1078 485; x_wconf 91' lang='lat' dir='ltr'><strong>ille.</strong></span> <span class='ocrx_word' id='word_1_11' title='bbox 1117 430 1194 486; x_wconf 87' lang='lat' dir='ltr'><strong>Ex</strong></span> <span class='ocrx_word' id='word_1_12' title='bbox 1259 431 1462 503; x_wconf 82' lang='lat' dir='ltr'><strong>quibus</strong></span> <span class='ocrx_word' id='word_1_13' title='bbox 1494 435 1677 492; x_wconf 82' lang='lat' dir='ltr'><strong>obiter</strong></span> <span class='ocrx_word' id='word_1_14' title='bbox 1735 441 1934 514; x_wconf 80' lang='lat' dir='ltr'><strong>collige</strong></span> <span class='ocrx_word' id='word_1_15' title='bbox 2001 459 2100 499; x_wconf 89' lang='lat' dir='ltr'><strong>cur</strong></span> 
     </span>
    </p>
   </div>
   <div class='ocr_carea' id='block_1_5' title="bbox 2204 426 3732 540">
    <p class='ocr_par' dir='ltr' id='par_1_5' title="bbox 2207 449 3732 540">
     <span class='ocr_line' id='line_1_5' title="bbox 2207 449 3732 540; baseline 0.016 -40"><span class='ocrx_word' id='word_1_16' title='bbox 2207 463 2294 514; x_wconf 85' lang='grc' dir='ltr'><strong>γει</strong></span> <span class='ocrx_word' id='word_1_17' title='bbox 2335 449 2394 503; x_wconf 68' lang='grc' dir='ltr'><strong>δὲ</strong></span> <span class='ocrx_word' id='word_1_18' title='bbox 2436 451 2531 503; x_wconf 83' lang='grc' dir='ltr'><strong>καὶ</strong></span> <span class='ocrx_word' id='word_1_19' title='bbox 2561 451 2672 506; x_wconf 81' lang='grc' dir='ltr'><strong>ἀπὸ</strong></span> <span class='ocrx_word' id='word_1_20' title='bbox 2705 451 2992 540; x_wconf 56' lang='grc' dir='ltr'>ξλάττονος</span> <span class='ocrx_word' id='word_1_21' title='bbox 3025 458 3192 527; x_wconf 84' lang='grc' dir='ltr'>τιμῆς</span> <span class='ocrx_word' id='word_1_22' title='bbox 3225 459 3304 524; x_wconf 72' lang='grc' dir='ltr'><strong>είς</strong></span> <span class='ocrx_word' id='word_1_23' title='bbox 3337 462 3571 532; x_wconf 74' lang='grc' dir='ltr'>μεὶζονα,</span> <span class='ocrx_word' id='word_1_24' title='bbox 3595 467 3732 540; x_wconf 78' lang='grc' dir='ltr'>δηλα-</span> 
     </span>
    </p>
   </div>
   <div class='ocr_carea' id='block_1_6' title="bbox 523 519 2094 597">
    <p class='ocr_par' dir='ltr' id='par_1_6' title="bbox 523 519 2094 597">
     <span class='ocr_line' id='line_1_6' title="bbox 523 519 2094 597; baseline 0.011 -23"><span class='ocrx_word' id='word_1_25' title='bbox 523 519 640 574; x_wconf 91' lang='lat' dir='ltr'><strong>auri</strong></span> <span class='ocrx_word' id='word_1_26' title='bbox 682 534 792 574; x_wconf 91' lang='lat' dir='ltr'><strong>non</strong></span> <span class='ocrx_word' id='word_1_27' title='bbox 823 519 914 575; x_wconf 88' lang='lat' dir='ltr'><strong>ﬁat</strong></span> <span class='ocrx_word' id='word_1_28' title='bbox 960 523 1014 575; x_wconf 91' lang='lat' dir='ltr'><strong>in</strong></span> <span class='ocrx_word' id='word_1_29' title='bbox 1064 530 1254 577; x_wconf 90' lang='lat' dir='ltr'><strong>nostro</strong></span> <span class='ocrx_word' id='word_1_30' title='bbox 1307 525 1746 597; x_wconf 82' lang='lat' dir='ltr'><strong>Pachymeriano</strong></span> <span class='ocrx_word' id='word_1_31' title='bbox 1778 531 1900 588; x_wconf 93' lang='lat' dir='ltr'><strong>loco</strong></span> <span class='ocrx_word' id='word_1_32' title='bbox 1936 550 2094 590; x_wconf 88' lang='lat' dir='ltr'><strong>men-</strong></span> 
     </span>
    </p>
   </div>
   <div class='ocr_carea' id='block_1_7' title="bbox 527 609 2092 692">
    <p class='ocr_par' dir='ltr' id='par_1_7' title="bbox 527 609 2092 692">
     <span class='ocr_line' id='line_1_7' title="bbox 527 609 2092 692; baseline 0.012 -30"><span class='ocrx_word' id='word_1_33' title='bbox 527 610 623 672; x_wconf 90' lang='lat' dir='ltr'><strong>tio,</strong></span> <span class='ocrx_word' id='word_1_34' title='bbox 656 609 750 665; x_wconf 90' lang='lat' dir='ltr'><strong>sed</strong></span> <span class='ocrx_word' id='word_1_35' title='bbox 786 621 1165 682; x_wconf 79' lang='lat' dir='ltr'><strong>argenteorum</strong></span> <span class='ocrx_word' id='word_1_36' title='bbox 1213 613 1476 672; x_wconf 74' lang='lat' dir='ltr'><strong>duntaxat</strong></span> <span class='ocrx_word' id='word_1_37' title='bbox 1520 634 1897 692; x_wconf 78' lang='lat' dir='ltr'><strong>aereorumque</strong></span> <span class='ocrx_word' id='word_1_38' title='bbox 1931 642 2092 680; x_wconf 56' lang='lat' dir='ltr'><strong>num-</strong></span> 
     </span>
    </p>
   </div>
   <div class='ocr_carea' id='block_1_8' title="bbox 524 702 2092 783">
    <p class='ocr_par' dir='ltr' id='par_1_8' title="bbox 524 702 2092 783">
     <span class='ocr_line' id='line_1_8' title="bbox 524 702 2092 783; baseline 0.013 -30"><span class='ocrx_word' id='word_1_39' title='bbox 524 702 816 755; x_wconf 89' lang='lat' dir='ltr'><strong>mulorum.</strong></span> <span class='ocrx_word' id='word_1_40' title='bbox 853 703 1017 758; x_wconf 81' lang='lat' dir='ltr'><strong>Aurei</strong></span> <span class='ocrx_word' id='word_1_41' title='bbox 1043 705 1250 761; x_wconf 86' lang='lat' dir='ltr'><strong>scilicet</strong></span> <span class='ocrx_word' id='word_1_42' title='bbox 1290 711 1495 766; x_wconf 89' lang='lat' dir='ltr'><strong>nummi</strong></span> <span class='ocrx_word' id='word_1_43' title='bbox 1552 713 1930 783; x_wconf 80' lang='lat' dir='ltr'><strong>largitionibus</strong></span> <span class='ocrx_word' id='word_1_44' title='bbox 1987 721 2092 774; x_wconf 89' lang='lat' dir='ltr'><strong>im-</strong></span> 
     </span>
    </p>
   </div>
   <div class='ocr_carea' id='block_1_9' title="bbox 522 797 2090 860">
    <p class='ocr_par' dir='ltr' id='par_1_9' title="bbox 522 797 2090 860">
     <span class='ocr_line' id='line_1_9' title="bbox 522 797 2090 860; baseline 0.011 -17"><span class='ocrx_word' id='word_1_45' title='bbox 522 799 833 857; x_wconf 89' lang='lat' dir='ltr'><strong>peratorum</strong></span> <span class='ocrx_word' id='word_1_46' title='bbox 867 809 1030 848; x_wconf 88' lang='lat' dir='ltr'><strong>causa</strong></span> <span class='ocrx_word' id='word_1_47' title='bbox 1056 805 1112 850; x_wconf 91' lang='lat' dir='ltr'><strong>et</strong></span> <span class='ocrx_word' id='word_1_48' title='bbox 1149 797 1372 852; x_wconf 89' lang='lat' dir='ltr'><strong>nomine</strong></span> <span class='ocrx_word' id='word_1_49' title='bbox 1404 798 1562 855; x_wconf 90' lang='lat' dir='ltr'><strong>factis</strong></span> <span class='ocrx_word' id='word_1_50' title='bbox 1616 805 2042 860; x_wconf 85' lang='lat' dir='ltr'><strong>reservabantur</strong></span> <span class='ocrx_word' id='word_1_51' title='bbox 2077 824 2090 860; x_wconf 89' lang='lat'><strong>:</strong></span> 
     </span>
    </p>
   </div>
   <div class='ocr_carea' id='block_1_10' title="bbox 524 880 2096 970">
    <p class='ocr_par' dir='ltr' id='par_1_10' title="bbox 524 880 2096 970">
     <span class='ocr_line' id='line_1_10' title="bbox 524 880 2096 970; baseline 0.014 -38"><span class='ocrx_word' id='word_1_52' title='bbox 524 880 642 936; x_wconf 68' lang='lat' dir='ltr'><strong>hmc</strong></span> <span class='ocrx_word' id='word_1_53' title='bbox 670 892 854 936; x_wconf 85' lang='lat' dir='ltr'><strong>autem</strong></span> <span class='ocrx_word' id='word_1_54' title='bbox 879 886 1243 954; x_wconf 90' lang='lat' dir='ltr'><strong>patriarchica</strong></span> <span class='ocrx_word' id='word_1_55' title='bbox 1280 900 1557 970; x_wconf 86' lang='lat' dir='ltr'><strong>erat,_non</strong></span> <span class='ocrx_word' id='word_1_56' title='bbox 1587 893 1940 965; x_wconf 86' lang='lat' dir='ltr'><strong>imperatoria</strong></span> <span class='ocrx_word' id='word_1_57' title='bbox 1979 900 2096 970; x_wconf 86' lang='lat' dir='ltr'><strong>epi-</strong></span> 
     </span>
    </p>
   </div>
   <div class='ocr_carea' id='block_1_11' title="bbox 525 963 1444 1045">
    <p class='ocr_par' dir='ltr' id='par_1_11' title="bbox 525 963 1444 1045">
     <span class='ocr_line' id='line_1_11' title="bbox 525 963 1444 1045; baseline 0.013 -21"><span class='ocrx_word' id='word_1_58' title='bbox 525 987 645 1026; x_wconf 90' lang='lat' dir='ltr'><strong>com</strong></span> <span class='ocrx_word' id='word_1_59' title='bbox 656 973 866 1028; x_wconf 91' lang='lat' dir='ltr'><strong>biorum</strong></span> <span class='ocrx_word' id='word_1_60' title='bbox 902 978 1136 1045; x_wconf 78' lang='lat' dir='ltr'><strong>sparsio.</strong></span> <span class='ocrx_word' id='word_1_61' title='bbox 1427 963 1444 990; x_wconf 54' lang='lat'><strong>‘</strong></span> 
     </span>
    </p>
   </div>
   <div class='ocr_carea' id='block_1_12' title="bbox 609 1063 2098 1148">
    <p class='ocr_par' dir='ltr' id='par_1_12' title="bbox 609 1063 2098 1148">
     <span class='ocr_line' id='line_1_12' title="bbox 609 1063 2098 1148; baseline 0.014 -34"><span class='ocrx_word' id='word_1_62' title='bbox 609 1063 1026 1133; x_wconf 76' lang='grc' dir='ltr'><strong>Ἐπιλυγάζειν</strong></span> <span class='ocrx_word' id='word_1_63' title='bbox 1061 1084 1113 1138; x_wconf 89' lang='lat' dir='ltr'><strong>p.</strong></span> <span class='ocrx_word' id='word_1_64' title='bbox 1148 1071 1275 1126; x_wconf 77' lang='grc'><strong>555.</strong></span> <span class='ocrx_word' id='word_1_65' title='bbox 1337 1072 1418 1126; x_wconf 84' lang='grc' dir='ltr'>Τά</span> <span class='ocrx_word' id='word_1_66' title='bbox 1477 1072 1876 1148; x_wconf 79' lang='grc' dir='ltr'><strong>ὡμολογημένα</strong></span> <span class='ocrx_word' id='word_1_67' title='bbox 1908 1081 2098 1134; x_wconf 77' lang='grc' dir='ltr'>ἐπιλυ-</span> 
     </span>
    </p>
   </div>
   <div class='ocr_carea' id='block_1_13' title="bbox 524 1153 2099 1243">
    <p class='ocr_par' dir='ltr' id='par_1_13' title="bbox 524 1153 2099 1243">
     <span class='ocr_line' id='line_1_13' title="bbox 524 1153 2099 1243; baseline 0.014 -39"><span class='ocrx_word' id='word_1_68' title='bbox 524 1153 743 1221; x_wconf 77' lang='grc' dir='ltr'><strong>γάζετο.</strong></span> <span class='ocrx_word' id='word_1_69' title='bbox 802 1155 917 1210; x_wconf 83' lang='lat' dir='ltr'><strong>Duo</strong></span> <span class='ocrx_word' id='word_1_70' title='bbox 968 1160 1158 1215; x_wconf 91' lang='lat' dir='ltr'><strong>ultima</strong></span> <span class='ocrx_word' id='word_1_71' title='bbox 1209 1164 1373 1218; x_wconf 84' lang='lat' dir='ltr'><strong>verba</strong></span> <span class='ocrx_word' id='word_1_72' title='bbox 1402 1163 1578 1221; x_wconf 84' lang='lat' dir='ltr'><strong>Vatic.</strong></span> <span class='ocrx_word' id='word_1_73' title='bbox 1608 1167 1676 1222; x_wconf 90' lang='lat' dir='ltr'><strong>de</strong></span> <span class='ocrx_word' id='word_1_74' title='bbox 1723 1185 1875 1226; x_wconf 88' lang='lat' dir='ltr'><strong>more</strong></span> <span class='ocrx_word' id='word_1_75' title='bbox 1915 1189 2099 1243; x_wconf 84' lang='grc' dir='ltr'>παρα-</span> 
     </span>
    </p>
   </div>
   <div class='ocr_carea' id='block_1_14' title="bbox 525 1247 2097 1336">
    <p class='ocr_par' dir='ltr' id='par_1_14' title="bbox 525 1247 2097 1336">
     <span class='ocr_line' id='line_1_14' title="bbox 525 1247 2097 1336; baseline 0.013 -38"><span class='ocrx_word' id='word_1_76' title='bbox 525 1247 750 1317; x_wconf 73' lang='grc' dir='ltr'>φρὰζων</span> <span class='ocrx_word' id='word_1_77' title='bbox 790 1249 873 1303; x_wconf 88' lang='lat' dir='ltr'><strong>his</strong></span> <span class='ocrx_word' id='word_1_78' title='bbox 930 1251 1050 1305; x_wconf 88' lang='lat' dir='ltr'><strong>aliis</strong></span> <span class='ocrx_word' id='word_1_79' title='bbox 1082 1265 1384 1311; x_wconf 75' lang='lat' dir='ltr'><strong>commutat</strong></span> <span class='ocrx_word' id='word_1_80' title='bbox 1414 1276 1428 1312; x_wconf 90' lang='lat'><strong>:</strong></span> <span class='ocrx_word' id='word_1_81' title='bbox 1460 1259 1531 1312; x_wconf 76' lang='grc' dir='ltr'><strong>τὰ</strong></span> <span class='ocrx_word' id='word_1_82' title='bbox 1598 1277 1824 1332; x_wconf 82' lang='grc' dir='ltr'>συμπεφ</span> <span class='ocrx_word' id='word_1_83' title='bbox 1841 1266 2097 1336; x_wconf 75' lang='grc' dir='ltr'>ωνημένα</span> 
     </span>
    </p>
   </div>
   <div class='ocr_carea' id='block_1_15' title="bbox 527 1341 2094 1430">
    <p class='ocr_par' dir='ltr' id='par_1_15' title="bbox 527 1341 2094 1430">
     <span class='ocr_line' id='line_1_15' title="bbox 527 1341 2094 1430; baseline 0.015 -39"><span class='ocrx_word' id='word_1_84' title='bbox 527 1341 957 1406; x_wconf 77' lang='grc' dir='ltr'><strong>ὲπεσκεπάζετο.</strong></span> <span class='ocrx_word' id='word_1_85' title='bbox 1033 1345 1320 1416; x_wconf 81' lang='lat' dir='ltr'><strong>Signiﬁcat</strong></span> <span class='ocrx_word' id='word_1_86' title='bbox 1406 1362 1600 1408; x_wconf 81' lang='lat' dir='ltr'><strong>auctor</strong></span> <span class='ocrx_word' id='word_1_87' title='bbox 1627 1355 1775 1410; x_wconf 90' lang='lat' dir='ltr'><strong>hunc</strong></span> <span class='ocrx_word' id='word_1_88' title='bbox 1859 1359 2094 1430; x_wconf 80' lang='lat' dir='ltr'><strong>legatum</strong></span> 
     </span>
    </p>
   </div>
   <div class='ocr_carea' id='block_1_16' title="bbox 529 1431 2096 1518">
    <p class='ocr_par' dir='ltr' id='par_1_16' title="bbox 529 1431 2096 1518">
     <span class='ocr_line' id='line_1_16' title="bbox 529 1431 2096 1518; baseline 0.015 -35"><span class='ocrx_word' id='word_1_89' title='bbox 529 1431 691 1486; x_wconf 88' lang='lat' dir='ltr'><strong>cralis</strong></span> <span class='ocrx_word' id='word_1_90' title='bbox 732 1432 935 1488; x_wconf 70' lang='lat' dir='ltr'><strong>SCI‘biiB</strong></span> <span class='ocrx_word' id='word_1_91' title='bbox 973 1436 1348 1495; x_wconf 88' lang='lat' dir='ltr'><strong>dissimulasse</strong></span> <span class='ocrx_word' id='word_1_92' title='bbox 1379 1441 1433 1495; x_wconf 90' lang='lat' dir='ltr'><strong>in</strong></span> <span class='ocrx_word' id='word_1_93' title='bbox 1467 1447 1747 1501; x_wconf 85' lang='lat' dir='ltr'><strong>tractando</strong></span> <span class='ocrx_word' id='word_1_94' title='bbox 1781 1449 1936 1518; x_wconf 89' lang='lat' dir='ltr'><strong>prius</strong></span> <span class='ocrx_word' id='word_1_95' title='bbox 1962 1466 2096 1505; x_wconf 87' lang='lat' dir='ltr'><strong>con-</strong></span> 
     </span>
    </p>
   </div>
   <div class='ocr_carea' id='block_1_17' title="bbox 527 1526 2096 1611">
    <p class='ocr_par' dir='ltr' id='par_1_17' title="bbox 527 1526 2096 1611">
     <span class='ocr_line' id='line_1_17' title="bbox 527 1526 2096 1611; baseline 0.015 -38"><span class='ocrx_word' id='word_1_96' title='bbox 527 1529 688 1577; x_wconf 83' lang='lat' dir='ltr'><strong>venta</strong></span> <span class='ocrx_word' id='word_1_97' title='bbox 731 1526 1084 1594; x_wconf 78' lang='lat' dir='ltr'><strong>et‘stipulata</strong></span> <span class='ocrx_word' id='word_1_98' title='bbox 1144 1530 1286 1586; x_wconf 90' lang='lat' dir='ltr'><strong>inter</strong></span> <span class='ocrx_word' id='word_1_99' title='bbox 1343 1537 1726 1605; x_wconf 84' lang='lat' dir='ltr'><strong>imperatorem</strong></span> <span class='ocrx_word' id='word_1_100' title='bbox 1767 1550 1823 1597; x_wconf 88' lang='lat' dir='ltr'><strong>et</strong></span> <span class='ocrx_word' id='word_1_101' title='bbox 1872 1544 2096 1611; x_wconf 88' lang='lat' dir='ltr'><strong>cralem,</strong></span> 
     </span>
    </p>
   </div>
   <div class='ocr_carea' id='block_1_18' title="bbox 526 1614 2100 1690">
    <p class='ocr_par' dir='ltr' id='par_1_18' title="bbox 526 1614 2100 1690">
     <span class='ocr_line' id='line_1_18' title="bbox 526 1614 2100 1690; baseline 0.017 -28"><span class='ocrx_word' id='word_1_102' title='bbox 526 1620 710 1668; x_wconf 88' lang='lat' dir='ltr'><strong>astuto</strong></span> <span class='ocrx_word' id='word_1_103' title='bbox 744 1614 832 1669; x_wconf 90' lang='lat' dir='ltr'><strong>illa</strong></span> <span class='ocrx_word' id='word_1_104' title='bbox 866 1616 1085 1672; x_wconf 88' lang='lat' dir='ltr'><strong>silentio</strong></span> <span class='ocrx_word' id='word_1_105' title='bbox 1119 1622 1382 1690; x_wconf 90' lang='lat' dir='ltr'><strong>tegendo,</strong></span> <span class='ocrx_word' id='word_1_106' title='bbox 1414 1640 1483 1682; x_wconf 92' lang='lat' dir='ltr'><strong>ne</strong></span> <span class='ocrx_word' id='word_1_107' title='bbox 1535 1630 1812 1687; x_wconf 87' lang='lat' dir='ltr'><strong>mentione</strong></span> <span class='ocrx_word' id='word_1_108' title='bbox 1854 1633 1997 1687; x_wconf 75' lang='lat' dir='ltr'><strong>facta</strong></span> <span class='ocrx_word' id='word_1_109' title='bbox 2037 1633 2100 1687; x_wconf 85' lang='lat' dir='ltr'><strong>il-</strong></span> 
     </span>
    </p>
   </div>
   <div class='ocr_carea' id='block_1_19' title="bbox 529 1701 2101 1794">
    <p class='ocr_par' dir='ltr' id='par_1_19' title="bbox 529 1701 2101 1794">
     <span class='ocr_line' id='line_1_19' title="bbox 529 1701 2101 1794; baseline 0.018 -41"><span class='ocrx_word' id='word_1_110' title='bbox 529 1701 699 1756; x_wconf 89' lang='lat' dir='ltr'><strong>Iorum</strong></span> <span class='ocrx_word' id='word_1_111' title='bbox 750 1720 812 1760; x_wconf 91' lang='lat' dir='ltr'><strong>ea</strong></span> <span class='ocrx_word' id='word_1_112' title='bbox 850 1715 965 1764; x_wconf 87' lang='lat' dir='ltr'><strong>rata</strong></span> <span class='ocrx_word' id='word_1_113' title='bbox 1013 1709 1215 1766; x_wconf 87' lang='lat' dir='ltr'><strong>habere</strong></span> <span class='ocrx_word' id='word_1_114' title='bbox 1274 1714 1579 1772; x_wconf 86' lang='lat' dir='ltr'><strong>videretur.</strong></span> <span class='ocrx_word' id='word_1_115' title='bbox 1615 1720 1768 1790; x_wconf 79' lang='grc' dir='ltr'><strong>Λύγη</strong></span> <span class='ocrx_word' id='word_1_116' title='bbox 1826 1722 2101 1794; x_wconf 87' lang='lat' dir='ltr'><strong>interpre-</strong></span> 
     </span>
    </p>
   </div>
   <div class='ocr_carea' id='block_1_20' title="bbox 527 1783 2172 1890">
    <p class='ocr_par' dir='ltr' id='par_1_20' title="bbox 527 1783 2172 1890">
     <span class='ocr_line' id='line_1_20' title="bbox 527 1783 2172 1890; baseline 0.018 -43"><span class='ocrx_word' id='word_1_117' title='bbox 527 1795 676 1851; x_wconf 86' lang='lat' dir='ltr'><strong>tibus</strong></span> <span class='ocrx_word' id='word_1_118' title='bbox 716 1798 936 1857; x_wconf 83' lang='lat' dir='ltr'><strong>Homeri</strong></span> <span class='ocrx_word' id='word_1_119' title='bbox 985 1813 1070 1858; x_wconf 83' lang='lat' dir='ltr'><strong>est</strong></span> <span class='ocrx_word' id='word_1_120' title='bbox 1101 1806 1159 1858; x_wconf 80' lang='grc' dir='ltr'>ἐν</span> <span class='ocrx_word' id='word_1_121' title='bbox 1191 1807 1291 1878; x_wconf 73' lang='grc' dir='ltr'><strong>ἴσῳ</strong></span> <span class='ocrx_word' id='word_1_122' title='bbox 1334 1810 1410 1878; x_wconf 81' lang='grc' dir='ltr'><strong>τῷ</strong></span> <span class='ocrx_word' id='word_1_123' title='bbox 1439 1811 1640 1882; x_wconf 77' lang='grc' dir='ltr'><strong>ήλύγη,</strong></span> <span class='ocrx_word' id='word_1_124' title='bbox 1669 1783 1847 1869; x_wconf 56' lang='lat' dir='ltr'><strong>sem</strong></span> <span class='ocrx_word' id='word_1_125' title='bbox 1885 1783 2092 1890; x_wconf 67' lang='grc' dir='ltr'><strong>σκέπη,</strong></span> <span class='ocrx_word' id='word_1_126' title='bbox 2125 1783 2172 1842; x_wconf 75' lang='grc' dir='ltr'><strong>Β</strong></span> 
     </span>
    </p>
   </div>
   <div class='ocr_carea' id='block_1_21' title="bbox 528 1891 2096 1980">
    <p class='ocr_par' dir='ltr' id='par_1_21' title="bbox 528 1891 2096 1980">
     <span class='ocr_line' id='line_1_21' title="bbox 528 1891 2096 1980; baseline 0.016 -39"><span class='ocrx_word' id='word_1_127' title='bbox 528 1893 678 1943; x_wconf 85' lang='grc' dir='ltr'>σκιά.</span> <span class='ocrx_word' id='word_1_128' title='bbox 723 1891 878 1948; x_wconf 87' lang='lat' dir='ltr'><strong>Unde</strong></span> <span class='ocrx_word' id='word_1_129' title='bbox 913 1905 995 1950; x_wconf 86' lang='lat' dir='ltr'><strong>est</strong></span> <span class='ocrx_word' id='word_1_130' title='bbox 1247 1899 1468 1969; x_wconf 82' lang='grc' dir='ltr'>λυγαῖον</span> <span class='ocrx_word' id='word_1_131' title='bbox 1531 1904 1592 1976; x_wconf 69' lang='lat' dir='ltr'><strong>[l‘</strong></span> <span class='ocrx_word' id='word_1_132' title='bbox 1618 1906 1745 1980; x_wconf 79' lang='grc'><strong>585]</strong></span> <span class='ocrx_word' id='word_1_133' title='bbox 1778 1909 1893 1978; x_wconf 81' lang='grc' dir='ltr'><strong>φῶς</strong></span> <span class='ocrx_word' id='word_1_134' title='bbox 1944 1913 2096 1966; x_wconf 86' lang='lat' dir='ltr'><strong>mali-</strong></span> 
     </span>
    </p>
   </div>
   <div class='ocr_carea' id='block_1_22' title="bbox 527 1984 2097 2066">
    <p class='ocr_par' dir='ltr' id='par_1_22' title="bbox 527 1984 2097 2066">
     <span class='ocr_line' id='line_1_22' title="bbox 527 1984 2097 2066; baseline 0.014 -31"><span class='ocrx_word' id='word_1_135' title='bbox 527 1999 629 2052; x_wconf 85' lang='lat' dir='ltr'><strong>gna</strong></span> <span class='ocrx_word' id='word_1_136' title='bbox 675 1984 787 2039; x_wconf 89' lang='lat' dir='ltr'><strong>lux.</strong></span> <span class='ocrx_word' id='word_1_137' title='bbox 824 1985 959 2042; x_wconf 91' lang='lat' dir='ltr'><strong>Hinc</strong></span> <span class='ocrx_word' id='word_1_138' title='bbox 993 1991 1344 2059; x_wconf 79' lang='grc' dir='ltr'><strong>ὲπιλυγάζειν</strong></span> <span class='ocrx_word' id='word_1_139' title='bbox 1387 1995 1585 2052; x_wconf 81' lang='lat' dir='ltr'><strong>valebit</strong></span> <span class='ocrx_word' id='word_1_140' title='bbox 1631 1999 1936 2066; x_wconf 68' lang='lat' dir='ltr'><strong>obs-curare,</strong></span> <span class='ocrx_word' id='word_1_141' title='bbox 1963 2005 2097 2056; x_wconf 84' lang='lat' dir='ltr'><strong>cali-</strong></span> 
     </span>
    </p>
   </div>
   <div class='ocr_carea' id='block_1_23' title="bbox 524 2077 1804 2147">
    <p class='ocr_par' dir='ltr' id='par_1_23' title="bbox 524 2077 1804 2147">
     <span class='ocr_line' id='line_1_23' title="bbox 524 2077 1804 2147; baseline 0.016 -21"><span class='ocrx_word' id='word_1_142' title='bbox 524 2077 644 2144; x_wconf 83' lang='lat' dir='ltr'><strong>gine</strong></span> <span class='ocrx_word' id='word_1_143' title='bbox 674 2079 954 2147; x_wconf 72' lang='lat' dir='ltr'><strong>oﬂ&#39;undere,</strong></span> <span class='ocrx_word' id='word_1_144' title='bbox 987 2084 1183 2138; x_wconf 85' lang='lat' dir='ltr'><strong>artifici</strong></span> <span class='ocrx_word' id='word_1_145' title='bbox 1237 2085 1457 2140; x_wconf 82' lang='lat' dir='ltr'><strong>silentio</strong></span> <span class='ocrx_word' id='word_1_146' title='bbox 1505 2087 1804 2146; x_wconf 75' lang='lat' dir='ltr'><strong>involvere.</strong></span> 
     </span>
    </p>
   </div>
   <div class='ocr_carea' id='block_1_24' title="bbox 609 2167 2096 2259">
    <p class='ocr_par' dir='ltr' id='par_1_24' title="bbox 609 2167 2096 2259">
     <span class='ocr_line' id='line_1_24' title="bbox 609 2167 2096 2259; baseline 0.015 -41"><span class='ocrx_word' id='word_1_147' title='bbox 609 2167 1176 2242; x_wconf 81' lang='grc' dir='ltr'><strong>Ἐπιστημονάρχης</strong></span> <span class='ocrx_word' id='word_1_148' title='bbox 1249 2193 1305 2248; x_wconf 90' lang='lat' dir='ltr'><strong>p.</strong></span> <span class='ocrx_word' id='word_1_149' title='bbox 1371 2180 1496 2236; x_wconf 71' lang='grc'><strong>261.</strong></span> <span class='ocrx_word' id='word_1_150' title='bbox 1577 2183 2096 2259; x_wconf 74' lang='grc' dir='ltr'><strong>Ἐπιστημονάρχης</strong></span> 
     </span>
    </p>
   </div>
   <div class='ocr_carea' id='block_1_25' title="bbox 526 2269 2095 2353">
    <p class='ocr_par' dir='ltr' id='par_1_25' title="bbox 526 2269 2095 2353">
     <span class='ocr_line' id='line_1_25' title="bbox 526 2269 2095 2353; baseline 0.017 -41"><span class='ocrx_word' id='word_1_151' title='bbox 526 2275 630 2313; x_wconf 88' lang='lat' dir='ltr'><strong>vox</strong></span> <span class='ocrx_word' id='word_1_152' title='bbox 704 2271 789 2317; x_wconf 90' lang='lat' dir='ltr'><strong>est</strong></span> <span class='ocrx_word' id='word_1_153' title='bbox 851 2269 1148 2336; x_wconf 57' lang='lat' dir='ltr'><strong>Composita</strong></span> <span class='ocrx_word' id='word_1_154' title='bbox 1192 2282 1260 2325; x_wconf 83' lang='lat' dir='ltr'><strong>ex</strong></span> <span class='ocrx_word' id='word_1_155' title='bbox 1315 2274 1637 2345; x_wconf 68' lang='grc' dir='ltr'>ἐπιστήμων</span> <span class='ocrx_word' id='word_1_156' title='bbox 1703 2288 1757 2332; x_wconf 92' lang='lat' dir='ltr'><strong>et</strong></span> <span class='ocrx_word' id='word_1_157' title='bbox 1802 2279 1971 2353; x_wconf 80' lang='grc' dir='ltr'>ἁρχὴ.</span> <span class='ocrx_word' id='word_1_158' title='bbox 2027 2281 2095 2338; x_wconf 90' lang='lat' dir='ltr'><strong>ad</strong></span> 
     </span>
    </p>
   </div>
   <div class='ocr_carea' id='block_1_26' title="bbox 527 2352 2094 2439">
    <p class='ocr_par' dir='ltr' id='par_1_26' title="bbox 527 2352 2094 2439">
     <span class='ocr_line' id='line_1_26' title="bbox 527 2352 2094 2439; baseline 0.015 -33"><span class='ocrx_word' id='word_1_159' title='bbox 527 2352 941 2422; x_wconf 70' lang='lat' dir='ltr'><strong>signiﬁcandum</strong></span> <span class='ocrx_word' id='word_1_160' title='bbox 989 2361 1292 2434; x_wconf 90' lang='lat' dir='ltr'><strong>principem</strong></span> <span class='ocrx_word' id='word_1_161' title='bbox 1367 2368 1739 2438; x_wconf 88' lang='lat' dir='ltr'><strong>cognitorem,</strong></span> <span class='ocrx_word' id='word_1_162' title='bbox 1801 2373 1909 2428; x_wconf 88' lang='lat' dir='ltr'><strong>huc</strong></span> <span class='ocrx_word' id='word_1_163' title='bbox 1987 2386 2094 2439; x_wconf 92' lang='lat' dir='ltr'><strong>est,</strong></span> 
     </span>
    </p>
   </div>
   <div class='ocr_carea' id='block_1_27' title="bbox 525 2449 2094 2536">
    <p class='ocr_par' dir='ltr' id='par_1_27' title="bbox 525 2449 2094 2536">
     <span class='ocr_line' id='line_1_27' title="bbox 525 2449 2094 2536; baseline 0.015 -37"><span class='ocrx_word' id='word_1_164' title='bbox 525 2462 650 2502; x_wconf 89' lang='lat' dir='ltr'><strong>cum</strong></span> <span class='ocrx_word' id='word_1_165' title='bbox 723 2449 808 2504; x_wconf 92' lang='lat' dir='ltr'><strong>cui</strong></span> <span class='ocrx_word' id='word_1_166' title='bbox 882 2449 939 2505; x_wconf 90' lang='lat' dir='ltr'><strong>in</strong></span> <span class='ocrx_word' id='word_1_167' title='bbox 987 2453 1177 2522; x_wconf 87' lang='lat' dir='ltr'><strong>primis</strong></span> <span class='ocrx_word' id='word_1_168' title='bbox 1235 2459 1602 2529; x_wconf 78' lang='lat' dir='ltr'><strong>cognoscendi</strong></span> <span class='ocrx_word' id='word_1_169' title='bbox 1665 2463 1734 2517; x_wconf 91' lang='lat' dir='ltr'><strong>de</strong></span> <span class='ocrx_word' id='word_1_170' title='bbox 1797 2479 1856 2520; x_wconf 89' lang='lat' dir='ltr'><strong>re</strong></span> <span class='ocrx_word' id='word_1_171' title='bbox 1912 2467 2094 2536; x_wconf 87' lang='lat' dir='ltr'><strong>aliqua</strong></span> 
     </span>
    </p>
   </div>
   <div class='ocr_carea' id='block_1_28' title="bbox 521 2537 2097 2625">
    <p class='ocr_par' dir='ltr' id='par_1_28' title="bbox 521 2537 2097 2625">
     <span class='ocr_line' id='line_1_28' title="bbox 521 2537 2097 2625; baseline 0.015 -36"><span class='ocrx_word' id='word_1_172' title='bbox 521 2537 611 2607; x_wconf 88' lang='lat' dir='ltr'><strong>jus</strong></span> <span class='ocrx_word' id='word_1_173' title='bbox 676 2541 956 2609; x_wconf 87' lang='lat' dir='ltr'><strong>competit.</strong></span> <span class='ocrx_word' id='word_1_174' title='bbox 1017 2544 1214 2615; x_wconf 87' lang='lat' dir='ltr'><strong>Aptum</strong></span> <span class='ocrx_word' id='word_1_175' title='bbox 1294 2551 1618 2608; x_wconf 89' lang='lat' dir='ltr'><strong>vocabulum</strong></span> <span class='ocrx_word' id='word_1_176' title='bbox 1670 2555 1734 2608; x_wconf 87' lang='lat' dir='ltr'><strong>ad</strong></span> <span class='ocrx_word' id='word_1_177' title='bbox 1806 2556 2097 2625; x_wconf 64' lang='lat' dir='ltr'><strong>explicano</strong></span> 
     </span>
    </p>
   </div>
   <div class='ocr_carea' id='block_1_29' title="bbox 525 2629 2100 2710">
    <p class='ocr_par' dir='ltr' id='par_1_29' title="bbox 525 2629 2100 2710">
     <span class='ocr_line' id='line_1_29' title="bbox 525 2629 2100 2710; baseline 0.015 -29"><span class='ocrx_word' id='word_1_178' title='bbox 525 2629 650 2683; x_wconf 88' lang='lat' dir='ltr'><strong>dam</strong></span> <span class='ocrx_word' id='word_1_179' title='bbox 694 2631 1001 2704; x_wconf 85' lang='lat' dir='ltr'><strong>principum</strong></span> <span class='ocrx_word' id='word_1_180' title='bbox 1033 2646 1129 2691; x_wconf 90' lang='lat' dir='ltr'><strong>aut</strong></span> <span class='ocrx_word' id='word_1_181' title='bbox 1183 2639 1595 2710; x_wconf 79' lang='lat' dir='ltr'><strong>magistratuum</strong></span> <span class='ocrx_word' id='word_1_182' title='bbox 1639 2647 1982 2704; x_wconf 70' lang='lat' dir='ltr'><strong>saecularium</strong></span> <span class='ocrx_word' id='word_1_183' title='bbox 2013 2649 2100 2705; x_wconf 78' lang='lat' dir='ltr'><strong>iu-</strong></span> 
     </span>
    </p>
   </div>
   <div class='ocr_carea' id='block_1_30' title="bbox 528 2721 2094 2796">
    <p class='ocr_par' dir='ltr' id='par_1_30' title="bbox 528 2721 2094 2796">
     <span class='ocr_line' id='line_1_30' title="bbox 528 2721 2094 2796; baseline 0.017 -27"><span class='ocrx_word' id='word_1_184' title='bbox 528 2721 926 2776; x_wconf 85' lang='lat' dir='ltr'><strong>terventionem</strong></span> <span class='ocrx_word' id='word_1_185' title='bbox 960 2721 1018 2777; x_wconf 90' lang='lat' dir='ltr'><strong>in</strong></span> <span class='ocrx_word' id='word_1_186' title='bbox 1050 2727 1275 2796; x_wconf 83' lang='lat' dir='ltr'><strong>synodis</strong></span> <span class='ocrx_word' id='word_1_187' title='bbox 1307 2738 1404 2784; x_wconf 90' lang='lat' dir='ltr'><strong>aut</strong></span> <span class='ocrx_word' id='word_1_188' title='bbox 1429 2733 1661 2790; x_wconf 78' lang='lat' dir='ltr'><strong>ccetibus</strong></span> <span class='ocrx_word' id='word_1_189' title='bbox 1686 2738 2094 2795; x_wconf 87' lang='lat' dir='ltr'><strong>ecclesiasticis.</strong></span> 
     </span>
    </p>
   </div>
   <div class='ocr_carea' id='block_1_31' title="bbox 524 2808 2096 2895">
    <p class='ocr_par' dir='ltr' id='par_1_31' title="bbox 524 2808 2096 2895">
     <span class='ocr_line' id='line_1_31' title="bbox 524 2808 2096 2895; baseline 0.016 -32"><span class='ocrx_word' id='word_1_190' title='bbox 524 2808 641 2865; x_wconf 82' lang='lat' dir='ltr'><strong>Non</strong></span> <span class='ocrx_word' id='word_1_191' title='bbox 672 2813 816 2868; x_wconf 91' lang='lat' dir='ltr'><strong>enim</strong></span> <span class='ocrx_word' id='word_1_192' title='bbox 849 2813 916 2868; x_wconf 83' lang='lat' dir='ltr'><strong>iis</strong></span> <span class='ocrx_word' id='word_1_193' title='bbox 943 2818 1236 2885; x_wconf 71' lang='lat' dir='ltr'><strong>przesident</strong></span> <span class='ocrx_word' id='word_1_194' title='bbox 1267 2823 1554 2892; x_wconf 88' lang='lat' dir='ltr'><strong>utjudices</strong></span> <span class='ocrx_word' id='word_1_195' title='bbox 1585 2842 1707 2882; x_wconf 87' lang='lat' dir='ltr'><strong>cum</strong></span> <span class='ocrx_word' id='word_1_196' title='bbox 1734 2827 1859 2895; x_wconf 82' lang='lat' dir='ltr'><strong>jure</strong></span> <span class='ocrx_word' id='word_1_197' title='bbox 1894 2832 2096 2887; x_wconf 78' lang='lat' dir='ltr'><strong>suffra-</strong></span> 
     </span>
    </p>
   </div>
   <div class='ocr_carea' id='block_1_32' title="bbox 525 2904 2094 2995">
    <p class='ocr_par' dir='ltr' id='par_1_32' title="bbox 525 2904 2094 2995">
     <span class='ocr_line' id='line_1_32' title="bbox 525 2904 2094 2995; baseline 0.014 -37"><span class='ocrx_word' id='word_1_198' title='bbox 525 2904 596 2974; x_wconf 86' lang='lat' dir='ltr'><strong>gii</strong></span> <span class='ocrx_word' id='word_1_199' title='bbox 625 2904 873 2974; x_wconf 89' lang='lat' dir='ltr'><strong>decisivi,</strong></span> <span class='ocrx_word' id='word_1_200' title='bbox 913 2909 1006 2964; x_wconf 90' lang='lat' dir='ltr'><strong>sed</strong></span> <span class='ocrx_word' id='word_1_201' title='bbox 1041 2909 1312 2968; x_wconf 86' lang='lat' dir='ltr'><strong>intersunt</strong></span> <span class='ocrx_word' id='word_1_202' title='bbox 1349 2923 1407 2970; x_wconf 90' lang='lat' dir='ltr'><strong>ut</strong></span> <span class='ocrx_word' id='word_1_203' title='bbox 1443 2924 1631 2984; x_wconf 87' lang='lat' dir='ltr'><strong>testes,</strong></span> <span class='ocrx_word' id='word_1_204' title='bbox 1664 2921 1782 2976; x_wconf 91' lang='lat' dir='ltr'><strong>solo</strong></span> <span class='ocrx_word' id='word_1_205' title='bbox 1828 2925 2094 2995; x_wconf 88' lang='lat' dir='ltr'><strong>cognitio-</strong></span> 
     </span>
    </p>
   </div>
   <div class='ocr_carea' id='block_1_33' title="bbox 526 2995 2094 3072">
    <p class='ocr_par' dir='ltr' id='par_1_33' title="bbox 526 2995 2094 3072">
     <span class='ocr_line' id='line_1_33' title="bbox 526 2995 2094 3072; baseline 0.017 -25"><span class='ocrx_word' id='word_1_206' title='bbox 526 2995 612 3050; x_wconf 88' lang='lat' dir='ltr'><strong>nis</strong></span> <span class='ocrx_word' id='word_1_207' title='bbox 669 2998 1070 3068; x_wconf 87' lang='lat' dir='ltr'><strong>approbatricis</strong></span> <span class='ocrx_word' id='word_1_208' title='bbox 1118 3004 1347 3060; x_wconf 91' lang='lat' dir='ltr'><strong>arbitrio</strong></span> <span class='ocrx_word' id='word_1_209' title='bbox 1416 3008 1655 3066; x_wconf 87' lang='lat' dir='ltr'><strong>decretis</strong></span> <span class='ocrx_word' id='word_1_210' title='bbox 1709 3015 2094 3072; x_wconf 89' lang='lat' dir='ltr'><strong>auctoritatem</strong></span> 
     </span>
    </p>
   </div>
   <div class='ocr_carea' id='block_1_34' title="bbox 526 3085 2168 3187">
    <p class='ocr_par' dir='ltr' id='par_1_34' title="bbox 526 3085 2168 3187">
     <span class='ocr_line' id='line_1_34' title="bbox 526 3085 2168 3187; baseline 0.016 -49"><span class='ocrx_word' id='word_1_211' title='bbox 526 3085 892 3156; x_wconf 73' lang='lat' dir='ltr'><strong>conferentes,</strong></span> <span class='ocrx_word' id='word_1_212' title='bbox 949 3101 1005 3146; x_wconf 90' lang='lat' dir='ltr'><strong>et</strong></span> <span class='ocrx_word' id='word_1_213' title='bbox 1033 3094 1099 3147; x_wconf 89' lang='lat' dir='ltr'><strong>ad</strong></span> <span class='ocrx_word' id='word_1_214' title='bbox 1149 3100 1557 3156; x_wconf 81' lang='lat' dir='ltr'><strong>exsecutionem</strong></span> <span class='ocrx_word' id='word_1_215' title='bbox 1592 3104 1758 3159; x_wconf 90' lang='lat' dir='ltr'><strong>robur</strong></span> <span class='ocrx_word' id='word_1_216' title='bbox 1817 3107 2095 3162; x_wconf 72' lang='lat' dir='ltr'><strong>saecularis</strong></span> <span class='ocrx_word' id='word_1_217' title='bbox 2125 3128 2168 3187; x_wconf 69' lang='grc' dir='ltr'><em>ε</em></span> 
     </span>
    </p>
   </div>
   <div class='ocr_carea' id='block_1_35' title="bbox 527 3179 2096 3266">
    <p class='ocr_par' dir='ltr' id='par_1_35' title="bbox 527 3179 2096 3266">
     <span class='ocr_line' id='line_1_35' title="bbox 527 3179 2096 3266; baseline 0.018 -41"><span class='ocrx_word' id='word_1_218' title='bbox 527 3179 806 3241; x_wconf 80' lang='lat' dir='ltr'><strong>potestatis</strong></span> <span class='ocrx_word' id='word_1_219' title='bbox 857 3183 1239 3254; x_wconf 83' lang='lat' dir='ltr'><strong>adjungentes.</strong></span> <span class='ocrx_word' id='word_1_220' title='bbox 1291 3188 1394 3244; x_wconf 88' lang='lat' dir='ltr'><strong>Ubi</strong></span> <span class='ocrx_word' id='word_1_221' title='bbox 1442 3193 1741 3249; x_wconf 89' lang='lat' dir='ltr'><strong>notandum</strong></span> <span class='ocrx_word' id='word_1_222' title='bbox 1801 3197 2096 3266; x_wconf 88' lang='lat' dir='ltr'><strong>primatum</strong></span> 
     </span>
    </p>
   </div>
   <div class='ocr_carea' id='block_1_36' title="bbox 525 3266 2088 3358">
    <p class='ocr_par' dir='ltr' id='par_1_36' title="bbox 525 3266 2088 3358">
     <span class='ocr_line' id='line_1_36' title="bbox 525 3266 2088 3358; baseline 0.017 -38"><span class='ocrx_word' id='word_1_223' title='bbox 525 3266 689 3324; x_wconf 87' lang='lat' dir='ltr'><strong>istum</strong></span> <span class='ocrx_word' id='word_1_224' title='bbox 723 3274 1074 3343; x_wconf 75' lang='lat' dir='ltr'><strong>cognitionis,</strong></span> <span class='ocrx_word' id='word_1_225' title='bbox 1107 3278 1196 3347; x_wconf 90' lang='lat' dir='ltr'><strong>qui</strong></span> <span class='ocrx_word' id='word_1_226' title='bbox 1225 3290 1537 3350; x_wconf 90' lang='lat' dir='ltr'><strong>competere</strong></span> <span class='ocrx_word' id='word_1_227' title='bbox 1581 3285 1937 3358; x_wconf 86' lang='lat' dir='ltr'><strong>principibus,</strong></span> <span class='ocrx_word' id='word_1_228' title='bbox 1974 3306 2088 3346; x_wconf 79' lang='lat' dir='ltr'><strong>non</strong></span> 
     </span>
    </p>
   </div>
   <div class='ocr_carea' id='block_1_37' title="bbox 527 3359 2096 3444">
    <p class='ocr_par' dir='ltr' id='par_1_37' title="bbox 527 3359 2096 3444">
     <span class='ocr_line' id='line_1_37' title="bbox 527 3359 2096 3444; baseline 0.018 -33"><span class='ocrx_word' id='word_1_229' title='bbox 527 3359 914 3418; x_wconf 88' lang='lat' dir='ltr'><strong>ecclesiasticis</strong></span> <span class='ocrx_word' id='word_1_230' title='bbox 949 3365 1038 3419; x_wconf 89' lang='lat' dir='ltr'><strong>hic</strong></span> <span class='ocrx_word' id='word_1_231' title='bbox 1069 3367 1294 3434; x_wconf 89' lang='lat' dir='ltr'><strong>dicitur,</strong></span> <span class='ocrx_word' id='word_1_232' title='bbox 1325 3387 1447 3428; x_wconf 90' lang='lat' dir='ltr'><strong>esse</strong></span> <span class='ocrx_word' id='word_1_233' title='bbox 1477 3385 1730 3444; x_wconf 89' lang='lat' dir='ltr'><strong>respectu</strong></span> <span class='ocrx_word' id='word_1_234' title='bbox 1775 3391 2096 3438; x_wconf 71' lang='lat' dir='ltr'><strong>eteterorum</strong></span> 
     </span>
    </p>
   </div>
   <div class='ocr_carea' id='block_1_38' title="bbox 529 3447 2100 3541">
    <p class='ocr_par' dir='ltr' id='par_1_38' title="bbox 529 3447 2100 3541">
     <span class='ocr_line' id='line_1_38' title="bbox 529 3447 2100 3541; baseline 0.018 -41"><span class='ocrx_word' id='word_1_235' title='bbox 529 3447 614 3502; x_wconf 89' lang='lat' dir='ltr'><strong>sui</strong></span> <span class='ocrx_word' id='word_1_236' title='bbox 649 3451 883 3516; x_wconf 90' lang='lat' dir='ltr'><strong>ordinis,</strong></span> <span class='ocrx_word' id='word_1_237' title='bbox 923 3454 1027 3510; x_wconf 92' lang='lat' dir='ltr'><strong>hoc</strong></span> <span class='ocrx_word' id='word_1_238' title='bbox 1063 3467 1147 3512; x_wconf 88' lang='lat' dir='ltr'><strong>est</strong></span> <span class='ocrx_word' id='word_1_239' title='bbox 1203 3459 1489 3527; x_wconf 89' lang='lat' dir='ltr'><strong>laicorum,</strong></span> <span class='ocrx_word' id='word_1_240' title='bbox 1540 3465 1684 3522; x_wconf 89' lang='lat' dir='ltr'><strong>inter</strong></span> <span class='ocrx_word' id='word_1_241' title='bbox 1711 3486 1847 3539; x_wconf 89' lang='lat' dir='ltr'><strong>quos</strong></span> <span class='ocrx_word' id='word_1_242' title='bbox 1906 3473 2100 3541; x_wconf 85' lang='lat' dir='ltr'><strong>primis</strong></span> 
     </span>
    </p>
   </div>
   <div class='ocr_carea' id='block_1_39' title="bbox 529 3539 2101 3633">
    <p class='ocr_par' dir='ltr' id='par_1_39' title="bbox 529 3539 2101 3633">
     <span class='ocr_line' id='line_1_39' title="bbox 529 3539 2101 3633; baseline 0.018 -42"><span class='ocrx_word' id='word_1_243' title='bbox 529 3539 662 3607; x_wconf 89' lang='lat' dir='ltr'><strong>ipsis</strong></span> <span class='ocrx_word' id='word_1_244' title='bbox 729 3545 985 3600; x_wconf 86' lang='lat' dir='ltr'><strong>convenit</strong></span> <span class='ocrx_word' id='word_1_245' title='bbox 1018 3548 1143 3602; x_wconf 83' lang='lat' dir='ltr'><strong>talia</strong></span> <span class='ocrx_word' id='word_1_246' title='bbox 1188 3567 1374 3609; x_wconf 90' lang='lat' dir='ltr'><strong>nosse.</strong></span> <span class='ocrx_word' id='word_1_247' title='bbox 1437 3555 1704 3614; x_wconf 83' lang='lat' dir='ltr'><strong>Alludunt</strong></span> <span class='ocrx_word' id='word_1_248' title='bbox 1766 3539 1928 3633; x_wconf 76' lang='lat' dir='ltr'><strong>igitur</strong></span> <span class='ocrx_word' id='word_1_249' title='bbox 1985 3565 2101 3620; x_wconf 76' lang='lat' dir='ltr'><strong>haec</strong></span> 
     </span>
    </p>
   </div>
   <div class='ocr_carea' id='block_1_40' title="bbox 530 3633 2100 3710">
    <p class='ocr_par' dir='ltr' id='par_1_40' title="bbox 530 3633 2100 3710">
     <span class='ocr_line' id='line_1_40' title="bbox 530 3633 2100 3710; baseline 0.018 -27"><span class='ocrx_word' id='word_1_250' title='bbox 530 3633 704 3687; x_wconf 86' lang='lat' dir='ltr'><strong>nostri</strong></span> <span class='ocrx_word' id='word_1_251' title='bbox 727 3637 968 3691; x_wconf 88' lang='lat' dir='ltr'><strong>auctoris</strong></span> <span class='ocrx_word' id='word_1_252' title='bbox 1005 3641 1168 3695; x_wconf 87' lang='lat' dir='ltr'><strong>verba</strong></span> <span class='ocrx_word' id='word_1_253' title='bbox 1200 3644 1266 3698; x_wconf 89' lang='lat' dir='ltr'><strong>ad</strong></span> <span class='ocrx_word' id='word_1_254' title='bbox 1305 3655 1548 3702; x_wconf 86' lang='lat' dir='ltr'><strong>veterem</strong></span> <span class='ocrx_word' id='word_1_255' title='bbox 1578 3653 1897 3708; x_wconf 82' lang='lat' dir='ltr'><strong>memoriam</strong></span> <span class='ocrx_word' id='word_1_256' title='bbox 1929 3654 2100 3710; x_wconf 87' lang='lat' dir='ltr'><strong>histo-</strong></span> 
     </span>
    </p>
   </div>
   <div class='ocr_carea' id='block_1_41' title="bbox 531 3723 2097 3816">
    <p class='ocr_par' dir='ltr' id='par_1_41' title="bbox 531 3723 2097 3816">
     <span class='ocr_line' id='line_1_41' title="bbox 531 3723 2097 3816; baseline 0.018 -40"><span class='ocrx_word' id='word_1_257' title='bbox 531 3723 626 3778; x_wconf 84' lang='lat' dir='ltr'><strong>ri.e</strong></span> <span class='ocrx_word' id='word_1_258' title='bbox 668 3726 1051 3788; x_wconf 70' lang='lat' dir='ltr'><strong>ecclesiasticae</strong></span> <span class='ocrx_word' id='word_1_259' title='bbox 1075 3773 1090 3797; x_wconf 95' lang='lat'><strong>,</strong></span> <span class='ocrx_word' id='word_1_260' title='bbox 1125 3750 1246 3804; x_wconf 66' lang='lat' dir='ltr'><strong>quae</strong></span> <span class='ocrx_word' id='word_1_261' title='bbox 1284 3737 1700 3810; x_wconf 90' lang='lat' dir='ltr'><strong>Constantinos,</strong></span> <span class='ocrx_word' id='word_1_262' title='bbox 1733 3742 2097 3816; x_wconf 80' lang='lat' dir='ltr'><strong>Theodosius,</strong></span> 
     </span>
    </p>
   </div>
   <div class='ocr_carea' id='block_1_42' title="bbox 530 3816 2100 3906">
    <p class='ocr_par' dir='ltr' id='par_1_42' title="bbox 530 3816 2100 3906">
     <span class='ocr_line' id='line_1_42' title="bbox 530 3816 2100 3906; baseline 0.017 -38"><span class='ocrx_word' id='word_1_263' title='bbox 530 3816 830 3874; x_wconf 80' lang='lat' dir='ltr'><strong>Marcianos</strong></span> <span class='ocrx_word' id='word_1_264' title='bbox 861 3830 956 3877; x_wconf 85' lang='lat' dir='ltr'><strong>aut</strong></span> <span class='ocrx_word' id='word_1_265' title='bbox 1012 3825 1080 3878; x_wconf 88' lang='lat' dir='ltr'><strong>ab</strong></span> <span class='ocrx_word' id='word_1_266' title='bbox 1136 3827 1219 3883; x_wconf 87' lang='lat' dir='ltr'><strong>bis</strong></span> <span class='ocrx_word' id='word_1_267' title='bbox 1251 3829 1447 3887; x_wconf 90' lang='lat' dir='ltr'><strong>missos</strong></span> <span class='ocrx_word' id='word_1_268' title='bbox 1481 3832 1722 3903; x_wconf 84' lang='lat' dir='ltr'><strong>legitime</strong></span> <span class='ocrx_word' id='word_1_269' title='bbox 1776 3840 2100 3906; x_wconf 63' lang='lat' dir='ltr'><strong>praesedisse</strong></span> 
     </span>
    </p>
   </div>
   <div class='ocr_carea' id='block_1_43' title="bbox 529 3911 2098 4001">
    <p class='ocr_par' dir='ltr' id='par_1_43' title="bbox 529 3911 2098 4001">
     <span class='ocr_line' id='line_1_43' title="bbox 529 3911 2098 4001; baseline 0.017 -40"><span class='ocrx_word' id='word_1_270' title='bbox 529 3911 783 3967; x_wconf 82' lang='lat' dir='ltr'><strong>conciliis</strong></span> <span class='ocrx_word' id='word_1_271' title='bbox 827 3913 987 3969; x_wconf 90' lang='lat' dir='ltr'><strong>ﬁdem</strong></span> <span class='ocrx_word' id='word_1_272' title='bbox 1033 3916 1183 3979; x_wconf 88' lang='lat' dir='ltr'><strong>facit,</strong></span> <span class='ocrx_word' id='word_1_273' title='bbox 1219 3919 1325 3976; x_wconf 87' lang='lat' dir='ltr'><strong>isto</strong></span> <span class='ocrx_word' id='word_1_274' title='bbox 1366 3923 1625 3980; x_wconf 89' lang='lat' dir='ltr'><strong>nimirum</strong></span> <span class='ocrx_word' id='word_1_275' title='bbox 1680 3943 1840 3998; x_wconf 87' lang='lat' dir='ltr'><strong>quem</strong></span> <span class='ocrx_word' id='word_1_276' title='bbox 1873 3935 2098 4001; x_wconf 76' lang='lat' dir='ltr'><strong>exposui</strong></span> 
     </span>
    </p>
   </div>
   <div class='ocr_carea' id='block_1_44' title="bbox 532 4003 2100 4080">
    <p class='ocr_par' dir='ltr' id='par_1_44' title="bbox 532 4003 2100 4080">
     <span class='ocr_line' id='line_1_44' title="bbox 532 4003 2100 4080; baseline 0.015 -24"><span class='ocrx_word' id='word_1_277' title='bbox 532 4003 718 4059; x_wconf 89' lang='lat' dir='ltr'><strong>modo.</strong></span> <span class='ocrx_word' id='word_1_278' title='bbox 757 4005 934 4071; x_wconf 85' lang='lat' dir='ltr'><strong>Quare</strong></span> <span class='ocrx_word' id='word_1_279' title='bbox 972 4024 1068 4062; x_wconf 88' lang='lat' dir='ltr'><strong>vox</strong></span> <span class='ocrx_word' id='word_1_280' title='bbox 1103 4009 1371 4080; x_wconf 83' lang='grc' dir='ltr'>βασιλέως</span> <span class='ocrx_word' id='word_1_281' title='bbox 1405 4014 1493 4069; x_wconf 90' lang='lat' dir='ltr'><strong>hic</strong></span> <span class='ocrx_word' id='word_1_282' title='bbox 1528 4017 1826 4074; x_wconf 86' lang='lat' dir='ltr'><strong>universim</strong></span> <span class='ocrx_word' id='word_1_283' title='bbox 1858 4030 1912 4076; x_wconf 92' lang='lat' dir='ltr'><strong>et</strong></span> <span class='ocrx_word' id='word_1_284' title='bbox 1942 4023 2100 4080; x_wconf 85' lang='lat' dir='ltr'><strong>inde-</strong></span> 
     </span>
    </p>
   </div>
   <div class='ocr_carea' id='block_1_45' title="bbox 531 4094 2098 4171">
    <p class='ocr_par' dir='ltr' id='par_1_45' title="bbox 531 4094 2098 4171">
     <span class='ocr_line' id='line_1_45' title="bbox 531 4094 2098 4171; baseline 0.015 -24"><span class='ocrx_word' id='word_1_285' title='bbox 531 4094 683 4150; x_wconf 86' lang='lat' dir='ltr'><strong>ﬁnite</strong></span> <span class='ocrx_word' id='word_1_286' title='bbox 726 4100 1012 4167; x_wconf 88' lang='lat' dir='ltr'><strong>sumenda,</strong></span> <span class='ocrx_word' id='word_1_287' title='bbox 1044 4113 1314 4171; x_wconf 88' lang='lat' dir='ltr'><strong>quatenus</strong></span> <span class='ocrx_word' id='word_1_288' title='bbox 1358 4121 1466 4161; x_wconf 89' lang='lat' dir='ltr'><strong>non</strong></span> <span class='ocrx_word' id='word_1_289' title='bbox 1500 4109 1642 4165; x_wconf 90' lang='lat' dir='ltr'><strong>hanc</strong></span> <span class='ocrx_word' id='word_1_290' title='bbox 1685 4111 2098 4170; x_wconf 84' lang='lat' dir='ltr'><strong>determinatam</strong></span> 
     </span>
    </p>
   </div>
   <div class='ocr_carea' id='block_1_46' title="bbox 535 4192 2100 4279">
    <p class='ocr_par' dir='ltr' id='par_1_46' title="bbox 535 4192 2100 4279">
     <span class='ocr_line' id='line_1_46' title="bbox 535 4192 2100 4279; baseline 0.015 -39"><span class='ocrx_word' id='word_1_291' title='bbox 535 4201 840 4254; x_wconf 88' lang='lat' dir='ltr'><strong>personam,</strong></span> <span class='ocrx_word' id='word_1_292' title='bbox 863 4192 959 4246; x_wconf 89' lang='lat' dir='ltr'><strong>sed</strong></span> <span class='ocrx_word' id='word_1_293' title='bbox 1009 4198 1472 4266; x_wconf 86' lang='lat' dir='ltr'><strong>quemcunquead</strong></span> <span class='ocrx_word' id='word_1_294' title='bbox 1514 4199 1797 4271; x_wconf 88' lang='lat' dir='ltr'><strong>imperiale</strong></span> <span class='ocrx_word' id='word_1_295' title='bbox 1823 4204 2100 4279; x_wconf 76' lang='lat' dir='ltr'><strong>fastigium</strong></span> 
     </span>
    </p>
   </div>
   <div class='ocr_carea' id='block_1_47' title="bbox 531 4282 2099 4368">
    <p class='ocr_par' dir='ltr' id='par_1_47' title="bbox 531 4282 2099 4368">
     <span class='ocr_line' id='line_1_47' title="bbox 531 4282 2099 4368; baseline 0.017 -38"><span class='ocrx_word' id='word_1_296' title='bbox 531 4290 777 4335; x_wconf 80' lang='lat' dir='ltr'><strong>evectum</strong></span> <span class='ocrx_word' id='word_1_297' title='bbox 812 4282 1036 4339; x_wconf 87' lang='lat' dir='ltr'><strong>iudicat.</strong></span> <span class='ocrx_word' id='word_1_298' title='bbox 1068 4284 1416 4359; x_wconf 79' lang='lat' dir='ltr'><strong>Participium</strong></span> <span class='ocrx_word' id='word_1_299' title='bbox 1445 4300 1624 4347; x_wconf 90' lang='lat' dir='ltr'><strong>autem</strong></span> <span class='ocrx_word' id='word_1_300' title='bbox 1675 4295 1724 4349; x_wconf 91' lang='lat' dir='ltr'><strong>ei</strong></span> <span class='ocrx_word' id='word_1_301' title='bbox 1759 4297 2099 4368; x_wconf 88' lang='lat' dir='ltr'><strong>adiunctum,</strong></span> 
     </span>
    </p>
   </div>
   <div class='ocr_carea' id='block_1_48' title="bbox 531 4369 2099 4460">
    <p class='ocr_par' dir='ltr' id='par_1_48' title="bbox 531 4369 2099 4460">
     <span class='ocr_line' id='line_1_48' title="bbox 531 4369 2099 4460; baseline 0.017 -40"><span class='ocrx_word' id='word_1_302' title='bbox 531 4369 936 4441; x_wconf 80' lang='grc' dir='ltr'><strong>δικαιουμένου,</strong></span> <span class='ocrx_word' id='word_1_303' title='bbox 959 4375 1201 4447; x_wconf 87' lang='lat' dir='ltr'><strong>designat</strong></span> <span class='ocrx_word' id='word_1_304' title='bbox 1227 4377 1319 4446; x_wconf 85' lang='lat' dir='ltr'><strong>jus</strong></span> <span class='ocrx_word' id='word_1_305' title='bbox 1350 4379 1477 4437; x_wconf 85' lang='lat' dir='ltr'><strong>talis</strong></span> <span class='ocrx_word' id='word_1_306' title='bbox 1508 4384 1834 4454; x_wconf 87' lang='lat' dir='ltr'><strong>cognitionis</strong></span> <span class='ocrx_word' id='word_1_307' title='bbox 1861 4397 1917 4443; x_wconf 91' lang='lat' dir='ltr'><strong>et</strong></span> <span class='ocrx_word' id='word_1_308' title='bbox 1959 4405 2099 4460; x_wconf 76' lang='lat' dir='ltr'><strong>prte-</strong></span> 
     </span>
    </p>
   </div>
   <div class='ocr_carea' id='block_1_49' title="bbox 2197 533 3731 633">
    <p class='ocr_par' dir='ltr' id='par_1_49' title="bbox 2197 533 3731 633">
     <span class='ocr_line' id='line_1_49' title="bbox 2197 533 3731 633; baseline 0.015 -39"><span class='ocrx_word' id='word_1_309' title='bbox 2197 540 2262 608; x_wconf 79' lang='grc' dir='ltr'><strong>δὴ</strong></span> <span class='ocrx_word' id='word_1_310' title='bbox 2303 539 2412 594; x_wconf 82' lang='grc' dir='ltr'><strong>ἀπὸ</strong></span> <span class='ocrx_word' id='word_1_311' title='bbox 2445 533 2766 599; x_wconf 76' lang='grc' dir='ltr'>ἐπισκοπῶν</span> <span class='ocrx_word' id='word_1_312' title='bbox 2802 546 2883 610; x_wconf 76' lang='grc' dir='ltr'><strong>εἰς</strong></span> <span class='ocrx_word' id='word_1_313' title='bbox 2914 549 3314 624; x_wconf 67' lang='grc' dir='ltr'>μητρόπολιν,ἢ</span> <span class='ocrx_word' id='word_1_314' title='bbox 3339 554 3528 626; x_wconf 76' lang='grc' dir='ltr'>ἀνδρὸς</span> <span class='ocrx_word' id='word_1_315' title='bbox 3558 533 3731 633; x_wconf 49' lang='lat' dir='ltr'><strong>ipsein</strong></span> 
     </span>
    </p>
   </div>
   <div class='ocr_carea' id='block_1_50' title="bbox 2197 629 3730 716">
    <p class='ocr_par' dir='ltr' id='par_1_50' title="bbox 2197 629 3730 716">
     <span class='ocr_line' id='line_1_50' title="bbox 2197 629 3730 716; baseline 0.018 -37"><span class='ocrx_word' id='word_1_316' title='bbox 2197 629 2230 698; x_wconf 77' lang='grc' dir='ltr'>ἦ</span> <span class='ocrx_word' id='word_1_317' title='bbox 2262 631 2416 684; x_wconf 78' lang='grc' dir='ltr'>πόλιν</span> <span class='ocrx_word' id='word_1_318' title='bbox 2455 634 2656 701; x_wconf 85' lang='grc' dir='ltr'>τιμῶν,</span> <span class='ocrx_word' id='word_1_319' title='bbox 2691 642 2799 690; x_wconf 82' lang='lat' dir='ltr'><strong>etc.</strong></span> <span class='ocrx_word' id='word_1_320' title='bbox 2836 634 2959 692; x_wconf 65' lang='lat' dir='ltr'><strong>Haec</strong></span> <span class='ocrx_word' id='word_1_321' title='bbox 2993 638 3089 705; x_wconf 89' lang='lat' dir='ltr'><strong>ibi,</strong></span> <span class='ocrx_word' id='word_1_322' title='bbox 3123 640 3338 712; x_wconf 87' lang='lat' dir='ltr'><strong>aliaque</strong></span> <span class='ocrx_word' id='word_1_323' title='bbox 3365 683 3380 709; x_wconf 88' lang='lat'><strong>,</strong></span> <span class='ocrx_word' id='word_1_324' title='bbox 3412 647 3466 700; x_wconf 88' lang='lat' dir='ltr'><strong>in</strong></span> <span class='ocrx_word' id='word_1_325' title='bbox 3494 629 3730 716; x_wconf 66' lang='lat' dir='ltr'><strong>quibussi</strong></span> 
     </span>
    </p>
   </div>
   <div class='ocr_carea' id='block_1_51' title="bbox 2197 721 3734 801">
    <p class='ocr_par' dir='ltr' id='par_1_51' title="bbox 2197 721 3734 801">
     <span class='ocr_line' id='line_1_51' title="bbox 2197 721 3734 801; baseline 0.015 -26"><span class='ocrx_word' id='word_1_326' title='bbox 2197 721 2284 776; x_wconf 90' lang='lat' dir='ltr'><strong>cui</strong></span> <span class='ocrx_word' id='word_1_327' title='bbox 2314 721 2453 778; x_wconf 86' lang='lat' dir='ltr'><strong>torte</strong></span> <span class='ocrx_word' id='word_1_328' title='bbox 2489 723 2536 780; x_wconf 90' lang='lat' dir='ltr'><strong>is</strong></span> <span class='ocrx_word' id='word_1_329' title='bbox 2573 736 2765 782; x_wconf 79' lang='lat' dir='ltr'><strong>auctor</strong></span> <span class='ocrx_word' id='word_1_330' title='bbox 2798 728 3050 785; x_wconf 85' lang='lat' dir='ltr'><strong>videatur</strong></span> <span class='ocrx_word' id='word_1_331' title='bbox 3085 742 3408 801; x_wconf 85' lang='lat' dir='ltr'><strong>potestatem</strong></span> <span class='ocrx_word' id='word_1_332' title='bbox 3468 737 3566 794; x_wconf 89' lang='lat' dir='ltr'><strong>hoc</strong></span> <span class='ocrx_word' id='word_1_333' title='bbox 3593 744 3734 800; x_wconf 83' lang='lat' dir='ltr'><strong>verbo</strong></span> 
     </span>
    </p>
   </div>
   <div class='ocr_carea' id='block_1_52' title="bbox 2199 810 3735 896">
    <p class='ocr_par' dir='ltr' id='par_1_52' title="bbox 2199 810 3735 896">
     <span class='ocr_line' id='line_1_52' title="bbox 2199 810 3735 896; baseline 0.013 -30"><span class='ocrx_word' id='word_1_334' title='bbox 2199 810 2488 868; x_wconf 78' lang='lat' dir='ltr'><strong>iudicatam</strong></span> <span class='ocrx_word' id='word_1_335' title='bbox 2527 817 2826 873; x_wconf 82' lang='lat' dir='ltr'><strong>extendere</strong></span> <span class='ocrx_word' id='word_1_336' title='bbox 2880 819 3049 876; x_wconf 88' lang='lat' dir='ltr'><strong>latius</strong></span> <span class='ocrx_word' id='word_1_337' title='bbox 3083 837 3247 892; x_wconf 85' lang='lat' dir='ltr'><strong>quam</strong></span> <span class='ocrx_word' id='word_1_338' title='bbox 3287 834 3344 881; x_wconf 90' lang='lat' dir='ltr'><strong>ut</strong></span> <span class='ocrx_word' id='word_1_339' title='bbox 3403 828 3567 896; x_wconf 87' lang='lat' dir='ltr'><strong>possit</strong></span> <span class='ocrx_word' id='word_1_340' title='bbox 3587 834 3735 886; x_wconf 86' lang='lat' dir='ltr'><strong>conti-</strong></span> 
     </span>
    </p>
   </div>
   <div class='ocr_carea' id='block_1_53' title="bbox 2199 905 3734 992">
    <p class='ocr_par' dir='ltr' id='par_1_53' title="bbox 2199 905 3734 992">
     <span class='ocr_line' id='line_1_53' title="bbox 2199 905 3734 992; baseline 0.012 -33"><span class='ocrx_word' id='word_1_341' title='bbox 2199 905 2316 959; x_wconf 91' lang='lat' dir='ltr'><strong>neri</strong></span> <span class='ocrx_word' id='word_1_342' title='bbox 2351 905 2493 962; x_wconf 85' lang='lat' dir='ltr'><strong>intra</strong></span> <span class='ocrx_word' id='word_1_343' title='bbox 2525 909 2787 966; x_wconf 87' lang='lat' dir='ltr'><strong>terminos</strong></span> <span class='ocrx_word' id='word_1_344' title='bbox 2829 913 3000 968; x_wconf 86' lang='lat' dir='ltr'><strong>sacris</strong></span> <span class='ocrx_word' id='word_1_345' title='bbox 3059 917 3362 971; x_wconf 88' lang='lat' dir='ltr'><strong>canonibns</strong></span> <span class='ocrx_word' id='word_1_346' title='bbox 3415 927 3470 972; x_wconf 89' lang='lat' dir='ltr'><strong>et</strong></span> <span class='ocrx_word' id='word_1_347' title='bbox 3504 923 3734 992; x_wconf 82' lang='lat' dir='ltr'><strong>exemplis</strong></span> 
     </span>
    </p>
   </div>
   <div class='ocr_carea' id='block_1_54' title="bbox 2201 994 3734 1079">
    <p class='ocr_par' dir='ltr' id='par_1_54' title="bbox 2201 994 3734 1079">
     <span class='ocr_line' id='line_1_54' title="bbox 2201 994 3734 1079; baseline 0.014 -32"><span class='ocrx_word' id='word_1_348' title='bbox 2201 994 2625 1052; x_wconf 85' lang='lat' dir='ltr'><strong>orthodoxorum</strong></span> <span class='ocrx_word' id='word_1_349' title='bbox 2658 1000 2963 1068; x_wconf 87' lang='lat' dir='ltr'><strong>principum</strong></span> <span class='ocrx_word' id='word_1_350' title='bbox 2999 1003 3203 1059; x_wconf 91' lang='lat' dir='ltr'><strong>dudum</strong></span> <span class='ocrx_word' id='word_1_351' title='bbox 3256 1007 3395 1062; x_wconf 85' lang='lat' dir='ltr'><strong>ﬁxos</strong></span> <span class='ocrx_word' id='word_1_352' title='bbox 3419 1047 3434 1072; x_wconf 91' lang='lat'><strong>,</strong></span> <span class='ocrx_word' id='word_1_353' title='bbox 3462 1021 3644 1079; x_wconf 70' lang='lat' dir='ltr'><strong>praesto</strong></span> <span class='ocrx_word' id='word_1_354' title='bbox 3668 1025 3734 1068; x_wconf 88' lang='lat' dir='ltr'><strong>est</strong></span> 
     </span>
    </p>
   </div>
   <div class='ocr_carea' id='block_1_55' title="bbox 2201 1082 3733 1163">
    <p class='ocr_par' dir='ltr' id='par_1_55' title="bbox 2201 1082 3733 1163">
     <span class='ocr_line' id='line_1_55' title="bbox 2201 1082 3733 1163; baseline 0.012 -28"><span class='ocrx_word' id='word_1_355' title='bbox 2201 1082 2397 1136; x_wconf 84' lang='lat' dir='ltr'><strong>idonea</strong></span> <span class='ocrx_word' id='word_1_356' title='bbox 2436 1085 2490 1139; x_wconf 91' lang='lat' dir='ltr'><strong>in</strong></span> <span class='ocrx_word' id='word_1_357' title='bbox 2546 1087 2879 1143; x_wconf 90' lang='lat' dir='ltr'><strong>contrarium</strong></span> <span class='ocrx_word' id='word_1_358' title='bbox 2938 1093 3228 1161; x_wconf 81' lang='lat' dir='ltr'><strong>exceptio:</strong></span> <span class='ocrx_word' id='word_1_359' title='bbox 3269 1109 3468 1163; x_wconf 87' lang='lat' dir='ltr'><strong>nempe</strong></span> <span class='ocrx_word' id='word_1_360' title='bbox 3529 1095 3733 1155; x_wconf 75' lang='lat' dir='ltr'><strong>hominis</strong></span> 
     </span>
    </p>
   </div>
   <div class='ocr_carea' id='block_1_56' title="bbox 2201 1175 3734 1247">
    <p class='ocr_par' dir='ltr' id='par_1_56' title="bbox 2201 1175 3734 1247">
     <span class='ocr_line' id='line_1_56' title="bbox 2201 1175 3734 1247; baseline 0.01 -20"><span class='ocrx_word' id='word_1_361' title='bbox 2201 1175 2558 1240; x_wconf 80' lang='lat' dir='ltr'><strong>schismatici,</strong></span> <span class='ocrx_word' id='word_1_362' title='bbox 2596 1179 2810 1247; x_wconf 87' lang='lat' dir='ltr'><strong>qualem</strong></span> <span class='ocrx_word' id='word_1_363' title='bbox 2851 1195 2910 1236; x_wconf 89' lang='lat' dir='ltr'><strong>se</strong></span> <span class='ocrx_word' id='word_1_364' title='bbox 2941 1181 3252 1238; x_wconf 87' lang='lat' dir='ltr'><strong>Demetrius</strong></span> <span class='ocrx_word' id='word_1_365' title='bbox 3303 1185 3393 1240; x_wconf 91' lang='lat' dir='ltr'><strong>hic</strong></span> <span class='ocrx_word' id='word_1_366' title='bbox 3424 1186 3608 1241; x_wconf 84' lang='lat' dir='ltr'><strong>eodem</strong></span> <span class='ocrx_word' id='word_1_367' title='bbox 3649 1189 3734 1242; x_wconf 86' lang='lat' dir='ltr'><strong>isto</strong></span> 
     </span>
    </p>
   </div>
   <div class='ocr_carea' id='block_1_57' title="bbox 2201 1267 3730 1351">
    <p class='ocr_par' dir='ltr' id='par_1_57' title="bbox 2201 1267 3730 1351">
     <span class='ocr_line' id='line_1_57' title="bbox 2201 1267 3730 1351; baseline 0.011 -32"><span class='ocrx_word' id='word_1_368' title='bbox 2201 1267 2403 1336; x_wconf 89' lang='lat' dir='ltr'><strong>scripto</strong></span> <span class='ocrx_word' id='word_1_369' title='bbox 2444 1271 2619 1336; x_wconf 87' lang='lat' dir='ltr'><strong>palam</strong></span> <span class='ocrx_word' id='word_1_370' title='bbox 2655 1270 2918 1338; x_wconf 84' lang='lat' dir='ltr'><strong>declarat,</strong></span> <span class='ocrx_word' id='word_1_371' title='bbox 2941 1275 3320 1332; x_wconf 89' lang='lat' dir='ltr'><strong>auctoritatem</strong></span> <span class='ocrx_word' id='word_1_372' title='bbox 3355 1278 3492 1333; x_wconf 81' lang='lat' dir='ltr'><strong>nihil</strong></span> <span class='ocrx_word' id='word_1_373' title='bbox 3525 1280 3730 1351; x_wconf 82' lang='lat' dir='ltr'><strong>legitime</strong></span> 
     </span>
    </p>
   </div>
   <div class='ocr_carea' id='block_1_58' title="bbox 2201 1360 3550 1428">
    <p class='ocr_par' dir='ltr' id='par_1_58' title="bbox 2201 1360 3550 1428">
     <span class='ocr_line' id='line_1_58' title="bbox 2201 1360 3550 1428; baseline 0.013 -19"><span class='ocrx_word' id='word_1_374' title='bbox 2201 1360 2554 1428; x_wconf 76' lang='lat' dir='ltr'><strong>praescribere</strong></span> <span class='ocrx_word' id='word_1_375' title='bbox 2590 1373 2778 1418; x_wconf 87' lang='lat' dir='ltr'><strong>contra</strong></span> <span class='ocrx_word' id='word_1_376' title='bbox 2839 1368 3142 1422; x_wconf 83' lang='lat' dir='ltr'><strong>doctrinam</strong></span> <span class='ocrx_word' id='word_1_377' title='bbox 3200 1370 3550 1427; x_wconf 88' lang='lat' dir='ltr'><strong>catholicam.</strong></span> 
     </span>
    </p>
   </div>
   <div class='ocr_carea' id='block_1_59' title="bbox 2285 1451 3735 1536">
    <p class='ocr_par' dir='ltr' id='par_1_59' title="bbox 2285 1451 3735 1536">
     <span class='ocr_line' id='line_1_59' title="bbox 2285 1451 3735 1536; baseline 0.01 -31"><span class='ocrx_word' id='word_1_378' title='bbox 2285 1451 2638 1522; x_wconf 80' lang='grc' dir='ltr'><strong>Ἐπίσχεσις</strong></span> <span class='ocrx_word' id='word_1_379' title='bbox 2693 1471 2749 1524; x_wconf 91' lang='lat' dir='ltr'><strong>p.</strong></span> <span class='ocrx_word' id='word_1_380' title='bbox 2798 1457 2926 1512; x_wconf 72' lang='grc'><strong>225.</strong></span> <span class='ocrx_word' id='word_1_381' title='bbox 2958 1459 3176 1536; x_wconf 28' lang='grc' dir='ltr'>Λεὶιχᾶο</span> <span class='ocrx_word' id='word_1_382' title='bbox 3234 1463 3515 1518; x_wconf 87' lang='lat' dir='ltr'><strong>sacerdote</strong></span> <span class='ocrx_word' id='word_1_383' title='bbox 3557 1464 3640 1535; x_wconf 90' lang='lat' dir='ltr'><strong>qui</strong></span> <span class='ocrx_word' id='word_1_384' title='bbox 3668 1477 3735 1521; x_wconf 83' lang='lat' dir='ltr'><strong>at-</strong></span> 
     </span>
    </p>
   </div>
   <div class='ocr_carea' id='block_1_60' title="bbox 2205 1542 3735 1617">
    <p class='ocr_par' dir='ltr' id='par_1_60' title="bbox 2205 1542 3735 1617">
     <span class='ocr_line' id='line_1_60' title="bbox 2205 1542 3735 1617; baseline 0.01 -25"><span class='ocrx_word' id='word_1_385' title='bbox 2205 1546 2508 1594; x_wconf 86' lang='lat' dir='ltr'><strong>teutaverat</strong></span> <span class='ocrx_word' id='word_1_386' title='bbox 2545 1542 2870 1598; x_wconf 90' lang='lat' dir='ltr'><strong>benedicere</strong></span> <span class='ocrx_word' id='word_1_387' title='bbox 2903 1547 3115 1617; x_wconf 89' lang='lat' dir='ltr'><strong>nuptiis</strong></span> <span class='ocrx_word' id='word_1_388' title='bbox 3143 1548 3262 1603; x_wconf 91' lang='lat' dir='ltr'><strong>sine</strong></span> <span class='ocrx_word' id='word_1_389' title='bbox 3306 1548 3560 1604; x_wconf 81' lang='lat' dir='ltr'><strong>facultate</strong></span> <span class='ocrx_word' id='word_1_390' title='bbox 3603 1552 3735 1607; x_wconf 49' lang='lat' dir='ltr'><strong>char&#39;</strong></span> 
     </span>
    </p>
   </div>
   <div class='ocr_carea' id='block_1_61' title="bbox 2203 1628 3737 1711">
    <p class='ocr_par' dir='ltr' id='par_1_61' title="bbox 2203 1628 3737 1711">
     <span class='ocr_line' id='line_1_61' title="bbox 2203 1628 3737 1711; baseline 0.01 -29"><span class='ocrx_word' id='word_1_391' title='bbox 2203 1628 2526 1699; x_wconf 79' lang='lat' dir='ltr'><strong>tophylacis,</strong></span> <span class='ocrx_word' id='word_1_392' title='bbox 2581 1633 2666 1687; x_wconf 88' lang='lat' dir='ltr'><strong>cui</strong></span> <span class='ocrx_word' id='word_1_393' title='bbox 2701 1635 2824 1690; x_wconf 88' lang='lat' dir='ltr'><strong>ideo</strong></span> <span class='ocrx_word' id='word_1_394' title='bbox 2873 1635 2925 1690; x_wconf 91' lang='lat' dir='ltr'><strong>in</strong></span> <span class='ocrx_word' id='word_1_395' title='bbox 2967 1653 3182 1708; x_wconf 78' lang='lat' dir='ltr'><strong>ptenam</strong></span> <span class='ocrx_word' id='word_1_396' title='bbox 3239 1641 3528 1711; x_wconf 85' lang='lat' dir='ltr'><strong>suspensio</strong></span> <span class='ocrx_word' id='word_1_397' title='bbox 3569 1657 3597 1696; x_wconf 92' lang='lat' dir='ltr'><strong>a</strong></span> <span class='ocrx_word' id='word_1_398' title='bbox 3636 1642 3737 1698; x_wconf 81' lang='lat' dir='ltr'><strong>futt-</strong></span> 
     </span>
    </p>
   </div>
   <div class='ocr_carea' id='block_1_62' title="bbox 2204 1721 3737 1804">
    <p class='ocr_par' dir='ltr' id='par_1_62' title="bbox 2204 1721 3737 1804">
     <span class='ocr_line' id='line_1_62' title="bbox 2204 1721 3737 1804; baseline 0.008 -30"><span class='ocrx_word' id='word_1_399' title='bbox 2204 1721 2383 1777; x_wconf 89' lang='lat' dir='ltr'><strong>ctione</strong></span> <span class='ocrx_word' id='word_1_400' title='bbox 2440 1724 2732 1780; x_wconf 87' lang='lat' dir='ltr'><strong>sacerdotii</strong></span> <span class='ocrx_word' id='word_1_401' title='bbox 2787 1726 3020 1798; x_wconf 83' lang='lat' dir='ltr'><strong>irrogata</strong></span> <span class='ocrx_word' id='word_1_402' title='bbox 3075 1730 3167 1784; x_wconf 89' lang='lat' dir='ltr'><strong>sit.</strong></span> <span class='ocrx_word' id='word_1_403' title='bbox 3215 1731 3313 1786; x_wconf 71' lang='lat' dir='ltr'><strong>Bst</strong></span> <span class='ocrx_word' id='word_1_404' title='bbox 3369 1746 3498 1801; x_wconf 89' lang='lat' dir='ltr'><strong>ergo</strong></span> <span class='ocrx_word' id='word_1_405' title='bbox 3547 1733 3737 1804; x_wconf 65' lang='grc' dir='ltr'><strong>ἔπισχε-</strong></span> 
     </span>
    </p>
   </div>
   <div class='ocr_carea' id='block_1_63' title="bbox 2203 1815 3738 1893">
    <p class='ocr_par' dir='ltr' id='par_1_63' title="bbox 2203 1815 3738 1893">
     <span class='ocr_line' id='line_1_63' title="bbox 2203 1815 3738 1893; baseline 0.01 -30"><span class='ocrx_word' id='word_1_406' title='bbox 2203 1829 2287 1876; x_wconf 89' lang='grc' dir='ltr'>σις</span> <span class='ocrx_word' id='word_1_407' title='bbox 2335 1815 2707 1872; x_wconf 86' lang='lat' dir='ltr'><strong>ecclesiastica</strong></span> <span class='ocrx_word' id='word_1_408' title='bbox 2745 1820 2993 1885; x_wconf 86' lang='lat' dir='ltr'><strong>notione,</strong></span> <span class='ocrx_word' id='word_1_409' title='bbox 3015 1822 3158 1891; x_wconf 91' lang='lat' dir='ltr'><strong>quod</strong></span> <span class='ocrx_word' id='word_1_410' title='bbox 3185 1822 3328 1893; x_wconf 80' lang='lat' dir='ltr'><strong>juris</strong></span> <span class='ocrx_word' id='word_1_411' title='bbox 3357 1825 3602 1880; x_wconf 88' lang='lat' dir='ltr'><strong>canonici</strong></span> <span class='ocrx_word' id='word_1_412' title='bbox 3630 1842 3738 1882; x_wconf 87' lang='lat' dir='ltr'><strong>con-</strong></span> 
     </span>
    </p>
   </div>
   <div class='ocr_carea' id='block_1_64' title="bbox 2203 1903 3738 1983">
    <p class='ocr_par' dir='ltr' id='par_1_64' title="bbox 2203 1903 3738 1983">
     <span class='ocr_line' id='line_1_64' title="bbox 2203 1903 3738 1983; baseline 0.01 -26"><span class='ocrx_word' id='word_1_413' title='bbox 2203 1903 2330 1957; x_wconf 87' lang='lat' dir='ltr'><strong>sulti</strong></span> <span class='ocrx_word' id='word_1_414' title='bbox 2385 1909 2776 1976; x_wconf 75' lang='lat' dir='ltr'><strong>auspemionem</strong></span> <span class='ocrx_word' id='word_1_415' title='bbox 2815 1909 2973 1982; x_wconf 78' lang='lat'><strong>563</strong></span> <span class='ocrx_word' id='word_1_416' title='bbox 3023 1921 3241 1980; x_wconf 89' lang='lat' dir='ltr'><strong>vocant,</strong></span> <span class='ocrx_word' id='word_1_417' title='bbox 3299 1915 3536 1983; x_wconf 86' lang='lat' dir='ltr'><strong>speciem</strong></span> <span class='ocrx_word' id='word_1_418' title='bbox 3593 1917 3738 1972; x_wconf 85' lang='lat' dir='ltr'><strong>eccle-</strong></span> 
     </span>
    </p>
   </div>
   <div class='ocr_carea' id='block_1_65' title="bbox 2203 1994 3735 2062">
    <p class='ocr_par' dir='ltr' id='par_1_65' title="bbox 2203 1994 3735 2062">
     <span class='ocr_line' id='line_1_65' title="bbox 2203 1994 3735 2062; baseline 0.009 -14"><span class='ocrx_word' id='word_1_419' title='bbox 2203 1994 2434 2050; x_wconf 76' lang='lat' dir='ltr'><strong>siasticae</strong></span> <span class='ocrx_word' id='word_1_420' title='bbox 2515 2014 2764 2056; x_wconf 80' lang='lat' dir='ltr'><strong>censurze</strong></span> <span class='ocrx_word' id='word_1_421' title='bbox 2842 2005 3414 2061; x_wconf 86' lang='lat' dir='ltr'><strong>cxcommunicatione</strong></span> <span class='ocrx_word' id='word_1_422' title='bbox 3485 2007 3735 2062; x_wconf 86' lang='lat' dir='ltr'><strong>minorem.</strong></span> 
     </span>
    </p>
   </div>
   <div class='ocr_carea' id='block_1_66' title="bbox 2203 2085 3738 2168">
    <p class='ocr_par' dir='ltr' id='par_1_66' title="bbox 2203 2085 3738 2168">
     <span class='ocr_line' id='line_1_66' title="bbox 2203 2085 3738 2168; baseline 0.01 -29"><span class='ocrx_word' id='word_1_423' title='bbox 2203 2085 2355 2152; x_wconf 86' lang='lat' dir='ltr'><strong>Quod</strong></span> <span class='ocrx_word' id='word_1_424' title='bbox 2387 2089 2548 2146; x_wconf 75' lang='lat' dir='ltr'><strong>etiam</strong></span> <span class='ocrx_word' id='word_1_425' title='bbox 2575 2092 2824 2150; x_wconf 86' lang='lat' dir='ltr'><strong>indicant</strong></span> <span class='ocrx_word' id='word_1_426' title='bbox 2862 2097 3028 2151; x_wconf 89' lang='lat' dir='ltr'><strong>verba</strong></span> <span class='ocrx_word' id='word_1_427' title='bbox 3053 2113 3176 2151; x_wconf 89' lang='lat' dir='ltr'><strong>mox</strong></span> <span class='ocrx_word' id='word_1_428' title='bbox 3210 2099 3502 2168; x_wconf 87' lang='lat' dir='ltr'><strong>sequentia</strong></span> <span class='ocrx_word' id='word_1_429' title='bbox 3536 2118 3550 2152; x_wconf 90' lang='lat'><strong>:</strong></span> <span class='ocrx_word' id='word_1_430' title='bbox 3594 2101 3738 2154; x_wconf 75' lang='grc' dir='ltr'>Τοῦτο</span> 
     </span>
    </p>
   </div>
   <div class='ocr_carea' id='block_1_67' title="bbox 2201 2182 3740 2262">
    <p class='ocr_par' dir='ltr' id='par_1_67' title="bbox 2201 2182 3740 2262">
     <span class='ocr_line' id='line_1_67' title="bbox 2201 2182 3740 2262; baseline 0.008 -30"><span class='ocrx_word' id='word_1_431' title='bbox 2201 2183 2311 2252; x_wconf 72' lang='grc' dir='ltr'>γὰρ</span> <span class='ocrx_word' id='word_1_432' title='bbox 2333 2183 2433 2234; x_wconf 73' lang='grc' dir='ltr'><strong>οὐκ</strong></span> <span class='ocrx_word' id='word_1_433' title='bbox 2467 2182 2612 2248; x_wconf 76' lang='grc' dir='ltr'><strong>ἔδοξε</strong></span> <span class='ocrx_word' id='word_1_434' title='bbox 2638 2185 2879 2241; x_wconf 80' lang='grc' dir='ltr'>τοιοῦτον</span> <span class='ocrx_word' id='word_1_435' title='bbox 2920 2187 2953 2258; x_wconf 78' lang='grc' dir='ltr'>ἤ</span> <span class='ocrx_word' id='word_1_436' title='bbox 2981 2207 3031 2239; x_wconf 85' lang='grc' dir='ltr'>τι</span> <span class='ocrx_word' id='word_1_437' title='bbox 3059 2189 3186 2242; x_wconf 73' lang='grc' dir='ltr'>ἄλλο</span> <span class='ocrx_word' id='word_1_438' title='bbox 3218 2191 3445 2260; x_wconf 78' lang='grc' dir='ltr'>μέτριον</span> <span class='ocrx_word' id='word_1_439' title='bbox 3465 2192 3536 2262; x_wconf 84' lang='grc' dir='ltr'><strong>τῷ</strong></span> <span class='ocrx_word' id='word_1_440' title='bbox 3566 2191 3740 2260; x_wconf 80' lang='grc' dir='ltr'><strong>βασιλεῖ</strong></span> 
     </span>
    </p>
   </div>
   <div class='ocr_carea' id='block_1_68' title="bbox 2203 2273 3740 2354">
    <p class='ocr_par' dir='ltr' id='par_1_68' title="bbox 2203 2273 3740 2354">
     <span class='ocr_line' id='line_1_68' title="bbox 2203 2273 3740 2354; baseline 0.008 -30"><span class='ocrx_word' id='word_1_441' title='bbox 2203 2273 2487 2340; x_wconf 80' lang='grc' dir='ltr'><strong>ἀγγελθὲν,</strong></span> <span class='ocrx_word' id='word_1_442' title='bbox 2543 2275 2657 2328; x_wconf 80' lang='grc' dir='ltr'>ἀλλ’</span> <span class='ocrx_word' id='word_1_443' title='bbox 2709 2277 3014 2348; x_wconf 81' lang='grc' dir='ltr'>ὰφορισμὸς</span> <span class='ocrx_word' id='word_1_444' title='bbox 3046 2280 3328 2349; x_wconf 77' lang='grc' dir='ltr'>ἄντικρυς.</span> <span class='ocrx_word' id='word_1_445' title='bbox 3377 2281 3582 2347; x_wconf 83' lang='lat' dir='ltr'><strong>Quibus</strong></span> <span class='ocrx_word' id='word_1_446' title='bbox 3601 2283 3740 2354; x_wconf 86' lang='lat' dir='ltr'><strong>signi-</strong></span> 
     </span>
    </p>
   </div>
   <div class='ocr_carea' id='block_1_69' title="bbox 2205 2363 3738 2437">
    <p class='ocr_par' dir='ltr' id='par_1_69' title="bbox 2205 2363 3738 2437">
     <span class='ocr_line' id='line_1_69' title="bbox 2205 2363 3738 2437; baseline 0.008 -20"><span class='ocrx_word' id='word_1_447' title='bbox 2205 2363 2394 2418; x_wconf 88' lang='lat' dir='ltr'><strong>ﬁcatur</strong></span> <span class='ocrx_word' id='word_1_448' title='bbox 2425 2367 2816 2437; x_wconf 88' lang='lat' dir='ltr'><strong>imperatorem</strong></span> <span class='ocrx_word' id='word_1_449' title='bbox 2848 2385 2904 2424; x_wconf 90' lang='lat' dir='ltr'><strong>re</strong></span> <span class='ocrx_word' id='word_1_450' title='bbox 2936 2371 3040 2425; x_wconf 89' lang='lat' dir='ltr'><strong>sibi</strong></span> <span class='ocrx_word' id='word_1_451' title='bbox 3079 2373 3332 2426; x_wconf 85' lang='lat' dir='ltr'><strong>nuntiata</strong></span> <span class='ocrx_word' id='word_1_452' title='bbox 3367 2373 3440 2427; x_wconf 91' lang='lat' dir='ltr'><strong>ita</strong></span> <span class='ocrx_word' id='word_1_453' title='bbox 3483 2375 3738 2437; x_wconf 84' lang='lat' dir='ltr'><strong>exarsisse,</strong></span> 
     </span>
    </p>
   </div>
   <div class='ocr_carea' id='block_1_70' title="bbox 2201 2456 3740 2528">
    <p class='ocr_par' dir='ltr' id='par_1_70' title="bbox 2201 2456 3740 2528">
     <span class='ocr_line' id='line_1_70' title="bbox 2201 2456 3740 2528; baseline 0.009 -20"><span class='ocrx_word' id='word_1_454' title='bbox 2201 2456 2355 2525; x_wconf 88' lang='lat' dir='ltr'><strong>quasi</strong></span> <span class='ocrx_word' id='word_1_455' title='bbox 2403 2472 2512 2511; x_wconf 89' lang='lat' dir='ltr'><strong>non</strong></span> <span class='ocrx_word' id='word_1_456' title='bbox 2581 2461 2871 2528; x_wconf 86' lang='lat' dir='ltr'><strong>suspensio</strong></span> <span class='ocrx_word' id='word_1_457' title='bbox 2924 2462 3084 2525; x_wconf 88' lang='lat' dir='ltr'><strong>illud,</strong></span> <span class='ocrx_word' id='word_1_458' title='bbox 3123 2463 3221 2517; x_wconf 89' lang='lat' dir='ltr'><strong>sed</strong></span> <span class='ocrx_word' id='word_1_459' title='bbox 3281 2466 3740 2523; x_wconf 71' lang='lat' dir='ltr'><strong>excommuniatio</strong></span> 
     </span>
    </p>
   </div>
   <div class='ocr_carea' id='block_1_71' title="bbox 2201 2545 3739 2627">
    <p class='ocr_par' dir='ltr' id='par_1_71' title="bbox 2201 2545 3739 2627">
     <span class='ocr_line' id='line_1_71' title="bbox 2201 2545 3739 2627; baseline 0.01 -29"><span class='ocrx_word' id='word_1_460' title='bbox 2201 2545 2375 2615; x_wconf 81' lang='lat' dir='ltr'><strong>major</strong></span> <span class='ocrx_word' id='word_1_461' title='bbox 2445 2546 2663 2613; x_wconf 91' lang='lat' dir='ltr'><strong>fuisset,</strong></span> <span class='ocrx_word' id='word_1_462' title='bbox 2728 2550 3122 2608; x_wconf 80' lang='lat' dir='ltr'><strong>confundenda</strong></span> <span class='ocrx_word' id='word_1_463' title='bbox 3180 2554 3398 2624; x_wconf 87' lang='lat' dir='ltr'><strong>species</strong></span> <span class='ocrx_word' id='word_1_464' title='bbox 3467 2557 3739 2627; x_wconf 69' lang='lat' dir='ltr'><strong>gradusque</strong></span> 
     </span>
    </p>
   </div>
   <div class='ocr_carea' id='block_1_72' title="bbox 2200 2642 3740 2705">
    <p class='ocr_par' dir='ltr' id='par_1_72' title="bbox 2200 2642 3740 2705">
     <span class='ocr_line' id='line_1_72' title="bbox 2200 2642 3740 2705; baseline 0.008 -15"><span class='ocrx_word' id='word_1_465' title='bbox 2200 2651 2553 2693; x_wconf 83' lang='lat' dir='ltr'><strong>censurarum</strong></span> <span class='ocrx_word' id='word_1_466' title='bbox 2607 2642 3020 2698; x_wconf 87' lang='lat' dir='ltr'><strong>canonicarum.</strong></span> <span class='ocrx_word' id='word_1_467' title='bbox 3058 2643 3358 2701; x_wconf 84' lang='lat' dir='ltr'><strong>Vaticanus</strong></span> <span class='ocrx_word' id='word_1_468' title='bbox 3403 2647 3556 2702; x_wconf 87' lang='lat' dir='ltr'><strong>solita</strong></span> <span class='ocrx_word' id='word_1_469' title='bbox 3607 2649 3740 2705; x_wconf 81' lang='lat' dir='ltr'><strong>liber-</strong></span> 
     </span>
    </p>
   </div>
   <div class='ocr_carea' id='block_1_73' title="bbox 2203 2729 3739 2809">
    <p class='ocr_par' dir='ltr' id='par_1_73' title="bbox 2203 2729 3739 2809">
     <span class='ocr_line' id='line_1_73' title="bbox 2203 2729 3739 2809; baseline 0.01 -27"><span class='ocrx_word' id='word_1_470' title='bbox 2203 2737 2313 2782; x_wconf 88' lang='lat' dir='ltr'><strong>tate</strong></span> <span class='ocrx_word' id='word_1_471' title='bbox 2363 2729 2510 2786; x_wconf 88' lang='lat' dir='ltr'><strong>hunc</strong></span> <span class='ocrx_word' id='word_1_472' title='bbox 2568 2733 2747 2788; x_wconf 88' lang='lat' dir='ltr'><strong>locmn</strong></span> <span class='ocrx_word' id='word_1_473' title='bbox 2808 2737 3191 2808; x_wconf 75' lang='grc' dir='ltr'>παραφράζει,</span> <span class='ocrx_word' id='word_1_474' title='bbox 3227 2755 3326 2809; x_wconf 90' lang='lat' dir='ltr'><strong>pro</strong></span> <span class='ocrx_word' id='word_1_475' title='bbox 3362 2741 3468 2795; x_wconf 88' lang='lat' dir='ltr'><strong>illis</strong></span> <span class='ocrx_word' id='word_1_476' title='bbox 3492 2742 3739 2804; x_wconf 70' lang='lat' dir='ltr'><strong>verbide</strong></span> 
     </span>
    </p>
   </div>
   <div class='ocr_carea' id='block_1_74' title="bbox 2201 2820 3737 2904">
    <p class='ocr_par' dir='ltr' id='par_1_74' title="bbox 2201 2820 3737 2904">
     <span class='ocr_line' id='line_1_74' title="bbox 2201 2820 3737 2904; baseline 0.008 -30"><span class='ocrx_word' id='word_1_477' title='bbox 2201 2820 2504 2892; x_wconf 75' lang='grc' dir='ltr'>πρόστιμον</span> <span class='ocrx_word' id='word_1_478' title='bbox 2530 2863 2545 2877; x_wconf 94' lang='grc'><strong>.</strong></span> <span class='ocrx_word' id='word_1_479' title='bbox 2571 2862 2584 2876; x_wconf 94' lang='grc'><strong>.</strong></span> <span class='ocrx_word' id='word_1_480' title='bbox 2607 2862 2622 2877; x_wconf 93' lang='grc'><strong>.</strong></span> <span class='ocrx_word' id='word_1_481' title='bbox 2653 2864 2667 2879; x_wconf 93' lang='grc'><strong>.</strong></span> <span class='ocrx_word' id='word_1_482' title='bbox 2721 2827 3004 2904; x_wconf 68' lang='grc' dir='ltr'><strong>ἐπίσχεσις</strong></span> <span class='ocrx_word' id='word_1_483' title='bbox 3064 2824 3154 2899; x_wconf 81' lang='grc' dir='ltr'>ἦν,</span> <span class='ocrx_word' id='word_1_484' title='bbox 3215 2832 3296 2886; x_wconf 87' lang='lat' dir='ltr'><strong>sic</strong></span> <span class='ocrx_word' id='word_1_485' title='bbox 3350 2833 3594 2888; x_wconf 83' lang='lat' dir='ltr'><strong>scribens</strong></span> <span class='ocrx_word' id='word_1_486' title='bbox 3622 2851 3635 2888; x_wconf 89' lang='lat'><strong>:</strong></span> <span class='ocrx_word' id='word_1_487' title='bbox 3668 2835 3737 2886; x_wconf 79' lang='grc' dir='ltr'><strong>Ἑ-</strong></span> 
     </span>
    </p>
   </div>
   <div class='ocr_carea' id='block_1_75' title="bbox 2203 2915 3738 2999">
    <p class='ocr_par' dir='ltr' id='par_1_75' title="bbox 2203 2915 3738 2999">
     <span class='ocr_line' id='line_1_75' title="bbox 2203 2915 3738 2999; baseline 0.009 -33"><span class='ocrx_word' id='word_1_488' title='bbox 2203 2915 2466 2984; x_wconf 85' lang='grc' dir='ltr'><strong>σχόλαστο</strong></span> <span class='ocrx_word' id='word_1_489' title='bbox 2484 2917 2583 2988; x_wconf 82' lang='grc' dir='ltr'><strong>τῆς</strong></span> <span class='ocrx_word' id='word_1_490' title='bbox 2609 2918 2912 2991; x_wconf 74' lang='grc' dir='ltr'><strong>ἱερωσύνης</strong></span> <span class='ocrx_word' id='word_1_491' title='bbox 2949 2923 3100 2991; x_wconf 76' lang='grc' dir='ltr'><strong>παρά</strong></span> <span class='ocrx_word' id='word_1_492' title='bbox 3133 2922 3228 2978; x_wconf 82' lang='grc' dir='ltr'><strong>τοῦ</strong></span> <span class='ocrx_word' id='word_1_493' title='bbox 3267 2928 3610 2996; x_wconf 81' lang='grc' dir='ltr'><strong>πατριάρχου</strong></span> <span class='ocrx_word' id='word_1_494' title='bbox 3629 2928 3738 2999; x_wconf 74' lang='grc' dir='ltr'>πρὸς</span> 
     </span>
    </p>
   </div>
   <div class='ocr_carea' id='block_1_76' title="bbox 2201 3007 3588 3086">
    <p class='ocr_par' dir='ltr' id='par_1_76' title="bbox 2201 3007 3588 3086">
     <span class='ocr_line' id='line_1_76' title="bbox 2201 3007 3588 3086; baseline 0.012 -28"><span class='ocrx_word' id='word_1_495' title='bbox 2201 3007 2414 3075; x_wconf 80' lang='grc' dir='ltr'>καιρόν.</span> <span class='ocrx_word' id='word_1_496' title='bbox 2456 3008 2534 3064; x_wconf 91' lang='lat' dir='ltr'><strong>De</strong></span> <span class='ocrx_word' id='word_1_497' title='bbox 2563 3026 2664 3064; x_wconf 90' lang='lat' dir='ltr'><strong>suo</strong></span> <span class='ocrx_word' id='word_1_498' title='bbox 2693 3011 2844 3065; x_wconf 88' lang='lat' dir='ltr'><strong>addit</strong></span> <span class='ocrx_word' id='word_1_499' title='bbox 2869 3015 3205 3069; x_wconf 86' lang='lat' dir='ltr'><strong>mentionem</strong></span> <span class='ocrx_word' id='word_1_500' title='bbox 3243 3019 3588 3086; x_wconf 63' lang='lat' dir='ltr'><strong>patriarchae.</strong></span> 
     </span>
    </p>
   </div>
   <div class='ocr_carea' id='block_1_77' title="bbox 2273 3094 3738 3178">
    <p class='ocr_par' dir='ltr' id='par_1_77' title="bbox 2273 3094 3738 3178">
     <span class='ocr_line' id='line_1_77' title="bbox 2273 3094 3738 3178; baseline 0.009 -30"><span class='ocrx_word' id='word_1_501' title='bbox 2273 3094 2336 3167; x_wconf 80' lang='grc' dir='ltr'><strong>[Ρ</strong></span> <span class='ocrx_word' id='word_1_502' title='bbox 2357 3097 2480 3169; x_wconf 79' lang='lat'><strong>386]</strong></span> <span class='ocrx_word' id='word_1_503' title='bbox 2557 3098 2955 3170; x_wconf 75' lang='grc' dir='ltr'>Ἐταιρίαρχοι</span> <span class='ocrx_word' id='word_1_504' title='bbox 2981 3103 3168 3172; x_wconf 77' lang='grc' dir='ltr'><strong>ρ.521.</strong></span> <span class='ocrx_word' id='word_1_505' title='bbox 3198 3104 3340 3170; x_wconf 82' lang='grc' dir='ltr'><strong>Τοὺς</strong></span> <span class='ocrx_word' id='word_1_506' title='bbox 3376 3108 3468 3162; x_wconf 74' lang='grc' dir='ltr'><strong>ἐπὶ</strong></span> <span class='ocrx_word' id='word_1_507' title='bbox 3495 3111 3589 3178; x_wconf 79' lang='grc' dir='ltr'><strong>τῆς</strong></span> <span class='ocrx_word' id='word_1_508' title='bbox 3612 3111 3738 3163; x_wconf 77' lang='grc' dir='ltr'>εἰσα-</span> 
     </span>
    </p>
   </div>
   <div class='ocr_carea' id='block_1_78' title="bbox 2201 3186 3736 3269">
    <p class='ocr_par' dir='ltr' id='par_1_78' title="bbox 2201 3186 3736 3269">
     <span class='ocr_line' id='line_1_78' title="bbox 2201 3186 3736 3269; baseline 0.011 -32"><span class='ocrx_word' id='word_1_509' title='bbox 2201 3187 2389 3257; x_wconf 82' lang='grc' dir='ltr'>γωγῆς</span> <span class='ocrx_word' id='word_1_510' title='bbox 2421 3186 2512 3252; x_wconf 78' lang='grc' dir='ltr'>οὓς</span> <span class='ocrx_word' id='word_1_511' title='bbox 2539 3190 2918 3262; x_wconf 74' lang='grc' dir='ltr'>ἑταιριάρχους</span> <span class='ocrx_word' id='word_1_512' title='bbox 2946 3192 3215 3261; x_wconf 84' lang='grc' dir='ltr'>λέγουσιν.</span> <span class='ocrx_word' id='word_1_513' title='bbox 3249 3196 3410 3266; x_wconf 85' lang='lat' dir='ltr'><strong>Hinc,</strong></span> <span class='ocrx_word' id='word_1_514' title='bbox 3465 3209 3648 3269; x_wconf 66' lang='lat' dir='ltr'><strong>praeter</strong></span> <span class='ocrx_word' id='word_1_515' title='bbox 3686 3213 3736 3254; x_wconf 87' lang='lat' dir='ltr'><strong>ea</strong></span> 
     </span>
    </p>
   </div>
   <div class='ocr_carea' id='block_1_79' title="bbox 2203 3279 3739 3361">
    <p class='ocr_par' dir='ltr' id='par_1_79' title="bbox 2203 3279 3739 3361">
     <span class='ocr_line' id='line_1_79' title="bbox 2203 3279 3739 3361; baseline 0.008 -31"><span class='ocrx_word' id='word_1_516' title='bbox 2203 3293 2326 3347; x_wconf 83' lang='lat' dir='ltr'><strong>quae</strong></span> <span class='ocrx_word' id='word_1_517' title='bbox 2380 3279 2446 3334; x_wconf 89' lang='lat' dir='ltr'><strong>de</strong></span> <span class='ocrx_word' id='word_1_518' title='bbox 2508 3287 2611 3336; x_wconf 87' lang='lat' dir='ltr'><strong>hac</strong></span> <span class='ocrx_word' id='word_1_519' title='bbox 2660 3297 2794 3338; x_wconf 88' lang='lat' dir='ltr'><strong>voce</strong></span> <span class='ocrx_word' id='word_1_520' title='bbox 2853 3293 3010 3339; x_wconf 90' lang='lat' dir='ltr'><strong>notat</strong></span> <span class='ocrx_word' id='word_1_521' title='bbox 3076 3285 3374 3356; x_wconf 82' lang='lat' dir='ltr'><strong>Meursius,</strong></span> <span class='ocrx_word' id='word_1_522' title='bbox 3429 3290 3739 3361; x_wconf 79' lang='lat' dir='ltr'><strong>intelligimus</strong></span> 
     </span>
    </p>
   </div>
   <div class='ocr_carea' id='block_1_80' title="bbox 2204 3369 3737 3452">
    <p class='ocr_par' dir='ltr' id='par_1_80' title="bbox 2204 3369 3737 3452">
     <span class='ocr_line' id='line_1_80' title="bbox 2204 3369 3737 3452; baseline 0.009 -30"><span class='ocrx_word' id='word_1_523' title='bbox 2204 3369 2608 3426; x_wconf 90' lang='lat' dir='ltr'><strong>introductores</strong></span> <span class='ocrx_word' id='word_1_524' title='bbox 2680 3373 2796 3428; x_wconf 86' lang='lat' dir='ltr'><strong>sive</strong></span> <span class='ocrx_word' id='word_1_525' title='bbox 2884 3377 3302 3434; x_wconf 86' lang='lat' dir='ltr'><strong>admissionales</strong></span> <span class='ocrx_word' id='word_1_526' title='bbox 3386 3381 3737 3452; x_wconf 87' lang='lat' dir='ltr'><strong>imperatorum</strong></span> 
     </span>
    </p>
   </div>
   <div class='ocr_carea' id='block_1_81' title="bbox 2203 3457 3738 3541">
    <p class='ocr_par' dir='ltr' id='par_1_81' title="bbox 2203 3457 3738 3541">
     <span class='ocr_line' id='line_1_81' title="bbox 2203 3457 3738 3541; baseline 0.01 -31"><span class='ocrx_word' id='word_1_527' title='bbox 2203 3457 2571 3516; x_wconf 72' lang='lat' dir='ltr'><strong>hwteriarcltos</strong></span> <span class='ocrx_word' id='word_1_528' title='bbox 2602 3464 2803 3531; x_wconf 86' lang='lat' dir='ltr'><strong>dictos,</strong></span> <span class='ocrx_word' id='word_1_529' title='bbox 2833 3466 2980 3536; x_wconf 89' lang='lat' dir='ltr'><strong>quod</strong></span> <span class='ocrx_word' id='word_1_530' title='bbox 3006 3483 3201 3538; x_wconf 91' lang='lat' dir='ltr'><strong>nempe</strong></span> <span class='ocrx_word' id='word_1_531' title='bbox 3239 3471 3451 3526; x_wconf 90' lang='lat' dir='ltr'><strong>tribuni</strong></span> <span class='ocrx_word' id='word_1_532' title='bbox 3497 3471 3738 3541; x_wconf 77' lang='lat' dir='ltr'><strong>praetoria-</strong></span> 
     </span>
    </p>
   </div>
   <div class='ocr_carea' id='block_1_82' title="bbox 2203 3554 3738 3632">
    <p class='ocr_par' dir='ltr' id='par_1_82' title="bbox 2203 3554 3738 3632">
     <span class='ocr_line' id='line_1_82' title="bbox 2203 3554 3738 3632; baseline 0.008 -28"><span class='ocrx_word' id='word_1_533' title='bbox 2203 3565 2422 3612; x_wconf 90' lang='lat' dir='ltr'><strong>norum.</strong></span> <span class='ocrx_word' id='word_1_534' title='bbox 2474 3554 2675 3623; x_wconf 90' lang='lat' dir='ltr'><strong>quibus</strong></span> <span class='ocrx_word' id='word_1_535' title='bbox 2703 3558 2926 3626; x_wconf 89' lang='lat' dir='ltr'><strong>proprie</strong></span> <span class='ocrx_word' id='word_1_536' title='bbox 2968 3559 3019 3614; x_wconf 92' lang='lat' dir='ltr'><strong>id</strong></span> <span class='ocrx_word' id='word_1_537' title='bbox 3075 3576 3276 3615; x_wconf 89' lang='lat' dir='ltr'><strong>nomen</strong></span> <span class='ocrx_word' id='word_1_538' title='bbox 3329 3563 3603 3629; x_wconf 89' lang='lat' dir='ltr'><strong>convenit,</strong></span> <span class='ocrx_word' id='word_1_539' title='bbox 3649 3562 3738 3632; x_wconf 84' lang='lat' dir='ltr'><strong>pie-</strong></span> 
     </span>
    </p>
   </div>
   <div class='ocr_carea' id='block_1_83' title="bbox 2207 3647 3738 3726">
    <p class='ocr_par' dir='ltr' id='par_1_83' title="bbox 2207 3647 3738 3726">
     <span class='ocr_line' id='line_1_83' title="bbox 2207 3647 3738 3726; baseline 0.009 -30"><span class='ocrx_word' id='word_1_540' title='bbox 2207 3660 2439 3714; x_wconf 87' lang='lat' dir='ltr'><strong>rumque</strong></span> <span class='ocrx_word' id='word_1_541' title='bbox 2474 3647 2576 3701; x_wconf 88' lang='lat' dir='ltr'><strong>isto</strong></span> <span class='ocrx_word' id='word_1_542' title='bbox 2609 3649 2936 3706; x_wconf 88' lang='lat' dir='ltr'><strong>admittendi</strong></span> <span class='ocrx_word' id='word_1_543' title='bbox 2968 3653 3034 3708; x_wconf 88' lang='lat' dir='ltr'><strong>ad</strong></span> <span class='ocrx_word' id='word_1_544' title='bbox 3089 3654 3398 3726; x_wconf 83' lang='lat' dir='ltr'><strong>principem</strong></span> <span class='ocrx_word' id='word_1_545' title='bbox 3447 3657 3614 3714; x_wconf 78' lang='lat' dir='ltr'><strong>cilicio</strong></span> <span class='ocrx_word' id='word_1_546' title='bbox 3636 3657 3738 3711; x_wconf 86' lang='lat' dir='ltr'><strong>fun-</strong></span> 
     </span>
    </p>
   </div>
   <div class='ocr_carea' id='block_1_84' title="bbox 2203 3745 2556 3806">
    <p class='ocr_par' dir='ltr' id='par_1_84' title="bbox 2203 3745 2556 3806">
     <span class='ocr_line' id='line_1_84' title="bbox 2203 3745 2556 3806; baseline 0.014 -18"><span class='ocrx_word' id='word_1_547' title='bbox 2203 3747 2474 3806; x_wconf 80' lang='lat' dir='ltr'><strong>gerentur.</strong></span> <span class='ocrx_word' id='word_1_548' title='bbox 2552 3745 2556 3749; x_wconf 80' lang='lat'>&#39;</span> 
     </span>
    </p>
   </div>
   <div class='ocr_carea' id='block_1_85' title="bbox 2284 3827 3738 3910">
    <p class='ocr_par' dir='ltr' id='par_1_85' title="bbox 2284 3827 3738 3910">
     <span class='ocr_line' id='line_1_85' title="bbox 2284 3827 3738 3910; baseline 0.007 -28"><span class='ocrx_word' id='word_1_549' title='bbox 2284 3827 2679 3901; x_wconf 76' lang='grc' dir='ltr'><strong>Ἐτεροθαλής</strong></span> <span class='ocrx_word' id='word_1_550' title='bbox 2735 3849 2791 3904; x_wconf 88' lang='lat' dir='ltr'><strong>p.</strong></span> <span class='ocrx_word' id='word_1_551' title='bbox 2827 3835 2952 3891; x_wconf 71' lang='lat'><strong>292.</strong></span> <span class='ocrx_word' id='word_1_552' title='bbox 2979 3837 3089 3907; x_wconf 79' lang='grc' dir='ltr'><strong>Τὴν</strong></span> <span class='ocrx_word' id='word_1_553' title='bbox 3155 3837 3464 3910; x_wconf 80' lang='grc' dir='ltr'><strong>ἐτεροθαλῆ</strong></span> <span class='ocrx_word' id='word_1_554' title='bbox 3537 3839 3738 3907; x_wconf 76' lang='grc' dir='ltr'><strong>ἀδελφὴν</strong></span> 
     </span>
    </p>
   </div>
   <div class='ocr_carea' id='block_1_86' title="bbox 2204 3919 3738 3994">
    <p class='ocr_par' dir='ltr' id='par_1_86' title="bbox 2204 3919 3738 3994">
     <span class='ocr_line' id='line_1_86' title="bbox 2204 3919 3738 3994; baseline 0.007 -22"><span class='ocrx_word' id='word_1_555' title='bbox 2204 3919 2407 3988; x_wconf 78' lang='grc' dir='ltr'>αὐτῶν,</span> <span class='ocrx_word' id='word_1_556' title='bbox 2460 3939 2659 3994; x_wconf 92' lang='lat' dir='ltr'><strong>nempe</strong></span> <span class='ocrx_word' id='word_1_557' title='bbox 2710 3924 2938 3982; x_wconf 85' lang='lat' dir='ltr'><strong>Joannis</strong></span> <span class='ocrx_word' id='word_1_558' title='bbox 2990 3937 3045 3983; x_wconf 89' lang='lat' dir='ltr'><strong>et</strong></span> <span class='ocrx_word' id='word_1_559' title='bbox 3103 3927 3427 3987; x_wconf 78' lang='lat' dir='ltr'><strong>Theodosia:</strong></span> <span class='ocrx_word' id='word_1_560' title='bbox 3485 3933 3738 3987; x_wconf 83' lang='lat' dir='ltr'><strong>liberorum</strong></span> 
     </span>
    </p>
   </div>
   <div class='ocr_carea' id='block_1_87' title="bbox 2203 4012 3739 4092">
    <p class='ocr_par' dir='ltr' id='par_1_87' title="bbox 2203 4012 3739 4092">
     <span class='ocr_line' id='line_1_87' title="bbox 2203 4012 3739 4092; baseline 0.007 -27"><span class='ocrx_word' id='word_1_561' title='bbox 2203 4012 2425 4068; x_wconf 69' lang='lat' dir='ltr'><strong>Marthae</strong></span> <span class='ocrx_word' id='word_1_562' title='bbox 2453 4017 2656 4071; x_wconf 89' lang='lat' dir='ltr'><strong>sororis</strong></span> <span class='ocrx_word' id='word_1_563' title='bbox 2696 4017 3068 4088; x_wconf 84' lang='lat' dir='ltr'><strong>imperatoris.</strong></span> <span class='ocrx_word' id='word_1_564' title='bbox 3099 4021 3234 4092; x_wconf 89' lang='lat' dir='ltr'><strong>Cap.</strong></span> <span class='ocrx_word' id='word_1_565' title='bbox 3271 4025 3522 4092; x_wconf 87' lang='lat' dir='ltr'><strong>sequenti</strong></span> <span class='ocrx_word' id='word_1_566' title='bbox 3572 4025 3630 4077; x_wconf 86' lang='lat' dir='ltr'><strong>de</strong></span> <span class='ocrx_word' id='word_1_567' title='bbox 3664 4037 3739 4076; x_wconf 87' lang='lat' dir='ltr'><strong>ea-</strong></span> 
     </span>
    </p>
   </div>
   <div class='ocr_carea' id='block_1_88' title="bbox 2203 4109 3736 4183">
    <p class='ocr_par' dir='ltr' id='par_1_88' title="bbox 2203 4109 3736 4183">
     <span class='ocr_line' id='line_1_88' title="bbox 2203 4109 3736 4183; baseline 0.004 -21"><span class='ocrx_word' id='word_1_568' title='bbox 2203 4109 2324 4162; x_wconf 90' lang='lat' dir='ltr'><strong>dem</strong></span> <span class='ocrx_word' id='word_1_569' title='bbox 2380 4109 2811 4181; x_wconf 80' lang='lat' dir='ltr'><strong>Nostongonissa</strong></span> <span class='ocrx_word' id='word_1_570' title='bbox 2851 4113 3077 4183; x_wconf 84' lang='lat' dir='ltr'><strong>loquens</strong></span> <span class='ocrx_word' id='word_1_571' title='bbox 3108 4113 3305 4171; x_wconf 84' lang='lat' dir='ltr'><strong>Noster</strong></span> <span class='ocrx_word' id='word_1_572' title='bbox 3335 4117 3503 4173; x_wconf 89' lang='lat' dir='ltr'><strong>habet</strong></span> <span class='ocrx_word' id='word_1_573' title='bbox 3552 4117 3736 4178; x_wconf 86' lang='lat' dir='ltr'><strong>iterum,</strong></span> 
     </span>
    </p>
   </div>
   <div class='ocr_carea' id='block_1_89' title="bbox 2204 4201 3736 4278">
    <p class='ocr_par' dir='ltr' id='par_1_89' title="bbox 2204 4201 3736 4278">
     <span class='ocr_line' id='line_1_89' title="bbox 2204 4201 3736 4278; baseline 0.005 -25"><span class='ocrx_word' id='word_1_574' title='bbox 2204 4202 2300 4254; x_wconf 77' lang='grc' dir='ltr'><strong>καὶ</strong></span> <span class='ocrx_word' id='word_1_575' title='bbox 2345 4201 2442 4272; x_wconf 81' lang='grc' dir='ltr'><strong>τῆς</strong></span> <span class='ocrx_word' id='word_1_576' title='bbox 2466 4204 2648 4258; x_wconf 84' lang='grc' dir='ltr'>αὐτῶν</span> <span class='ocrx_word' id='word_1_577' title='bbox 2699 4205 3056 4276; x_wconf 76' lang='grc' dir='ltr'>ἐτεροθαλοῦς</span> <span class='ocrx_word' id='word_1_578' title='bbox 3114 4207 3214 4277; x_wconf 82' lang='grc' dir='ltr'><strong>τῆς</strong></span> <span class='ocrx_word' id='word_1_579' title='bbox 3270 4209 3736 4278; x_wconf 78' lang='grc' dir='ltr'>Νοστογγονίσσης.</span> 
     </span>
    </p>
   </div>
   <div class='ocr_carea' id='block_1_90' title="bbox 2203 4292 3738 4369">
    <p class='ocr_par' dir='ltr' id='par_1_90' title="bbox 2203 4292 3738 4369">
     <span class='ocr_line' id='line_1_90' title="bbox 2203 4292 3738 4369; baseline 0.003 -23"><span class='ocrx_word' id='word_1_580' title='bbox 2203 4292 2344 4360; x_wconf 86' lang='lat' dir='ltr'><strong>Quid</strong></span> <span class='ocrx_word' id='word_1_581' title='bbox 2379 4293 2586 4350; x_wconf 90' lang='lat' dir='ltr'><strong>sithoc</strong></span> <span class='ocrx_word' id='word_1_582' title='bbox 2628 4296 2750 4351; x_wconf 91' lang='lat' dir='ltr'><strong>loco</strong></span> <span class='ocrx_word' id='word_1_583' title='bbox 2775 4297 3133 4369; x_wconf 77' lang='grc' dir='ltr'>ὲτεροϐαλής,</span> <span class='ocrx_word' id='word_1_584' title='bbox 3173 4298 3326 4355; x_wconf 90' lang='lat' dir='ltr'><strong>clare</strong></span> <span class='ocrx_word' id='word_1_585' title='bbox 3375 4301 3536 4355; x_wconf 86' lang='lat' dir='ltr'><strong>docet</strong></span> <span class='ocrx_word' id='word_1_586' title='bbox 3569 4297 3738 4352; x_wconf 82' lang='lat' dir='ltr'><strong>Eusta-</strong></span> 
     </span>
    </p>
   </div>
   <div class='ocr_carea' id='block_1_91' title="bbox 2205 4384 3739 4458">
    <p class='ocr_par' dir='ltr' id='par_1_91' title="bbox 2205 4384 3739 4458">
     <span class='ocr_line' id='line_1_91' title="bbox 2205 4384 3739 4458; baseline 0.001 -20"><span class='ocrx_word' id='word_1_587' title='bbox 2205 4385 2351 4438; x_wconf 90' lang='lat' dir='ltr'><strong>thius</strong></span> <span class='ocrx_word' id='word_1_588' title='bbox 2381 4386 2446 4439; x_wconf 92' lang='lat' dir='ltr'><strong>ad</strong></span> <span class='ocrx_word' id='word_1_589' title='bbox 2479 4384 2642 4440; x_wconf 76' lang='lat' dir='ltr'><strong>Iliad.</strong></span> <span class='ocrx_word' id='word_1_590' title='bbox 2673 4404 2726 4458; x_wconf 90' lang='grc' dir='ltr'>χ,</span> <span class='ocrx_word' id='word_1_591' title='bbox 2753 4402 2808 4457; x_wconf 92' lang='lat' dir='ltr'><strong>p.</strong></span> <span class='ocrx_word' id='word_1_592' title='bbox 2849 4387 2985 4442; x_wconf 71' lang='grc'><strong>1285</strong></span> <span class='ocrx_word' id='word_1_593' title='bbox 3015 4389 3106 4444; x_wconf 89' lang='lat' dir='ltr'><strong>ed.</strong></span> <span class='ocrx_word' id='word_1_594' title='bbox 3139 4387 3302 4443; x_wconf 89' lang='lat' dir='ltr'><strong>Rom.</strong></span> <span class='ocrx_word' id='word_1_595' title='bbox 3342 4390 3536 4453; x_wconf 81' lang='grc' dir='ltr'><strong>Παῖδες</strong></span> <span class='ocrx_word' id='word_1_596' title='bbox 3561 4384 3739 4456; x_wconf 72' lang='grc' dir='ltr'>πατρὸς</span> 
     </span>
    </p>
   </div>
   <div class='ocr_carea' id='block_1_92' title="bbox 531 4461 2100 4550">
    <p class='ocr_par' dir='ltr' id='par_1_92' title="bbox 531 4461 2098 4541">
     <span class='ocr_line' id='line_1_92' title="bbox 531 4461 2098 4541; baseline 0.013 -26"><span class='ocrx_word' id='word_1_597' title='bbox 531 4461 705 4518; x_wconf 90' lang='lat' dir='ltr'><strong>sentis</strong></span> <span class='ocrx_word' id='word_1_598' title='bbox 754 4464 963 4520; x_wconf 91' lang='lat' dir='ltr'><strong>arbitrii</strong></span> <span class='ocrx_word' id='word_1_599' title='bbox 999 4467 1053 4520; x_wconf 88' lang='lat' dir='ltr'><strong>in</strong></span> <span class='ocrx_word' id='word_1_600' title='bbox 1088 4469 1761 4541; x_wconf 73' lang='lat' dir='ltr'><strong>ecclesiasticisctetibus,</strong></span> <span class='ocrx_word' id='word_1_601' title='bbox 1794 4493 1899 4534; x_wconf 90' lang='lat' dir='ltr'><strong>usu</strong></span> <span class='ocrx_word' id='word_1_602' title='bbox 1951 4481 2098 4536; x_wconf 89' lang='lat' dir='ltr'><strong>anti-</strong></span> 
     </span>
    </p>
   </div>
   <div class='ocr_carea' id='block_1_93' title="bbox 2204 4461 3738 4550">
    <p class='ocr_par' dir='ltr' id='par_1_93' title="bbox 2209 4477 3738 4550">
     <span class='ocr_line' id='line_1_93' title="bbox 2209 4477 3738 4550; baseline 0.007 -21"><span class='ocrx_word' id='word_1_603' title='bbox 2209 4477 2286 4548; x_wconf 76' lang='grc' dir='ltr'>μὴ</span> <span class='ocrx_word' id='word_1_604' title='bbox 2339 4479 2671 4550; x_wconf 83' lang='grc' dir='ltr'>ὁμομήτριοι</span> <span class='ocrx_word' id='word_1_605' title='bbox 2750 4479 3090 4550; x_wconf 77' lang='grc' dir='ltr'>ἑτεροοαλεῖς</span> <span class='ocrx_word' id='word_1_606' title='bbox 3162 4481 3434 4548; x_wconf 73' lang='grc' dir='ltr'>λέγονταιο</span> <span class='ocrx_word' id='word_1_607' title='bbox 3484 4480 3601 4537; x_wconf 74' lang='lat' dir='ltr'><strong>Filii</strong></span> <span class='ocrx_word' id='word_1_608' title='bbox 3660 4492 3738 4545; x_wconf 73' lang='grc' dir='ltr'><strong>Ρα-</strong></span> 
     </span>
    </p>
   </div>
   <div class='ocr_carea' id='block_1_94' title="bbox 532 4556 2099 4642">
    <p class='ocr_par' dir='ltr' id='par_1_94' title="bbox 532 4556 2099 4642">
     <span class='ocr_line' id='line_1_94' title="bbox 532 4556 2099 4642; baseline 0.015 -35"><span class='ocrx_word' id='word_1_609' title='bbox 532 4569 642 4624; x_wconf 90' lang='lat' dir='ltr'><strong>quo</strong></span> <span class='ocrx_word' id='word_1_610' title='bbox 675 4564 730 4611; x_wconf 88' lang='lat' dir='ltr'><strong>et</strong></span> <span class='ocrx_word' id='word_1_611' title='bbox 785 4556 1004 4614; x_wconf 87' lang='lat' dir='ltr'><strong>Patrum</strong></span> <span class='ocrx_word' id='word_1_612' title='bbox 1065 4561 1322 4618; x_wconf 67' lang='lat' dir='ltr'><strong>Ecclesiae</strong></span> <span class='ocrx_word' id='word_1_613' title='bbox 1351 4574 1595 4621; x_wconf 89' lang='lat' dir='ltr'><strong>veterum</strong></span> <span class='ocrx_word' id='word_1_614' title='bbox 1619 4583 1909 4633; x_wconf 89' lang='lat' dir='ltr'><strong>consensu,</strong></span> <span class='ocrx_word' id='word_1_615' title='bbox 1948 4574 2099 4642; x_wconf 87' lang='lat' dir='ltr'><strong>prin-</strong></span> 
     </span>
    </p>
   </div>
   <div class='ocr_carea' id='block_1_95' title="bbox 531 4645 2098 4723">
    <p class='ocr_par' dir='ltr' id='par_1_95' title="bbox 531 4645 2098 4723">
     <span class='ocr_line' id='line_1_95' title="bbox 531 4645 2098 4723; baseline 0.016 -29"><span class='ocrx_word' id='word_1_616' title='bbox 531 4645 745 4714; x_wconf 84' lang='lat' dir='ltr'><strong>cipibus</strong></span> <span class='ocrx_word' id='word_1_617' title='bbox 767 4658 1108 4718; x_wconf 89' lang='lat' dir='ltr'><strong>competens.</strong></span> <span class='ocrx_word' id='word_1_618' title='bbox 1151 4651 1384 4723; x_wconf 83' lang='lat' dir='ltr'><strong>Reperio</strong></span> <span class='ocrx_word' id='word_1_619' title='bbox 1424 4672 1580 4712; x_wconf 88' lang='lat' dir='ltr'><strong>usum</strong></span> <span class='ocrx_word' id='word_1_620' title='bbox 1618 4659 1720 4714; x_wconf 93' lang='lat' dir='ltr'><strong>hoc</strong></span> <span class='ocrx_word' id='word_1_621' title='bbox 1757 4663 2021 4718; x_wconf 86' lang='lat' dir='ltr'><strong>vocabulo</strong></span> <span class='ocrx_word' id='word_1_622' title='bbox 2044 4664 2098 4719; x_wconf 92' lang='lat' dir='ltr'><strong>in</strong></span> 
     </span>
    </p>
   </div>
   <div class='ocr_carea' id='block_1_96' title="bbox 536 4740 2101 4828">
    <p class='ocr_par' dir='ltr' id='par_1_96' title="bbox 536 4740 2101 4828">
     <span class='ocr_line' id='line_1_96' title="bbox 536 4740 2101 4828; baseline 0.012 -35"><span class='ocrx_word' id='word_1_623' title='bbox 536 4740 723 4795; x_wconf 89' lang='lat' dir='ltr'><strong>eadem</strong></span> <span class='ocrx_word' id='word_1_624' title='bbox 760 4743 984 4798; x_wconf 90' lang='lat' dir='ltr'><strong>notione</strong></span> <span class='ocrx_word' id='word_1_625' title='bbox 1028 4744 1361 4802; x_wconf 89' lang='lat' dir='ltr'><strong>Demetrium</strong></span> <span class='ocrx_word' id='word_1_626' title='bbox 1401 4749 1801 4808; x_wconf 89' lang='lat' dir='ltr'><strong>Cbomatenum</strong></span> <span class='ocrx_word' id='word_1_627' title='bbox 1827 4757 2101 4828; x_wconf 71' lang='lat' dir='ltr'><strong>archiepi-</strong></span> 
     </span>
    </p>
   </div>
   <div class='ocr_carea' id='block_1_97' title="bbox 531 4833 2100 4909">
    <p class='ocr_par' dir='ltr' id='par_1_97' title="bbox 531 4833 2100 4909">
     <span class='ocr_line' id='line_1_97' title="bbox 531 4833 2100 4909; baseline 0.013 -25"><span class='ocrx_word' id='word_1_628' title='bbox 531 4847 757 4902; x_wconf 86' lang='lat' dir='ltr'><strong>scopum</strong></span> <span class='ocrx_word' id='word_1_629' title='bbox 805 4833 1064 4906; x_wconf 71' lang='lat' dir='ltr'><strong>Bulgarize</strong></span> <span class='ocrx_word' id='word_1_630' title='bbox 1096 4837 1148 4892; x_wconf 90' lang='lat' dir='ltr'><strong>in</strong></span> <span class='ocrx_word' id='word_1_631' title='bbox 1187 4841 1638 4909; x_wconf 85' lang='lat' dir='ltr'><strong>responsionibus</strong></span> <span class='ocrx_word' id='word_1_632' title='bbox 1678 4845 1744 4899; x_wconf 91' lang='lat' dir='ltr'><strong>ad</strong></span> <span class='ocrx_word' id='word_1_633' title='bbox 1781 4845 2100 4904; x_wconf 83' lang='lat' dir='ltr'><strong>Constanti-</strong></span> 
     </span>
    </p>
   </div>
   <div class='ocr_carea' id='block_1_98' title="bbox 533 4925 2098 5008">
    <p class='ocr_par' dir='ltr' id='par_1_98' title="bbox 533 4925 2098 5008">
     <span class='ocr_line' id='line_1_98' title="bbox 533 4925 2098 5008; baseline 0.013 -32"><span class='ocrx_word' id='word_1_634' title='bbox 533 4939 662 4978; x_wconf 87' lang='lat' dir='ltr'><strong>num</strong></span> <span class='ocrx_word' id='word_1_635' title='bbox 703 4925 1005 4982; x_wconf 85' lang='lat' dir='ltr'><strong>Cahasilam</strong></span> <span class='ocrx_word' id='word_1_636' title='bbox 1058 4930 1536 5004; x_wconf 88' lang='lat' dir='ltr'><strong>archiepiscopum</strong></span> <span class='ocrx_word' id='word_1_637' title='bbox 1584 4935 2098 5008; x_wconf 82' lang='lat' dir='ltr'><strong>Dyrrhachiensem,</strong></span> 
     </span>
    </p>
   </div>
   <div class='ocr_carea' id='block_1_99' title="bbox 533 5017 2098 5103">
    <p class='ocr_par' dir='ltr' id='par_1_99' title="bbox 533 5017 2098 5103">
     <span class='ocr_line' id='line_1_99' title="bbox 533 5017 2098 5103; baseline 0.013 -35"><span class='ocrx_word' id='word_1_638' title='bbox 533 5017 718 5072; x_wconf 89' lang='lat' dir='ltr'><strong>relatis</strong></span> <span class='ocrx_word' id='word_1_639' title='bbox 765 5033 797 5073; x_wconf 89' lang='lat' dir='ltr'><strong>a</strong></span> <span class='ocrx_word' id='word_1_640' title='bbox 831 5018 1160 5078; x_wconf 84' lang='lat' dir='ltr'><strong>Leunclavio</strong></span> <span class='ocrx_word' id='word_1_641' title='bbox 1195 5024 1235 5079; x_wconf 88' lang='grc' dir='ltr'>ι.</span> <span class='ocrx_word' id='word_1_642' title='bbox 1273 5041 1305 5080; x_wconf 94' lang='lat' dir='ltr'><strong>v</strong></span> <span class='ocrx_word' id='word_1_643' title='bbox 1336 5025 1485 5089; x_wconf 84' lang='lat' dir='ltr'><strong>Juris</strong></span> <span class='ocrx_word' id='word_1_644' title='bbox 1519 5019 2008 5096; x_wconf 70' lang='lat' dir='ltr'><strong>.Grteco-Romani,</strong></span> <span class='ocrx_word' id='word_1_645' title='bbox 2040 5049 2098 5103; x_wconf 89' lang='lat' dir='ltr'><strong>p.</strong></span> 
     </span>
    </p>
   </div>
   <div class='ocr_carea' id='block_1_100' title="bbox 545 5108 2098 5191">
    <p class='ocr_par' dir='ltr' id='par_1_100' title="bbox 545 5108 2098 5191">
     <span class='ocr_line' id='line_1_100' title="bbox 545 5108 2098 5191; baseline 0.012 -31"><span class='ocrx_word' id='word_1_646' title='bbox 545 5108 636 5162; x_wconf 67' lang='grc'><strong>516</strong></span> <span class='ocrx_word' id='word_1_647' title='bbox 665 5119 720 5163; x_wconf 91' lang='lat' dir='ltr'><strong>et</strong></span> <span class='ocrx_word' id='word_1_648' title='bbox 748 5127 831 5180; x_wconf 90' lang='lat' dir='ltr'><strong>sq.</strong></span> <span class='ocrx_word' id='word_1_649' title='bbox 861 5113 949 5168; x_wconf 92' lang='lat' dir='ltr'><strong>ed.</strong></span> <span class='ocrx_word' id='word_1_650' title='bbox 989 5113 1468 5174; x_wconf 84' lang='lat' dir='ltr'><strong>Francofurtensis</strong></span> <span class='ocrx_word' id='word_1_651' title='bbox 1513 5133 1606 5174; x_wconf 91' lang='lat' dir='ltr'><strong>an.</strong></span> <span class='ocrx_word' id='word_1_652' title='bbox 1641 5121 1776 5191; x_wconf 67' lang='grc'><strong>1640</strong></span> <span class='ocrx_word' id='word_1_653' title='bbox 1801 5138 1817 5190; x_wconf 86' lang='grc'><strong>;</strong></span> <span class='ocrx_word' id='word_1_654' title='bbox 1843 5123 1916 5178; x_wconf 91' lang='lat' dir='ltr'><strong>ibi</strong></span> <span class='ocrx_word' id='word_1_655' title='bbox 1946 5125 2098 5179; x_wconf 88' lang='lat' dir='ltr'><strong>enim</strong></span> 
     </span>
    </p>
   </div>
   <div class='ocr_carea' id='block_1_101' title="bbox 531 5201 2130 5280">
    <p class='ocr_par' dir='ltr' id='par_1_101' title="bbox 531 5201 2130 5280">
     <span class='ocr_line' id='line_1_101' title="bbox 531 5201 2130 5280; baseline 0.011 -27"><span class='ocrx_word' id='word_1_656' title='bbox 531 5204 649 5256; x_wconf 73' lang='lat' dir='ltr'><strong>haec</strong></span> <span class='ocrx_word' id='word_1_657' title='bbox 701 5201 998 5274; x_wconf 88' lang='lat' dir='ltr'><strong>leguntur:</strong></span> <span class='ocrx_word' id='word_1_658' title='bbox 1046 5205 1106 5259; x_wconf 85' lang='grc' dir='ltr'>Ὀ</span> <span class='ocrx_word' id='word_1_659' title='bbox 1155 5205 1414 5276; x_wconf 82' lang='grc' dir='ltr'>βασιλεὺς</span> <span class='ocrx_word' id='word_1_660' title='bbox 1472 5209 1580 5280; x_wconf 76' lang='grc' dir='ltr'><strong>γὰρ</strong></span> <span class='ocrx_word' id='word_1_661' title='bbox 1641 5205 1732 5265; x_wconf 75' lang='grc' dir='ltr'>οἷα</span> <span class='ocrx_word' id='word_1_662' title='bbox 1787 5214 1968 5278; x_wconf 85' lang='grc' dir='ltr'>κοινὸς</span> <span class='ocrx_word' id='word_1_663' title='bbox 1993 5212 2130 5270; x_wconf 82' lang='grc' dir='ltr'>τῶν’</span> 
     </span>
    </p>
   </div>
   <div class='ocr_carea' id='block_1_102' title="bbox 525 5295 2096 5379">
    <p class='ocr_par' dir='ltr' id='par_1_102' title="bbox 525 5295 2096 5379">
     <span class='ocr_line' id='line_1_102' title="bbox 525 5295 2096 5379; baseline 0.01 -34"><span class='ocrx_word' id='word_1_664' title='bbox 525 5295 837 5365; x_wconf 76' lang='grc' dir='ltr'><strong>ἐκκλησιῶν</strong></span> <span class='ocrx_word' id='word_1_665' title='bbox 884 5298 1368 5372; x_wconf 80' lang='grc' dir='ltr'>ὲπιστημονάρχης</span> <span class='ocrx_word' id='word_1_666' title='bbox 1406 5303 1499 5355; x_wconf 75' lang='grc' dir='ltr'><strong>καὶ</strong></span> <span class='ocrx_word' id='word_1_667' title='bbox 1523 5302 1598 5357; x_wconf 84' lang='grc' dir='ltr'>ὢν</span> <span class='ocrx_word' id='word_1_668' title='bbox 1632 5308 1728 5360; x_wconf 79' lang='grc' dir='ltr'><strong>καὶ</strong></span> <span class='ocrx_word' id='word_1_669' title='bbox 1756 5305 2096 5379; x_wconf 64' lang='grc' dir='ltr'>ὁνομαζόμεε</span> 
     </span>
    </p>
   </div>
   <div class='ocr_carea' id='block_1_103' title="bbox 533 5387 2085 5463">
    <p class='ocr_par' dir='ltr' id='par_1_103' title="bbox 533 5387 2085 5463">
     <span class='ocr_line' id='line_1_103' title="bbox 533 5387 2085 5463; baseline 0.009 -25"><span class='ocrx_word' id='word_1_670' title='bbox 533 5403 624 5450; x_wconf 86' lang='grc' dir='ltr'><strong>νος</strong></span> <span class='ocrx_word' id='word_1_671' title='bbox 667 5387 762 5440; x_wconf 82' lang='grc' dir='ltr'><strong>καὶ</strong></span> <span class='ocrx_word' id='word_1_672' title='bbox 798 5388 1102 5455; x_wconf 84' lang='grc' dir='ltr'>συνοδικαῖς</span> <span class='ocrx_word' id='word_1_673' title='bbox 1143 5391 1394 5463; x_wconf 79' lang='grc' dir='ltr'>γνώμαις</span> <span class='ocrx_word' id='word_1_674' title='bbox 1441 5398 1725 5450; x_wconf 76' lang='grc' dir='ltr'><strong>ιπιστατεῖ</strong></span> <span class='ocrx_word' id='word_1_675' title='bbox 1755 5399 1850 5452; x_wconf 77' lang='grc' dir='ltr'><strong>καὶ</strong></span> <span class='ocrx_word' id='word_1_676' title='bbox 1895 5397 1956 5452; x_wconf 81' lang='grc' dir='ltr'><strong>τὸ</strong></span> <span class='ocrx_word' id='word_1_677' title='bbox 2002 5399 2085 5452; x_wconf 80' lang='grc' dir='ltr'><strong>κῢο</strong></span> 
     </span>
    </p>
   </div>
   <div class='ocr_carea' id='block_1_104' title="bbox 541 5483 2103 5559">
    <p class='ocr_par' dir='ltr' id='par_1_104' title="bbox 541 5483 2103 5559">
     <span class='ocr_line' id='line_1_104' title="bbox 541 5483 2103 5559; baseline 0.009 -28"><span class='ocrx_word' id='word_1_678' title='bbox 541 5497 634 5550; x_wconf 87' lang='grc' dir='ltr'><strong>ρος</strong></span> <span class='ocrx_word' id='word_1_679' title='bbox 712 5483 940 5547; x_wconf 81' lang='grc' dir='ltr'><strong>ταύταις</strong></span> <span class='ocrx_word' id='word_1_680' title='bbox 986 5485 1272 5557; x_wconf 78' lang='grc' dir='ltr'>χαρίζεται</span> <span class='ocrx_word' id='word_1_681' title='bbox 1330 5504 1344 5520; x_wconf 87' lang='grc'><strong>·</strong></span> <span class='ocrx_word' id='word_1_682' title='bbox 1394 5490 1854 5559; x_wconf 75' lang='grc' dir='ltr'><strong>ὲκκλησιαστικὰς</strong></span> <span class='ocrx_word' id='word_1_683' title='bbox 1920 5491 2103 5557; x_wconf 82' lang='grc' dir='ltr'><strong>τάξεις</strong></span> 
     </span>
    </p>
   </div>
   <div class='ocr_carea' id='block_1_105' title="bbox 540 5572 2104 5654">
    <p class='ocr_par' dir='ltr' id='par_1_105' title="bbox 540 5572 2104 5654">
     <span class='ocr_line' id='line_1_105' title="bbox 540 5572 2104 5654; baseline 0.005 -28"><span class='ocrx_word' id='word_1_684' title='bbox 540 5572 816 5643; x_wconf 72' lang='grc' dir='ltr'>ῥυθμίζει,</span> <span class='ocrx_word' id='word_1_685' title='bbox 870 5575 965 5630; x_wconf 79' lang='grc' dir='ltr'><strong>καὶ</strong></span> <span class='ocrx_word' id='word_1_686' title='bbox 1035 5578 1320 5647; x_wconf 76' lang='grc' dir='ltr'>νομοτεθεῖ</span> <span class='ocrx_word' id='word_1_687' title='bbox 1351 5579 1454 5650; x_wconf 78' lang='grc' dir='ltr'><strong>βίῳ</strong></span> <span class='ocrx_word' id='word_1_688' title='bbox 1488 5581 1584 5636; x_wconf 77' lang='grc' dir='ltr'><strong>καὶ</strong></span> <span class='ocrx_word' id='word_1_689' title='bbox 1611 5583 1860 5654; x_wconf 74' lang='grc' dir='ltr'>πολιτεία</span> <span class='ocrx_word' id='word_1_690' title='bbox 1882 5583 1976 5641; x_wconf 80' lang='grc' dir='ltr'>τοῦ</span> <span class='ocrx_word' id='word_1_691' title='bbox 2007 5583 2104 5654; x_wconf 85' lang='grc' dir='ltr'><strong>βή-</strong></span> 
     </span>
    </p>
   </div>
   <div class='ocr_carea' id='block_1_106' title="bbox 541 5667 2102 5745">
    <p class='ocr_par' dir='ltr' id='par_1_106' title="bbox 541 5667 2102 5745">
     <span class='ocr_line' id='line_1_106' title="bbox 541 5667 2102 5745; baseline 0.006 -28"><span class='ocrx_word' id='word_1_692' title='bbox 541 5682 730 5734; x_wconf 83' lang='grc' dir='ltr'>ματος,</span> <span class='ocrx_word' id='word_1_693' title='bbox 761 5667 850 5719; x_wconf 66' lang='lat' dir='ltr'><strong>vat</strong></span> <span class='ocrx_word' id='word_1_694' title='bbox 882 5667 989 5738; x_wconf 77' lang='grc' dir='ltr'>μὴν</span> <span class='ocrx_word' id='word_1_695' title='bbox 1012 5669 1107 5723; x_wconf 76' lang='grc' dir='ltr'><strong>καὶ</strong></span> <span class='ocrx_word' id='word_1_696' title='bbox 1131 5669 1307 5734; x_wconf 80' lang='grc' dir='ltr'>δίκαις</span> <span class='ocrx_word' id='word_1_697' title='bbox 1353 5672 1669 5726; x_wconf 71' lang='grc' dir='ltr'><strong>ἐπισκόπων</strong></span> <span class='ocrx_word' id='word_1_698' title='bbox 1697 5673 1792 5728; x_wconf 71' lang='grc' dir='ltr'><strong>καὶ</strong></span> <span class='ocrx_word' id='word_1_699' title='bbox 1822 5673 2102 5745; x_wconf 72' lang='grc' dir='ltr'>κληρικῶν</span> 
     </span>
    </p>
   </div>
   <div class='ocr_carea' id='block_1_107' title="bbox 536 5759 2103 5837">
    <p class='ocr_par' dir='ltr' id='par_1_107' title="bbox 536 5759 2103 5837">
     <span class='ocr_line' id='line_1_107' title="bbox 536 5759 2103 5837; baseline 0.008 -28"><span class='ocrx_word' id='word_1_700' title='bbox 536 5759 636 5810; x_wconf 64' lang='grc' dir='ltr'><strong>καὶ</strong></span> <span class='ocrx_word' id='word_1_701' title='bbox 669 5760 893 5830; x_wconf 71' lang='grc' dir='ltr'><strong>πρός-’γε</strong></span> <span class='ocrx_word' id='word_1_702' title='bbox 926 5760 1277 5833; x_wconf 66' lang='grc' dir='ltr'>χηρευουσῶν</span> <span class='ocrx_word' id='word_1_703' title='bbox 1306 5760 1508 5834; x_wconf 73' lang='grc' dir='ltr'>ψήφοις</span> <span class='ocrx_word' id='word_1_704' title='bbox 1548 5765 1874 5837; x_wconf 68' lang='grc' dir='ltr'><strong>ἐκκλησῶν.</strong></span> <span class='ocrx_word' id='word_1_705' title='bbox 1947 5767 2103 5821; x_wconf 81' lang='grc' dir='ltr'><strong>Ἐνά-</strong></span> 
     </span>
    </p>
   </div>
   <div class='ocr_carea' id='block_1_108' title="bbox 2210 4571 3738 4643">
    <p class='ocr_par' dir='ltr' id='par_1_108' title="bbox 2210 4571 3738 4643">
     <span class='ocr_line' id='line_1_108' title="bbox 2210 4571 3738 4643; baseline -0.001 -19"><span class='ocrx_word' id='word_1_706' title='bbox 2210 4572 2304 4625; x_wconf 80' lang='lat' dir='ltr'><strong>tris</strong></span> <span class='ocrx_word' id='word_1_707' title='bbox 2334 4573 2582 4641; x_wconf 72' lang='lat' dir='ltr'><strong>ejusdem,</strong></span> <span class='ocrx_word' id='word_1_708' title='bbox 2619 4579 2709 4627; x_wconf 73' lang='lat' dir='ltr'><strong>sed</strong></span> <span class='ocrx_word' id='word_1_709' title='bbox 2749 4573 2935 4627; x_wconf 71' lang='lat' dir='ltr'><strong>matria</strong></span> <span class='ocrx_word' id='word_1_710' title='bbox 2964 4573 3201 4629; x_wconf 62' lang='lat' dir='ltr'><strong>diverse.</strong></span> <span class='ocrx_word' id='word_1_711' title='bbox 3231 4574 3340 4629; x_wconf 88' lang='lat' dir='ltr'><strong>Res</strong></span> <span class='ocrx_word' id='word_1_712' title='bbox 3366 4589 3529 4643; x_wconf 90' lang='lat' dir='ltr'><strong>porro</strong></span> <span class='ocrx_word' id='word_1_713' title='bbox 3556 4571 3604 4626; x_wconf 89' lang='lat' dir='ltr'><strong>in</strong></span> <span class='ocrx_word' id='word_1_714' title='bbox 3628 4583 3738 4640; x_wconf 68' lang='lat' dir='ltr'><strong>prat-</strong></span> 
     </span>
    </p>
   </div>
   <div class='ocr_carea' id='block_1_109' title="bbox 2209 4667 3739 4739">
    <p class='ocr_par' dir='ltr' id='par_1_109' title="bbox 2209 4667 3739 4739">
     <span class='ocr_line' id='line_1_109' title="bbox 2209 4667 3739 4739; baseline -0.002 -18"><span class='ocrx_word' id='word_1_715' title='bbox 2209 4667 2348 4721; x_wconf 88' lang='lat' dir='ltr'><strong>senti</strong></span> <span class='ocrx_word' id='word_1_716' title='bbox 2381 4667 2460 4721; x_wconf 90' lang='lat' dir='ltr'><strong>sic</strong></span> <span class='ocrx_word' id='word_1_717' title='bbox 2490 4682 2550 4722; x_wconf 88' lang='lat' dir='ltr'><strong>se</strong></span> <span class='ocrx_word' id='word_1_718' title='bbox 2597 4667 2806 4736; x_wconf 88' lang='lat' dir='ltr'><strong>habuit,</strong></span> <span class='ocrx_word' id='word_1_719' title='bbox 2855 4677 2914 4724; x_wconf 91' lang='lat' dir='ltr'><strong>ut</strong></span> <span class='ocrx_word' id='word_1_720' title='bbox 2948 4671 3151 4724; x_wconf 89' lang='lat' dir='ltr'><strong>diserte</strong></span> <span class='ocrx_word' id='word_1_721' title='bbox 3207 4670 3374 4726; x_wconf 82' lang='lat' dir='ltr'><strong>tradit</strong></span> <span class='ocrx_word' id='word_1_722' title='bbox 3413 4668 3739 4739; x_wconf 82' lang='lat' dir='ltr'><strong>Pachymeres</strong></span> 
     </span>
    </p>
   </div>
   <div class='ocr_carea' id='block_1_110' title="bbox 2209 4758 3737 4828">
    <p class='ocr_par' dir='ltr' id='par_1_110' title="bbox 2209 4758 3737 4828">
     <span class='ocr_line' id='line_1_110' title="bbox 2209 4758 3737 4828; baseline -0.004 -14"><span class='ocrx_word' id='word_1_723' title='bbox 2209 4758 2310 4814; x_wconf 83' lang='lat' dir='ltr'><strong>sub</strong></span> <span class='ocrx_word' id='word_1_724' title='bbox 2347 4759 2509 4813; x_wconf 89' lang='lat' dir='ltr'><strong>ﬁnem</strong></span> <span class='ocrx_word' id='word_1_725' title='bbox 2535 4773 2584 4814; x_wconf 88' lang='lat' dir='ltr'><strong>c.</strong></span> <span class='ocrx_word' id='word_1_726' title='bbox 2623 4758 2708 4814; x_wconf 81' lang='grc'><strong>19.</strong></span> <span class='ocrx_word' id='word_1_727' title='bbox 2736 4759 3124 4828; x_wconf 90' lang='lat' dir='ltr'><strong>Tarchaniota,</strong></span> <span class='ocrx_word' id='word_1_728' title='bbox 3166 4761 3247 4815; x_wconf 92' lang='lat' dir='ltr'><strong>vir</strong></span> <span class='ocrx_word' id='word_1_729' title='bbox 3275 4759 3501 4815; x_wconf 75' lang='lat' dir='ltr'><strong>Martha:</strong></span> <span class='ocrx_word' id='word_1_730' title='bbox 3524 4770 3575 4814; x_wconf 89' lang='lat' dir='ltr'><strong>et</strong></span> <span class='ocrx_word' id='word_1_731' title='bbox 3601 4774 3661 4812; x_wconf 90' lang='lat' dir='ltr'><strong>ex</strong></span> <span class='ocrx_word' id='word_1_732' title='bbox 3688 4770 3737 4808; x_wconf 88' lang='lat' dir='ltr'><strong>ea</strong></span> 
     </span>
    </p>
   </div>
   <div class='ocr_carea' id='block_1_111' title="bbox 2210 4849 3738 4921">
    <p class='ocr_par' dir='ltr' id='par_1_111' title="bbox 2210 4849 3738 4921">
     <span class='ocr_line' id='line_1_111' title="bbox 2210 4849 3738 4921; baseline -0.003 -18"><span class='ocrx_word' id='word_1_733' title='bbox 2210 4859 2363 4920; x_wconf 89' lang='lat' dir='ltr'><strong>pater</strong></span> <span class='ocrx_word' id='word_1_734' title='bbox 2382 4849 2612 4904; x_wconf 85' lang='lat' dir='ltr'><strong>Joannis</strong></span> <span class='ocrx_word' id='word_1_735' title='bbox 2635 4861 2693 4906; x_wconf 90' lang='lat' dir='ltr'><strong>et</strong></span> <span class='ocrx_word' id='word_1_736' title='bbox 2727 4851 3070 4916; x_wconf 62' lang='lat' dir='ltr'><strong>Theodosius,</strong></span> <span class='ocrx_word' id='word_1_737' title='bbox 3123 4867 3187 4906; x_wconf 90' lang='lat' dir='ltr'><strong>ex</strong></span> <span class='ocrx_word' id='word_1_738' title='bbox 3228 4851 3410 4921; x_wconf 90' lang='lat' dir='ltr'><strong>priore</strong></span> <span class='ocrx_word' id='word_1_739' title='bbox 3471 4864 3628 4904; x_wconf 88' lang='lat' dir='ltr'><strong>uxore</strong></span> <span class='ocrx_word' id='word_1_740' title='bbox 3666 4862 3738 4918; x_wconf 52' lang='lat' dir='ltr'><strong>ge.</strong></span> 
     </span>
    </p>
   </div>
   <div class='ocr_carea' id='block_1_112' title="bbox 2209 4934 3738 5011">
    <p class='ocr_par' dir='ltr' id='par_1_112' title="bbox 2209 4934 3738 5011">
     <span class='ocr_line' id='line_1_112' title="bbox 2209 4934 3738 5011; baseline -0.005 -16"><span class='ocrx_word' id='word_1_741' title='bbox 2209 4949 2407 4995; x_wconf 88' lang='lat' dir='ltr'><strong>nuerat</strong></span> <span class='ocrx_word' id='word_1_742' title='bbox 2461 4949 2622 4996; x_wconf 88' lang='lat' dir='ltr'><strong>antea</strong></span> <span class='ocrx_word' id='word_1_743' title='bbox 2669 4939 3199 5011; x_wconf 80' lang='lat' dir='ltr'><strong>Nostongonissam,</strong></span> <span class='ocrx_word' id='word_1_744' title='bbox 3273 4945 3362 4995; x_wconf 90' lang='lat' dir='ltr'><strong>cui</strong></span> <span class='ocrx_word' id='word_1_745' title='bbox 3431 4942 3635 4996; x_wconf 88' lang='lat' dir='ltr'><strong>videtur</strong></span> <span class='ocrx_word' id='word_1_746' title='bbox 3683 4934 3738 4988; x_wconf 83' lang='lat' dir='ltr'><strong>ad</strong></span> 
     </span>
    </p>
   </div>
   <div class='ocr_carea' id='block_1_113' title="bbox 2209 5026 3738 5083">
    <p class='ocr_par' dir='ltr' id='par_1_113' title="bbox 2209 5026 3738 5083">
     <span class='ocr_line' id='line_1_113' title="bbox 2209 5026 3738 5083; baseline -0.006 -1"><span class='ocrx_word' id='word_1_747' title='bbox 2209 5027 2614 5083; x_wconf 86' lang='lat' dir='ltr'><strong>distinctionem</strong></span> <span class='ocrx_word' id='word_1_748' title='bbox 2633 5037 2942 5082; x_wconf 88' lang='lat' dir='ltr'><strong>maternum</strong></span> <span class='ocrx_word' id='word_1_749' title='bbox 2976 5027 3193 5081; x_wconf 71' lang='lat' dir='ltr'><strong>familia:</strong></span> <span class='ocrx_word' id='word_1_750' title='bbox 3219 5043 3417 5082; x_wconf 91' lang='lat' dir='ltr'><strong>nomen</strong></span> <span class='ocrx_word' id='word_1_751' title='bbox 3456 5026 3738 5081; x_wconf 70' lang='lat' dir='ltr'><strong>adhaesisse.</strong></span> 
     </span>
    </p>
   </div>
   <div class='ocr_carea' id='block_1_114' title="bbox 2212 5114 3738 5192">
    <p class='ocr_par' dir='ltr' id='par_1_114' title="bbox 2212 5114 3738 5192">
     <span class='ocr_line' id='line_1_114' title="bbox 2212 5114 3738 5192; baseline -0.005 -18"><span class='ocrx_word' id='word_1_752' title='bbox 2212 5121 2336 5176; x_wconf 66' lang='grc' dir='ltr'><strong>ΙΙωο</strong></span> <span class='ocrx_word' id='word_1_753' title='bbox 2367 5135 2433 5176; x_wconf 90' lang='lat' dir='ltr'><strong>eo</strong></span> <span class='ocrx_word' id='word_1_754' title='bbox 2469 5121 2779 5175; x_wconf 87' lang='lat' dir='ltr'><strong>notavimus</strong></span> <span class='ocrx_word' id='word_1_755' title='bbox 2806 5120 2931 5190; x_wconf 89' lang='lat' dir='ltr'><strong>quia</strong></span> <span class='ocrx_word' id='word_1_756' title='bbox 2956 5121 3012 5174; x_wconf 90' lang='lat' dir='ltr'><strong>in</strong></span> <span class='ocrx_word' id='word_1_757' title='bbox 3052 5120 3363 5192; x_wconf 86' lang='lat' dir='ltr'><strong>vulgaribus</strong></span> <span class='ocrx_word' id='word_1_758' title='bbox 3392 5119 3573 5175; x_wconf 87' lang='lat' dir='ltr'><strong>lexicis</strong></span> <span class='ocrx_word' id='word_1_759' title='bbox 3615 5114 3738 5172; x_wconf 82' lang='lat' dir='ltr'><strong>haud</strong></span> 
     </span>
    </p>
   </div>
   <div class='ocr_carea' id='block_1_115' title="bbox 2209 5206 3736 5281">
    <p class='ocr_par' dir='ltr' id='par_1_115' title="bbox 2209 5206 3736 5281">
     <span class='ocr_line' id='line_1_115' title="bbox 2209 5206 3736 5281; baseline -0.003 -14"><span class='ocrx_word' id='word_1_760' title='bbox 2209 5213 2340 5267; x_wconf 89' lang='lat' dir='ltr'><strong>satis</strong></span> <span class='ocrx_word' id='word_1_761' title='bbox 2365 5212 2608 5268; x_wconf 87' lang='lat' dir='ltr'><strong>disertim</strong></span> <span class='ocrx_word' id='word_1_762' title='bbox 2633 5211 2955 5281; x_wconf 86' lang='lat' dir='ltr'><strong>exprimitur</strong></span> <span class='ocrx_word' id='word_1_763' title='bbox 2988 5213 3104 5266; x_wconf 65' lang='lat' dir='ltr'><strong>hmc</strong></span> <span class='ocrx_word' id='word_1_764' title='bbox 3131 5213 3288 5268; x_wconf 87' lang='lat' dir='ltr'><strong>istius</strong></span> <span class='ocrx_word' id='word_1_765' title='bbox 3308 5213 3457 5268; x_wconf 88' lang='lat' dir='ltr'><strong>notio</strong></span> <span class='ocrx_word' id='word_1_766' title='bbox 3500 5206 3736 5266; x_wconf 82' lang='lat' dir='ltr'><strong>vocabuli.</strong></span> 
     </span>
    </p>
   </div>
   <div class='ocr_carea' id='block_1_116' title="bbox 2282 5302 3739 5374">
    <p class='ocr_par' dir='ltr' id='par_1_116' title="bbox 2282 5302 3739 5374">
     <span class='ocr_line' id='line_1_116' title="bbox 2282 5302 3739 5374; baseline -0.003 -17"><span class='ocrx_word' id='word_1_767' title='bbox 2282 5303 2545 5372; x_wconf 76' lang='grc' dir='ltr'><strong>Εὑλογία</strong></span> <span class='ocrx_word' id='word_1_768' title='bbox 2583 5318 2636 5371; x_wconf 93' lang='lat' dir='ltr'><strong>p.</strong></span> <span class='ocrx_word' id='word_1_769' title='bbox 2667 5302 2791 5356; x_wconf 74' lang='grc'><strong>407.</strong></span> <span class='ocrx_word' id='word_1_770' title='bbox 2841 5302 2951 5357; x_wconf 87' lang='lat' dir='ltr'><strong>Etsi</strong></span> <span class='ocrx_word' id='word_1_771' title='bbox 2989 5303 3158 5358; x_wconf 80' lang='lat' dir='ltr'><strong>videri</strong></span> <span class='ocrx_word' id='word_1_772' title='bbox 3188 5313 3367 5374; x_wconf 89' lang='lat' dir='ltr'><strong>potest</strong></span> <span class='ocrx_word' id='word_1_773' title='bbox 3392 5316 3547 5372; x_wconf 86' lang='lat' dir='ltr'><strong>agere</strong></span> <span class='ocrx_word' id='word_1_774' title='bbox 3574 5309 3739 5355; x_wconf 75' lang='lat' dir='ltr'><strong>auctor</strong></span> 
     </span>
    </p>
   </div>
   <div class='ocr_carea' id='block_1_117' title="bbox 2211 5391 3737 5466">
    <p class='ocr_par' dir='ltr' id='par_1_117' title="bbox 2211 5391 3737 5466">
     <span class='ocr_line' id='line_1_117' title="bbox 2211 5391 3737 5466; baseline -0.006 -16"><span class='ocrx_word' id='word_1_775' title='bbox 2211 5396 2279 5450; x_wconf 90' lang='lat' dir='ltr'><strong>de</strong></span> <span class='ocrx_word' id='word_1_776' title='bbox 2338 5395 2782 5450; x_wconf 77' lang='lat' dir='ltr'><strong>benedictionea</strong></span> <span class='ocrx_word' id='word_1_777' title='bbox 2830 5395 3139 5462; x_wconf 88' lang='lat' dir='ltr'><strong>patriarcha</strong></span> <span class='ocrx_word' id='word_1_778' title='bbox 3190 5403 3315 5466; x_wconf 92' lang='lat' dir='ltr'><strong>post</strong></span> <span class='ocrx_word' id='word_1_779' title='bbox 3366 5391 3737 5464; x_wconf 88' lang='lat' dir='ltr'><strong>perceptionem</strong></span> 
     </span>
    </p>
   </div>
   <div class='ocr_carea' id='block_1_118' title="bbox 2211 5483 3737 5552">
    <p class='ocr_par' dir='ltr' id='par_1_118' title="bbox 2211 5483 3737 5552">
     <span class='ocr_line' id='line_1_118' title="bbox 2211 5483 3737 5552; baseline -0.005 -11"><span class='ocrx_word' id='word_1_780' title='bbox 2211 5489 2470 5549; x_wconf 80' lang='lat' dir='ltr'><strong>antidori,</strong></span> <span class='ocrx_word' id='word_1_781' title='bbox 2522 5487 2623 5542; x_wconf 87' lang='lat' dir='ltr'><strong>huc</strong></span> <span class='ocrx_word' id='word_1_782' title='bbox 2680 5494 2783 5552; x_wconf 88' lang='lat' dir='ltr'><strong>est,</strong></span> <span class='ocrx_word' id='word_1_783' title='bbox 2828 5493 2890 5540; x_wconf 89' lang='lat' dir='ltr'><strong>ut</strong></span> <span class='ocrx_word' id='word_1_784' title='bbox 2943 5499 3042 5540; x_wconf 92' lang='lat' dir='ltr'><strong>suo</strong></span> <span class='ocrx_word' id='word_1_785' title='bbox 3091 5485 3211 5542; x_wconf 88' lang='lat' dir='ltr'><strong>loco</strong></span> <span class='ocrx_word' id='word_1_786' title='bbox 3257 5483 3737 5543; x_wconf 88' lang='lat' dir='ltr'><strong>demonstravimus.</strong></span> 
     </span>
    </p>
   </div>
   <div class='ocr_carea' id='block_1_119' title="bbox 2213 5577 3736 5674">
    <p class='ocr_par' dir='ltr' id='par_1_119' title="bbox 2213 5577 3736 5674">
     <span class='ocr_line' id='line_1_119' title="bbox 2213 5577 3736 5674; baseline -0.005 -39"><span class='ocrx_word' id='word_1_787' title='bbox 2213 5582 2370 5651; x_wconf 75' lang='lat' dir='ltr'><strong>panis</strong></span> <span class='ocrx_word' id='word_1_788' title='bbox 2411 5579 2689 5644; x_wconf 78' lang='lat' dir='ltr'><strong>benedicti,</strong></span> <span class='ocrx_word' id='word_1_789' title='bbox 2712 5577 3054 5648; x_wconf 86' lang='lat' dir='ltr'><strong>accipienda,</strong></span> <span class='ocrx_word' id='word_1_790' title='bbox 3091 5588 3268 5633; x_wconf 88' lang='lat' dir='ltr'><strong>tamen</strong></span> <span class='ocrx_word' id='word_1_791' title='bbox 3320 5577 3654 5635; x_wconf 83' lang='lat' dir='ltr'><strong>verisimilius</strong></span> <span class='ocrx_word' id='word_1_792' title='bbox 3669 5578 3736 5674; x_wconf 64' lang='lat' dir='ltr'><strong>est</strong></span> 
     </span>
    </p>
   </div>
   <div class='ocr_carea' id='block_1_120' title="bbox 2211 5666 3736 5766">
    <p class='ocr_par' dir='ltr' id='par_1_120' title="bbox 2211 5666 3736 5766">
     <span class='ocr_line' id='line_1_120' title="bbox 2211 5666 3736 5766; baseline -0.007 -39"><span class='ocrx_word' id='word_1_793' title='bbox 2211 5673 2459 5742; x_wconf 78' lang='grc' dir='ltr'>εὐλογίας</span> <span class='ocrx_word' id='word_1_794' title='bbox 2485 5671 2748 5728; x_wconf 88' lang='lat' dir='ltr'><strong>vocabulo</strong></span> <span class='ocrx_word' id='word_1_795' title='bbox 2803 5687 2999 5740; x_wconf 90' lang='lat' dir='ltr'><strong>panem</strong></span> <span class='ocrx_word' id='word_1_796' title='bbox 3049 5672 3226 5742; x_wconf 88' lang='lat' dir='ltr'><strong>ipsum</strong></span> <span class='ocrx_word' id='word_1_797' title='bbox 3278 5671 3612 5728; x_wconf 90' lang='lat' dir='ltr'><strong>benedictum</strong></span> <span class='ocrx_word' id='word_1_798' title='bbox 3669 5666 3736 5766; x_wconf 77' lang='lat' dir='ltr'><strong>hic</strong></span> 
     </span>
    </p>
   </div>
   <div class='ocr_carea' id='block_1_121' title="bbox 2212 5762 3737 5838">
    <p class='ocr_par' dir='ltr' id='par_1_121' title="bbox 2212 5762 3737 5838">
     <span class='ocr_line' id='line_1_121' title="bbox 2212 5762 3737 5838; baseline -0.01 -16"><span class='ocrx_word' id='word_1_799' title='bbox 2212 5763 2528 5838; x_wconf 81' lang='lat' dir='ltr'><strong>signiﬁcari,</strong></span> <span class='ocrx_word' id='word_1_800' title='bbox 2570 5773 2626 5819; x_wconf 86' lang='lat' dir='ltr'><strong>ut</strong></span> <span class='ocrx_word' id='word_1_801' title='bbox 2668 5763 2725 5818; x_wconf 81' lang='grc' dir='ltr'>ἓν</span> <span class='ocrx_word' id='word_1_802' title='bbox 2763 5762 2852 5816; x_wconf 74' lang='grc' dir='ltr'>διὰ</span> <span class='ocrx_word' id='word_1_803' title='bbox 2883 5763 3030 5818; x_wconf 81' lang='grc' dir='ltr'>δυοῖν</span> <span class='ocrx_word' id='word_1_804' title='bbox 3079 5763 3374 5820; x_wconf 82' lang='lat' dir='ltr'><strong>historicus</strong></span> <span class='ocrx_word' id='word_1_805' title='bbox 3413 5762 3737 5834; x_wconf 80' lang='lat' dir='ltr'><strong>expresserit,</strong></span> 
     </span>
    </p>
   </div>
  </div>
