3992 6532
320 452 460 515 1025

1652 450 1936 514 GLOSSA
1951 452 2026 510 Ri
2039 453 2081 511 U
2096 453 2170 511 Μ.

3426 456 3562 521 1026

312 566 446 619 dum
498 573 551 618 tt
578 564 884 635 άντιδὼρου
916 576 969 620 et
1004 564 1251 633 εὐλογίας
1307 564 1567 620 distincte
1622 563 1883 627 meminit,

1997 565 2137 616 κατὰ
2172 563 2333 633 σῶμα
2377 566 2581 636 quq...
2612 566 2775 637 ἑτέρα
2800 566 2859 621 δὲ
2916 568 3055 621 κατά
3096 567 3239 633 νοῑν,
3295 567 3416 621 ὅθεν
3474 565 3565 621 καὶ

314 657 431 711 duo
468 657 713 724 ejusdem
754 658 919 711 unius
954 658 1031 711 rei
1061 657 1321 711 vocabula
1349 657 1697 711 continuans.
1744 654 1897 708 Reti-

316 748 411 801 uui
458 766 619 817 porro
658 748 850 803 Latine
902 766 1102 804 nomen
1151 750 1389 819 eulogiaz,
1452 748 1650 819 quippe
1682 748 1735 801 in
1798 748 1899 802 hac

313 840 540 893 notione
592 838 795 894 Latinis
859 840 1225 895 ecclesiastico
1276 841 1638 895 scribentibus
1689 840 1896 892 tritum.

316 933 499 989 Unum
530 932 697 988 affero
728 934 1037 1001 exemplum
1078 949 1107 986 e
1144 932 1394 1002 plurimis
1446 932 1647 1002 passim
1704 946 1891 984 occur-

313 1025 483 1091 suris,
520 1041 585 1079 ex
631 1025 853 1079 decreto
881 1024 963 1079 Pii
992 1040 1143 1095 papae
1174 1025 1291 1093 ejus
1314 1025 1552 1078 nominis
1581 1022 1759 1093 primi,
1788 1038 1896 1091 quo
1943 1082 1947 1086 ,

314 1126 543 1187 putatur
578 1116 725 1171 hunc
755 1133 920 1171 usum
985 1117 1233 1171 sanxisse
1293 1115 1566 1170 benedicti
1623 1116 1777 1185 panis
1840 1115 1893 1167 in

312 1208 545 1262 ecclesia
574 1207 935 1261 distribuendi
973 1207 1057 1262 his
1088 1206 1181 1277 qui
1218 1208 1281 1260 ad
1319 1206 1674 1260 Eucharistim
1696 1220 1890 1275 perce-

314 1298 564 1367 ptionem
598 1298 773 1367 parati
812 1314 921 1351 non
966 1306 1169 1352 essent.
1213 1296 1268 1351 id
1324 1296 1405 1351 sic
1436 1296 1600 1350 habet
1637 1294 1894 1348 Concilio-

314 1405 431 1440 rum
466 1399 613 1444 toruo
647 1388 688 1453 l,
724 1405 779 1459 p.
815 1389 922 1444 9.34
945 1389 1031 1443 ed.
1078 1387 1209 1458 Reg.
1252 1388 1326 1442 De
1363 1386 1713 1441 oblationibus
1774 1401 1891 1455 quia

315 1480 612 1548 offeruntur
638 1498 668 1534 a
702 1484 915 1550 populo,
949 1492 999 1536 et
1039 1481 1515 1536 consecrationibus
1566 1495 1682 1548 qua:
1706 1495 1892 1548 super-

314 1581 461 1634 sunt,
515 1570 597 1625 vel
620 1572 681 1624 de
704 1572 924 1641 panibus
949 1589 1076 1642 quos
1102 1572 1350 1640 deferunt
1417 1570 1596 1639 ﬁdeles
1630 1571 1700 1623 ad
1732 1568 1891 1622 eccle-

314 1662 474 1722 siam,
508 1662 589 1715 vel
620 1675 754 1716 certe
784 1664 845 1716 de
875 1666 1004 1727 suis,
1035 1665 1302 1732 presbyter
1324 1665 1687 1714 convenienter
1713 1673 1890 1730 partes

314 1751 509 1805 incisas
533 1752 720 1806 habeat
765 1754 819 1806 in
848 1771 969 1807 ease
1015 1754 1178 1807 nitido
1209 1763 1255 1807 et
1294 1753 1640 1815 convenienti,
1689 1760 1744 1804 ut
1778 1760 1890 1818 post

314 1845 598 1898 missarum
630 1846 909 1907 solemnia,
968 1848 1057 1917 qui
1116 1849 1499 1899 communicare
1550 1861 1648 1897 non
1688 1844 1883 1913 fuerint

2002 656 2207 725 εὐφυὴς
2234 659 2259 708 ὁ
2304 656 2363 709 εὖ
2396 659 2533 727 ἔχων
2590 661 2669 722 εἰς
2700 660 2760 712 τὸ
2804 660 3025 713 εἰδέναι.
3088 661 3248 715 Vides
3291 660 3379 713 hic
3421 661 3563 715 clare

1998 746 2259 817 distingui
2286 749 2559 819 duplicem
2593 750 2697 805 vim
2744 752 2889 806 verbi
2931 753 3160 823 εὐφυής,
3218 768 3445 822 quarum
3497 753 3562 806 ad

1998 840 2197 893 mentis
2248 842 2602 896 acrimoniam
2670 859 2797 907 una,
2853 844 2921 897 ad
2978 846 3217 914 corporis
3274 862 3336 899 ac
3386 846 3563 899 vultus

1997 928 2234 998 speciem
2267 930 2744 1001 pertineataltcra.
2769 932 2928 987 Juxta
2948 934 3180 1002 priorem
3217 949 3561 1004 nequaquam

2000 1017 2088 1071 hic
2126 1016 2515 1089 Pachymerem
2564 1020 2804 1075 locutum
2836 1022 3046 1086 suadet,
3090 1025 3232 1092 quod
3265 1025 3332 1078 sit
3374 1025 3563 1079 incon—

1996 1122 2235 1177 sequens
2290 1112 2781 1181 promptitudinem
2810 1113 3010 1185 ingenii
3037 1114 3221 1169 nimia:
3255 1132 3316 1170 ac
3338 1118 3560 1172 morbo-

1995 1214 2068 1254 sa:
2100 1201 2283 1255 cordis
2323 1202 2760 1258 eﬂ'ervescentia:
2822 1214 3077 1273 tanquam
3120 1209 3397 1276 pr0prium
3432 1208 3563 1263 επο-

1996 1301 2142 1345 ctum
2185 1294 2486 1362 assignare,
2549 1297 2854 1364 praesertim
2923 1313 3049 1352 cum
3080 1314 3203 1352 mox
3239 1300 3401 1353 addat
3447 1314 3559 1355 rem

1993 1381 2152 1450 plane
2181 1383 2535 1447 contrariam,
2576 1401 2774 1456 nempe
2804 1386 3049 1457 fuliginea
3076 1406 3140 1441 ex
3162 1389 3258 1442 isto
3288 1390 3458 1443 cordis
3483 1391 3563 1442 in-

1993 1475 2171 1528 cendio
2233 1492 2441 1529 sursum
2497 1478 2551 1530 in
2613 1478 2877 1532 cerebrum
2943 1480 3176 1546 perlatas
3238 1483 3459 1535 rationis
3506 1485 3561 1535 in

1988 1565 2193 1619 Joanne
2214 1567 2451 1637 Augusto
2473 1585 2620 1622 usum
2642 1572 2990 1637 perturbasse.
3020 1572 3145 1626 [hac
3165 1576 3309 1626 enim
3334 1583 3414 1627 est
3436 1589 3561 1628 seu-

1991 1659 2158 1712 tentia
2190 1659 2479 1713 verborum
2512 1660 2727 1715 illorutn
2764 1680 2777 1716 :
2812 1663 2885 1716 Οὐ
2923 1663 3209 1730 στέγοντος
3237 1664 3332 1717 τοῦ
3367 1666 3558 1735 μορὶνιυ

1987 1748 2047 1800 τὸ
2076 1748 2248 1811 πάθος
2274 1750 2571 1803 κάντεῦθεν
2608 1753 3015 1823 ἐκτρεπομένου
3042 1755 3136 1806 τοῦ
3184 1755 3392 1817 εἰκότος
3416 1796 3430 1820 ,
3486 1756 3561 1819 ὠς

1993 1840 2129 1908 μηδὲ
2155 1840 2457 1912 χρησίμους
2488 1842 2750 1906 πο).)άκις
2779 1844 3126 1914 ἀναπέμπειν
3164 1846 3239 1915 τῷ
3270 1840 3560 1916 ἐγκεφάλῳ

312 1938 518 2003 parati,
548 1938 779 2007 eulogias
805 1937 966 2009 564
982 1916 1125 1992 omni
1158 1940 1240 1992 die
1261 1937 1530 1991 Dominico
1564 1945 1612 1989 et
1634 1938 1687 1988 in
1708 1934 1883 1987 diebus

1989 1928 2085 1988 τὰς
2120 1930 2506 1995 ἁναπνεύσεις.
2538 1933 2677 1999 Quin
2719 1944 2773 1988 et
2798 1935 2925 1988 dum
2950 1947 3142 2005 repnto
3169 1935 3554 2007 Pachymerem

312 2025 464 2093 festis
498 2025 684 2078 exinde
728 2026 1010 2093 accipiant,
1036 2043 1153 2095 qua:
1194 2042 1310 2078 cum
1338 2025 1689 2079 benedictione
1740 2022 1885 2088 prius

313 2114 502 2182 faciat.
528 2113 649 2168 Haec
671 2114 797 2168 Pius
821 2130 954 2184 papa
973 2124 1026 2169 et
1049 2124 1273 2186 martyr.
1295 2115 1367 2166 Ex
1391 2114 1589 2184 quibus
1615 2112 1763 2166 vides
1790 2126 1888 2165 cur

311 2207 574 2260 exclusus
599 2207 1012 2277 participatione
1040 2207 1261 2279 eulogia:
1310 2207 1361 2259 in
1400 2207 1537 2261 festo
1577 2204 1633 2259 S.
1671 2203 1884 2273 Georgii

312 2296 549 2361 Michael
581 2299 855 2369 Augustus
876 2299 1094 2361 dixerit,
1128 2299 1357 2369 άνέορτα
1393 2297 1769 2369 ἑωρτάσαμεν,
1809 2296 1884 2365 fe-

310 2395 457 2440 stum
492 2389 741 2458 infestum
781 2388 1173 2443 celebravimus.
1218 2390 1331 2444 Hoc
1362 2397 1443 2444 est
1473 2406 1487 2443 :
1522 2403 1632 2441 non
1673 2387 1725 2442 id
1757 2386 1881 2442 feci-

314 2494 443 2533 mus
482 2481 624 2547 quod
663 2480 777 2533 ﬁeri
812 2480 951 2534 festo
982 2478 1070 2534 die
1109 2482 1172 2533 ad
1229 2481 1349 2549 ejus
1407 2479 1697 2550 legitimam
1747 2477 1890 2533 cele-

312 2568 620 2624 brationem
649 2570 728 2624 ias
754 2579 837 2626 est
862 2578 917 2626 et
945 2586 1075 2626 usus
1108 2571 1509 2627 ecclesiasticus
1534 2570 1813 2640 poscebat.

393 2660 657 2728 Εὐφυής.
692 2677 743 2731 p.
778 2663 866 2717 32.
908 2661 999 2717 Sic
1036 2662 1425 2734 Paehymeres,
1460 2676 1677 2715 causam
1711 2659 1887 2715 morbi

313 2769 428 2822 quo
462 2755 609 2823 gravi
660 2764 712 2807 et
762 2756 925 2825 longo
987 2755 1250 2810 laboravit
1304 2757 1601 2824 imperator
1652 2752 1889 2808 Joannes

311 2846 564 2900 Lascaris
591 2847 858 2913 indicans,
884 2849 1104 2917 scripsit
1141 2864 1154 2901 :
1190 2848 1263 2900 Τὸ
1310 2848 1353 2901 δ’
1380 2843 1468 2919 ἦν,
1489 2849 1564 2909 ὡς
1594 2846 1788 2907 ἔοικεν,
1821 2848 1886 2899 ἐκ

314 2935 524 3000 ζέσεως
593 2937 828 3005 φυσικῆς
871 2937 1184 3006 ὲγκαρδίου.
1231 2937 1415 2999 Ὅθεν,
1458 2932 1636 3007 οἶμαι,
1670 2938 1767 2989 καὶ
1826 2937 1887 2989 τὸ

310 3026 514 3093 εὐφυὲς
546 3028 739 3094 ἐκείνῳ
786 3029 879 3081 καὶ⁸
907 3029 1050 3099 ὑπὲρ
1107 3028 1169 3081 τὸ
1198 3030 1472 3098 προσῆκον
1499 3025 1587 3100 ἦν.
1636 3028 1758 3083 Hac
1786 3044 1886 3097 ego

312 3117 373 3169 in
408 3117 551 3172 hunc
584 3120 804 3173 modum
840 3130 1106 3173 verteram
1138 3136 1151 3173 :
1192 3121 1352 3189 Origo
1378 3122 1491 3190 ejus
1530 3120 1885 3174 uerisimiliter

310 3209 676 3273 imputabatur
714 3212 954 3264 naturali
992 3213 1383 3281 effervescentia‘
1406 3212 1611 3274 cordis;
1647 3228 1803 3274 quam
1834 3221 1879 3264 et

312 3315 531 3357 causam
576 3302 625 3353 ei
668 3302 832 3372 fuisse
870 3318 987 3355 reor
1032 3304 1232 3356 ruboris
1279 3304 1333 3356 in
1400 3302 1543 3357 vultu
1580 3304 1878 3372 flagrantis.

314 3390 498 3462 Super
517 3394 622 3460 his,
653 3396 791 3449 edita
818 3397 926 3464 jam
962 3397 1128 3465 priori
1156 3397 1412 3466 parteilla
1449 3396 1882 3468 Pachymeriana:

318 3484 584 3551 Itistoriu',
606 3489 860 3541 convenit
894 3503 981 3541 me
1008 3491 1090 3541 vir
1118 3499 1171 3543 et
1202 3489 1460 3557 dignitate
1485 3489 1883 3546 illustrissimus

310 3585 371 3630 et
407 3578 621 3648 ingenio
654 3593 717 3633 ac
746 3580 1050 3634 eruditione
1083 3590 1371 3650 praestans,
1409 3581 1662 3650 idemque
1689 3582 1881 3636 imma-

308 3669 577 3723 nissimus
616 3686 679 3725 ac
721 3672 825 3725 mei
860 3672 1018 3743 longe
1062 3688 1220 3742 supra
1261 3674 1514 3727 meritum
1570 3690 1791 3739 amans;
1828 3684 1881 3729 ct

312 3757 499 3811 mirari
544 3774 603 3813 se
634 3760 773 3814 dixit
803 3763 947 3830 quod
1000 3762 1057 3813 τὸ
1110 3762 1329 3831 εὐφυές,
1380 3778 1488 3832 quo
1526 3764 1683 3833 vulgo
1727 3765 1880 3835 inge-

309 3852 490 3913 nium,
522 3850 813 3915 industria,
842 3852 982 3906 bona
1014 3852 1247 3917 indoles,
1282 3854 1335 3906 in
1370 3854 1611 3908 classicis
1646 3858 1881 3910 auctori-

313 3943 421 3996 bus
468 3943 735 4013 signatur,
785 3959 886 4013 ego
921 3944 987 3998 ad
1018 3944 1198 3999 vultus
1246 3945 1500 4000 ruborem
1532 3947 1877 4002 contulerim.

312 4032 454 4088 Huic
483 4049 583 4103 ego
613 4034 802 4104 gratiis
828 4036 1034 4104 prolixe
1063 4036 1283 4100 habitis,
1318 4044 1371 4090 et
1414 4052 1477 4090 ex
1508 4052 1636 4090 vero
1670 4037 1878 4105 signiti.

311 4135 441 4178 catu
476 4126 748 4179 docilitate
792 4140 912 4181 mea
962 4126 1029 4181 ad
1060 4126 1542 4195 obtemperantium
1584 4138 1729 4181 recta
1759 4142 1880 4182 mo-

313 4215 594 4277 nentibus,
627 4215 839 4268 ostendi
881 4214 1012 4283 quid
1058 4223 1278 4268 secutus
1336 4229 1363 4266 a
1393 4223 1521 4267 nota
1574 4215 1723 4269 vocis
1761 4218 1878 4285 ejus

311 4306 537 4360 notione
588 4306 957 4360 deﬂexissem.
1009 4306 1075 4359 Et
1132 4305 1219 4359 ille
1252 4320 1337 4358 me
1394 4305 1598 4371 audito,
1652 4308 1878 4362 innuero

310 4411 424 4449 non
453 4405 537 4450 est
567 4406 822 4466 gravatus
863 4396 972 4449 sibi
1006 4397 1364 4449 satisfactum.
1413 4394 1547 4461 Quia
1582 4413 1708 4450 vero
1750 4413 1875 4451 eru-

308 4488 443 4541 ditis
480 4504 699 4557 quoque
734 4489 855 4542 aliis
903 4488 1202 4541 lectoribus
1228 4486 1405 4540 simile
1449 4489 1723 4558 quidpiam
1787 4504 1878 4543 oc-

1990 2020 2221 2076 lectione
2244 2024 2586 2094 antiquitatis
2632 2026 2852 2095 plenum
2916 2027 3095 2096 potius
3157 2028 3214 2082 in
3263 2031 3554 2085 scribendo

1990 2113 2266 2183 reSpicere
2296 2117 2425 2184 quid
2458 2116 2602 2185 apud
2638 2126 2886 2171 auctores
2934 2118 3129 2173 viderit
3155 2136 3314 2189 quam
3356 2136 3554 2175 curare

1988 2204 2117 2271 quid
2151 2203 2330 2259 minus
2380 2205 2498 2275 ipso
2532 2207 2692 2260 tritus
2751 2208 2801 2262 in
2836 2209 3003 2262 veteri
3036 2211 3340 2265 eruditione
3386 2214 3557 2268 lector

1989 2293 2366 2350 intellecturus
2390 2298 2569 2351 statim
2594 2297 2684 2361 sit,
2723 2298 2778 2352 in
2808 2300 3011 2362 animo,
3044 2317 3165 2354 cum
3203 2302 3315 2357 haec
3352 2304 3555 2357 charta!

1986 2383 2243 2449 illineret,
2288 2386 2543 2441 habuisse
2571 2389 2732 2442 simul
2760 2389 2879 2443 illos
2910 2388 3127 2445 Homeri
3179 2409 3366 2447 versus
3390 2392 3545 2454 Iliao.

1986 2474 2195 2539 δ,Τοῖοί
2220 2493 2302 2529 τοι
2340 2477 2587 2531 Μενέλαο
2611 2479 2850 2551 μιάνθην
2878 2481 3069 2549 αἵματι
3108 2482 3274 2551 μηροὶ
3305 2484 3557 2551 εὐφυέες,

1986 2567 2146 2621 simul
2170 2566 2448 2622 Plutarchi
2474 2584 2538 2623 ex
2571 2571 2867 2637 libro,l'ltbg
2899 2572 2965 2626 ἂν
2985 2590 3066 2635 τις
3099 2573 3335 2628 αἴσθοιτο
3363 2577 3557 2633 ἑαυτοῦ

1987 2656 2387 2725 προκόπτοντος
2419 2658 2708 2730 ἐπ’ἀρετῇ,
2743 2661 2919 2715 locum
2959 2663 3103 2717 hunc
3126 2663 3192 2717 de
3212 2664 3410 2732 juvene
3432 2682 3559 2735 pro-

1985 2762 2173 2817 gresso
2206 2748 2317 2816 jam
2357 2749 2410 2802 in
2446 2750 2626 2804 studio
2656 2750 2912 2805 virtutis:
2964 2752 3124 2806 Ἀλλὰ
3154 2756 3247 2806 καὶ
3274 2772 3559 2825 προσαγο-

1985 2840 2202 2912 ρευθεὶς
2232 2840 2325 2909 ὑφ’
2354 2841 2542 2910 ἑτέρου
2561 2842 2735 2914 ταύτῃ
2762 2846 2825 2914 τῇ
2852 2846 3197 2917 προσηγορίᾳ
3218 2846 3555 2917 (φιλοσόφου)

1985 2933 2247 3004 φράσειεν
2276 2934 2340 2987 ἂν
2390 2933 2596 3004 εὐφυὴς
2625 2935 2761 2998 νέος,
2800 2935 2931 2989 ὥστ’
2952 2938 3128 2990 εἰπεῖν
3156 2939 3437 3007 μειδιάσας
3463 2943 3559 2994 καὶ

1984 3024 2354 3095 ὑποπλησθεὶς
2380 3025 2746 3095 ἐρυθήματος,
2773 3025 2845 3080 Οὔ
2871 3029 2955 3091 τίς
2988 3046 3070 3082 τοι
3105 3029 3225 3094 θεός
3259 3033 3396 3102 εἰμι,
3427 3048 3554 3087 cum

1984 3117 2038 3172 in
2066 3117 2243 3187 primo
2266 3128 2549 3173 cruentam
2594 3117 2937 3181 rubedinem,
2973 3120 3025 3173 iu
3081 3121 3251 3175 altero
3285 3138 3556 3179 verecun-

1985 3209 2112 3263 dum
2142 3209 2394 3263 ruborem
2428 3208 2607 3276 faciei,
2634 3211 2921 3281 conjuncta
2960 3227 3083 3265 cum
3148 3214 3410 3270 vocabulo
3466 3217 3557 3269 εὐ-

1985 3301 2129 3368 φυής
2163 3298 2396 3363 videret,
2422 3300 2552 3354 illud
2593 3301 2646 3354 in
2679 3317 2775 3357 sua
2809 3303 3108 3372 scriptione
3140 3307 3403 3374 posuisse
3435 3309 3555 3363 auio

1983 3407 2073 3446 mo
2112 3393 2387 3447 indicandi
2422 3393 2776 3462 conspicuum
2808 3397 3074 3451 ardorem.
3110 3398 3294 3453 vultus
3322 3402 3557 3471 ﬂagran-

1985 3485 2078 3549 tis,
2116 3486 2327 3554 qualem
2356 3487 2409 3538 in
2438 3484 2649 3539 Joanne
2682 3486 2901 3540 Lascari
2950 3502 3009 3540 ex
3043 3487 3222 3541 cordis
3254 3488 3558 3544 inﬂamma-

1984 3578 2152 3640 tione,
2187 3586 2247 3631 ut
2269 3578 2546 3639 credebat,
2583 3588 2761 3630 ortum
2792 3579 3198 3632 observaverat.

2052 3667 2395 3736 Εὺχέλαιον
2429 3683 2484 3737 p.
2524 3666 2649 3720 5H.
2673 3667 2753 3721 Ad
2790 3682 2976 3721 vocem
3011 3670 3284 3738 εὐχέ).αιον
3318 3668 3432 3724 hac
3457 3686 3553 3724 an-

1980 3766 2135 3811 notat
2186 3756 2454 3811 Meursius
2482 3772 2495 3808 :
2534 3756 2622 3811 Sic
2657 3758 2928 3811 dicebatur
2984 3760 3015 3827 ἡ
3048 3760 3333 3811 ἀκολουθία
3360 3777 3475 3830 quae
3502 3761 3557 3813 in

1980 3853 2373 3904 consecratione
2427 3851 2527 3903 olei
2592 3851 2916 3917 psallebatur
2972 3868 3003 3903 a
3056 3860 3249 3919 septem
3312 3855 3559 3905 sacerdo-

1981 3944 2133 3997 tibus.
2190 3941 2449 3995 Eruditus
2489 3943 2759 4009 interpres
2787 3940 3269 4013 Euchologiinotis
3315 3947 3380 3996 ad
3405 3943 3557 4013 εὐχέ-

1978 4032 2128 4086 λαιον
2158 4048 2214 4104 p.
2246 4034 2343 4088 451
2386 4034 2463 4088 sic
2490 4033 2678 4086 scribit
2717 4049 2731 4085 :
2766 4032 2970 4085 Passim
2992 4042 3164 4086 autem
3195 4051 3375 4087 rursus
3404 4036 3558 4104 εὐχέ-

1980 4123 2131 4177 λαιον
2162 4134 2398 4188 uocatur,
2433 4125 2584 4192 quasi
2612 4125 2759 4177 dicas
2812 4126 2936 4191 (non
2956 4126 3056 4177 olei
3090 4127 3554 4190 consecrationem,

1978 4227 2036 4269 ut
2102 4216 2324 4270 barbare
2383 4217 2637 4270 Meursius
2689 4218 2745 4270 in
2809 4216 3111 4289 Clossarto)
3172 4217 3352 4271 oleum
3424 4234 3551 4274 cum

1978 4309 2244 4375 Oratione,
2281 4311 2579 4375 compositis
2603 4310 2669 4362 ad
2693 4310 2908 4362 invicem
2939 4309 3105 4378 εὐχῆς
3157 4320 3203 4361 et
3238 4310 3415 4362 ἐλαίου
3466 4328 3556 4363 ισο-

1976 4401 2142 4453 cibus.
2179 4400 2303 4453 Haec
2340 4400 2457 4464 ille;
2491 4400 2582 4469 qui
2644 4416 2836 4454 vereor
2884 4410 2941 4453 ut
2976 4409 3080 4453 tam
3135 4400 3291 4453 facile
3341 4410 3558 4469 praestet

1976 4493 2283 4561 {equitatem
2305 4507 2414 4545 sua:
2434 4506 2697 4550 censurae.
2731 4507 2890 4559 quam
2909 4491 3174 4545 Meursius
3201 4492 3267 4547 ab
3288 4492 3554 4562 interpre-

309 4596 475 4635 cursu
511 4581 631 4647 ejus
657 4581 760 4636 loci
790 4590 1079 4635 venturum
1108 4579 1162 4632 in
1194 4588 1433 4632 mentem
1481 4588 1563 4632 est
1592 4580 1871 4646 credibile,
1910 4590 1951 4645 D
1982 4587 2187 4640 talione
2218 4601 2313 4640 sua
2378 4586 2647 4640 barbarici
2704 4595 2887 4639 notam
2943 4585 3110 4639 cluat.
3170 4584 3303 4638 Nam
3358 4600 3552 4640 revera

309 4692 435 4745 quat
465 4676 541 4731 illi
573 4678 849 4747 respondi,
882 4677 1061 4746 palam
1104 4674 1191 4729 hic
1220 4688 1495 4743 esponere
1528 4690 1707 4743 Opera:
1762 4691 1879 4745 pre-

311 4770 446 4822 tium
480 4769 685 4837 putavi.
717 4769 837 4822 Non
875 4784 961 4821 me
992 4766 1122 4821 latet
1176 4766 1375 4833 εὐφυές
1416 4764 1729 4834 adoptatum
1779 4767 1876 4821 ho-

315 4860 448 4913 mini
482 4861 800 4929 plerumque
834 4874 1031 4914 sonare
1074 4858 1136 4910 τὸ
1162 4856 1335 4920 δεξιὸν
1391 4855 1486 4907 τοῦ
1538 4854 1628 4909 νοῦ
1678 4861 1770 4909 καὶ
1818 4852 1876 4911 εὖ

315 4953 560 5019 πεφυκὸς
589 4954 732 5024 πρὸς
764 4952 822 5004 τὸ
856 4951 1068 5021 μαθεῖν,
1121 4949 1444 5005 industriam
1464 4957 1519 5002 et
1567 4948 1877 5003 facilitatem

310 5043 602 5110 quamdam
664 5043 805 5097 acris
856 5041 1079 5114 ingenii.
1141 5040 1244 5095 Sed
1280 5050 1334 5094 et
1391 5039 1502 5093 scio
1554 5039 1877 5110 Hesychium

309 5133 486 5203 εὐφυῆ
502 5133 771 5204 explicare
785 5148 881 5204 per
900 5135 1100 5203 ὡραῖον
1128 5131 1447 5186 formosum.
1468 5131 1676 5186 Forma:
1698 5139 1879 5185 autem

309 5235 522 5298 partem
558 5226 610 5278 in
656 5224 805 5279 vultu
832 5225 954 5294 quis
1002 5232 1166 5294 neget
1198 5224 1447 5279 ruborem
1481 5222 1644 5281 esse?
1672 5230 1728 5278 et
1753 5220 1881 5292 quid

312 5317 457 5373 aliud
485 5318 549 5371 ad
588 5316 816 5371 formam
845 5317 1127 5386 pertinens
1188 5317 1252 5368 ὲκ
1283 5315 1487 5380 ζέσεως
1537 5317 1771 5386 φυσικῆς
1793 5318 1883 5382 ἐγκ-

309 5410 557 5478 καρόίου,
593 5424 654 5461 ex
685 5406 924 5460 naturali
960 5409 1160 5476 ferrore
1186 5408 1380 5472 cordis,
1424 5424 1583 5477 quam
1628 5406 1879 5459 ruborem

309 5504 401 5557 hic:
431 5502 536 5556 dici
572 5502 836 5555 exsistere
869 5500 1243 5553 verisimiliter
1281 5499 1620 5554 comminisci
1683 5499 1881 5568 potui?

307 5595 473 5649 Recte
491 5592 807 5647 Eustathius
822 5592 887 5646 ad
914 5591 1075 5644 Iliad.
1095 5591 1145 5660 β,
1170 5607 1222 5661 p.
1248 5591 1348 5645 172
1371 5593 1457 5645 ed.
1483 5590 1638 5644 Rom.
1657 5590 1881 5659 Ῥητέον

304 5688 381 5748 ὡς
408 5687 565 5756 διττὴ
595 5687 627 5754 ἠ
665 5685 801 5753 cpiti],
836 5687 866 5753 ἡ
903 5682 1004 5752 μὲν
1035 5688 1176 5735 κατὰ
1232 5685 1297 5734 τὰ
1349 5685 1599 5744 ἐκτὸς....
1635 5680 1881 5750 δεξιότης

302 5779 439 5835 οὖσα
483 5772 775 5850 σωματικὴ
804 5781 893 5831 καὶ
926 5781 1003 5839 εἰς
1044 5779 1238 5829 ταυτὸν
1273 5780 1481 5848 ἤκουσα
1516 5778 1592 5847 τῷ
1629 5779 1878 5832 adlisa...

302 5874 397 5943 ἀφ’
424 5869 489 5944 ἧς
519 5874 614 5925 καὶ
651 5873 945 5941 πρόσωπον
1002 5871 1318 5940 εὐφυὲς.....

1380 5871 1474 5923 καὶ
1506 5871 1644 5941 αὑτὴ
1700 5873 1799 5940 μὲν
1848 5872 1880 5939 ἡ

1983 4688 2093 4732 tota
2113 4677 2437 4732 caeremonia
2457 4693 2520 4731 ac
2546 4679 2684 4731 ritus
2716 4676 2899 4731 multis
2931 4677 3271 4731 orationibus
3298 4692 3359 4731 ac
3397 4676 3587 4731 bene?

1980 4769 2314 4825 dictionibus
2382 4778 2644 4823 constans
2710 4785 2818 4839 quo
2877 4769 3301 4823 consecrabatur
3348 4768 3552 4833 oleum,

1981 4859 2261 4928 εὑχέλαιον
2300 4869 2546 4914 vocatur.
2602 4858 2827 4914 Videtur
2856 4872 3037 4914 autem
3074 4869 3264 4913 auctor
3299 4869 3551 4912 notatum

1982 4952 2049 5005 ad
2082 4950 2474 5022 Euchologium
2512 4951 2653 5005 idem
2684 4951 2787 5006 hoc
2823 4951 2941 5005 looo
2983 4966 3194 5019 passus,
3246 4950 3390 5019 quod
3450 4952 3555 5004 tu-

1983 5045 2221 5098 manitus
2276 5042 2487 5116 [P587]
2542 5043 2840 5113 contigisse
2903 5043 3073 5096 refert
3130 5041 3335 5096 Gellius
3393 5043 3432 5096 Ι.
3479 5060 3548 5097 vn

1986 5136 2236 5189 Noctium
2264 5136 2586 5201 Atticorum,
2613 5135 2769 5197 c.17,
2794 5135 3146 5204 grammatico
3179 5132 3394 5186 cuidam
3419 5134 3555 5187 cele-

1981 5228 2065 5282 bri
2097 5243 2126 5281 a
2158 5242 2216 5280 se
2252 5226 2586 5295 interrogato
2624 5225 2691 5279 de
2719 5226 2942 5279 notione
2968 5226 3117 5280 vocis
3150 5225 3423 5278 obnoxius.
3476 5226 3553 5280 De

1982 5334 2091 5388 quo
2114 5320 2193 5373 sic
2226 5318 2298 5371 ibi
2328 5316 2536 5372 Gellius
2568 5316 2755 5371 scribit
2788 5336 2799 5370 :
2831 5315 2945 5382 Qua
2977 5334 3095 5371 vero
3123 5318 3212 5371 ille
3239 5320 3555 5387 grammati-

1984 5428 2072 5463 cus
2097 5410 2334 5479 finitione
2366 5426 2489 5461 usus
2514 5418 2611 5470 est,
2644 5426 2701 5461 ea
2732 5412 2941 5462 videtur
2966 5414 3019 5463 in
3044 5417 3195 5463 verbo
3226 5420 3337 5462 tam
3379 5412 3559 5462 multi-

1982 5502 2103 5572 plici
2128 5517 2285 5554 unam
2314 5502 2677 5552 tantummodo
2734 5500 3127 5572 usurpationem
3180 5501 3293 5569 ejus
3328 5510 3554 5555 notasse.

1987 5594 2077 5645 Sic
2114 5595 2258 5645 enim
2296 5600 2349 5645 et
2394 5590 2633 5653 P.Goar,
2665 5568 2993 5658 cumplures
3026 5592 3309 5659 εὐχελαίου
3344 5594 3554 5661 species

1986 5682 2207 5747 inierint,
2240 5681 2422 5735 omnia
2464 5681 2527 5734 ad
2564 5696 2723 5734 unam
2750 5680 2942 5743 trahit:
2970 5696 3087 5733 eam
3132 5696 3236 5750 qua
3272 5683 3449 5736 oleum
3483 5682 3551 5736 ad

1984 5776 2293 5828 unctionem
2362 5772 2704 5826 inﬁrmorum
2745 5773 3140 5842 parabatur;a
3208 5790 3309 5842 qua
3373 5784 3553 5827 tamen

1984 5868 2097 5937 ipse
2132 5867 2255 5920 alibi
2293 5866 2563 5919 diversam
2620 5877 2887 5920 memorat
2938 5882 2992 5935 p.
3053 5865 3176 5931 Hi,
3229 5869 3385 5937 cujus
3424 5870 3550 5921 axo-
