3992 6528
518 385 652 449 l027

1446 389 1510 449 Ρ.
1550 386 1855 449 POSSlNl
1905 388 2559 452 OBSERVATIONUM
2606 392 2750 455 LIB.
2800 389 2826 451 Ι

3514 429 3548 461 ν
3627 390 3739 457 1023

515 497 734 551 λουοίαν
769 510 885 552 sive
925 496 1161 555 udicium
1192 511 1254 552 ac
1299 496 1735 552 consecrationis
1790 499 1954 553 ritum
1991 499 2075 553 edi
2132 501 2179 561 Α
2210 500 2355 554 nulla
2398 510 2605 555 restare
2662 499 2890 570 vestigia
2924 497 3190 570 Zeuxippi
3256 505 3487 554 testatur
3516 497 3738 573 GylliuS).

514 598 629 644 tum
663 603 723 644 se
754 589 956 645 vidisse
982 591 1081 655 ait,
1112 588 1214 645 etsi
1248 603 1361 645 sua:
1390 589 1698 645 collectioni
1732 606 1838 646 non
1868 607 2096 647 curave-

518 680 581 733 rit
607 672 855 735 inserere
888 689 1112 751 propter
1162 680 1536 750 suspicionem
1570 680 1853 750 cujusdam
1924 682 1979 735 in
2028 697 2096 738 eo

515 772 969 843 ἑθελοθρησκιὶας
998 782 1053 828 et
1084 772 1515 845 superstitionis.
1547 772 1710 828 Certe
1738 775 1849 829 hoc
1876 789 2095 846 quoque

513 863 671 931 cujus
697 864 784 920 hic
817 864 1182 936 Paehymeres
1211 865 1461 920 meminit
1498 865 1799 937 εὐχέλαιον,
1856 874 1969 922 tum
2024 866 2096 922 ab

517 957 611 1011 illo
659 973 767 1011 non
802 958 1092 1024 [immerito
1146 957 1333 1025 Gauri,
1381 967 1637 1028 suspecto
1687 957 1966 1015 euchelaeo
1998 974 2097 1029 pro

517 1049 771 1115 mortuis,
810 1063 972 1119 quam
1006 1048 1178 1105 (ἔτωεί
1221 1059 1421 1104 vocant
1463 1048 1684 1120 τελετὴν
1736 1050 1916 1105 ἐλαίου
1956 1051 2096 1125 ὑπὲρ

514 1140 622 1191 τῶν
658 1138 1051 1209 κοιμηθέντων,
1082 1150 1196 1193 tum
1222 1155 1252 1193 a
1285 1139 1703 1196 consecratione
1743 1140 1849 1195 olei
1880 1156 1979 1211 pro
2007 1142 2095 1196 in-

518 1231 711 1294 ﬁrmis,
756 1230 1048 1285 manifeste
1086 1230 1360 1287 diversum
1390 1243 1492 1286 est.
1566 1229 1712 1300 Quin
1764 1232 1953 1288 docuit
2008 1248 2097 1289 me

516 1323 928 1378 eruditissimus
975 1324 1204 1379 Allatius
1237 1339 1335 1379 usu
1361 1325 1671 1382 obtinuisse
1705 1326 1850 1397 apud
1876 1325 2097 1383 Graecos

519 1423 577 1469 ut
610 1415 831 1485 quidam
863 1415 1001 1470 ritus
1033 1416 1289 1487 εὐχέλαια
1320 1425 1608 1483 vocentur,
1662 1417 1716 1472 in
1747 1419 1947 1488 quibus
1973 1420 2098 1474 nul-

522 1507 610 1561 lus
670 1507 776 1561 olei
830 1522 964 1562 usus
1028 1506 1343 1574 intervenit,
1394 1509 1475 1562 uti
1516 1510 1751 1581 exempli
1787 1510 1957 1580 gratia
1994 1512 2097 1567 ali-

516 1600 762 1668 quando.
802 1599 1003 1669 inquit,
1033 1597 1217 1654 l'lorem
1247 1603 1341 1653 ‘aut
1375 1600 1646 1655 ramulum
1706 1602 1880 1657 sancti
1915 1602 2100 1672 cujus-

517 1691 661 1759 piam
695 1688 939 1759 reliquiis
975 1699 1071 1744 aut
1128 1690 1350 1761 imagini
1402 1690 1691 1760 principum
1725 1692 2097 1748 venerationis

515 1783 796 1836 admotum
829 1780 898 1837 ad
926 1797 1130 1853 aegrum
1179 1781 1455 1844 deferunt.
1486 1783 1580 1853 qui
1608 1783 1892 1839 conlidens
1921 1785 2096 1840 sancti

516 1874 637 1944 ejus
667 1874 922 1944 precibus
963 1873 1168 1943 juvari.
1224 1890 1291 1929 eo
1320 1872 1573 1939 ﬂosculo,
1610 1890 1761 1931 ramo
1815 1876 2098 1931 autetiam

517 1966 693 2020 linteo
761 1966 1001 2020 dolentia
1042 1967 1147 2021 sibi
1202 1967 1443 2023 membra
1492 1970 1783 2041 contingit.
1845 1971 1983 2036 Hoc,
2042 1982 2105 2029 ut

516 2057 622 2127 qui;
645 2056 775 2111 vidit
824 2057 927 2111 lide
958 2057 1316 2128 dignissimus
1375 2068 1628 2125 testatur,
1663 2062 1944 2133 auxliarw
2000 2080 2099 2136 ap-
2140 2064 2143 2065 ⁷

516 2148 751 2219 pellant.
786 2148 978 2219 Neque
1024 2149 1112 2204 hic
1145 2149 1328 2204 ἐλαίου
1382 2153 1718 2208 mentionem
1779 2156 1985 2226 κυρίως
2036 2173 2101 2215 ac

515 2241 755 2311 proprie.
787 2242 881 2297 sed
916 2241 1193 2312 μυστικῶς
1217 2254 1273 2297 et
1298 2242 1525 2314 ﬁgurate
1573 2247 1827 2316 usurpari
1878 2258 2095 2318 putant,

514 2341 786 2402 quatenus
821 2332 923 2388 olei
966 2332 1212 2404 symbolo
1266 2335 1381 2399 Dei,
1410 2351 1530 2406 quae
1568 2337 1657 2392 his
1683 2337 1878 2395 ritibus
1905 2340 2099 2416 iungo-

516 2436 691 2490 ratur,
758 2424 1134 2480 misericordia
1194 2424 1511 2498 designatur
1586 2437 1641 2485 et
1701 2429 1882 2485 ἐλαιον
1974 2432 2098 2486 ἀντὶ

517 2516 669 2570 ἐλέου
714 2514 977 2571 sumitur.

586 2610 938 2676 Ζευξίππου
989 2607 1237 2681 φυλακή
1294 2625 1349 2681 p.
1402 2610 1529 2667 5l9.
1576 2610 1704 2685 Agit
1759 2611 1830 2669 de
1886 2613 2097 2672 Latinis

514 2702 691 2773 captis
722 2702 790 2758 ad
821 2700 1158 2773 Bellagrada,
1196 2718 1337 2773 quos
1388 2700 1928 2776 ConstantinOpulim
1957 2707 2095 2762 duc-

516 2804 602 2848 tus
639 2802 695 2849 et
724 2793 834 2850 illic
862 2801 1165 2851 ostentatus
1222 2794 1385 2864 plebi,
1426 2794 1625 2851 deinde
1658 2797 1737 2852 ait
1798 2798 2094 2855 historicus

513 2885 570 2940 in
604 2886 752 2940 hunc
800 2900 963 2956 quem
1022 2894 1223 2940 vocant
1285 2885 1386 2956 τῆς
1457 2886 1766 2951 Ζευξίππου
1826 2889 2092 2962 Zeuxippi

513 2992 791 3032 carcerem
846 2977 1017 3034 fuisse
1075 2977 1391 3035 conclusos.
1428 2978 1648 3035 Nullum
1684 2980 1792 3036 vidi
1830 2982 2091 3039 idoneum

515 3080 794 3124 auctorem
848 3069 941 3139 qui
971 3067 1146 3126 fuisse
1175 3067 1654 3142 Constantinopoli
1702 3087 1978 3128 carcerem
2008 3074 2089 3129 sic

2197 592 2397 646 rudera
2432 590 2485 644 in
2546 592 2709 646 στοάν
2772 588 3030 661 portit'lmr
3087 589 3391 654 ellurmata,
3421 587 3572 660 juxta
3597 606 3739 661 quam

2209 678 2400 750 spatiis
2461 679 2648 734 vacuis
2707 691 2866 750 sep'o
2921 676 3275 733 circumdatis
3338 677 3620 733 multitudo
3646 680 3743 737 hac

2194 784 2478 843 captorum
2533 772 2678 828 bello
2737 771 3082 835 Latinorum,
3111 786 3276 842 quam
3311 770 3464 826 urbis
3511 774 3741 830 ordinarii

2197 880 2455 921 carceres
2489 864 2672 919 minus
2728 872 3006 935 caperent,
3042 862 3298 919 conclusa
3329 870 3463 918 tunc
3512 862 3666 919 fuerit
3697 874 3743 920 et

2198 955 2315 1012 haec
2341 973 2373 1011 a
2399 967 2592 1012 nostro
2612 958 2709 1028 τῆς
2735 957 3044 1023 Ζευξίππην
3068 955 3322 1025 (subaudi
3354 955 3535 1024 στοᾶς)
3554 956 3740 1030 φυλακὴ

2199 1061 2411 1106 vocata.
2475 1049 2569 1105 Sic
2603 1049 2765 1104 hodie
2820 1048 2963 1121 apud
3026 1048 3325 1120 Algerium,
3368 1063 3435 1101 ex
3473 1048 3631 1102 veteri
3673 1048 3743 1103 Iol

2197 1141 2423 1196 cmsaria
2472 1138 2839 1194 deformatum
2895 1154 3119 1201 nomen.
3154 1152 3184 1191 a
3237 1136 3434 1208 piratis
3490 1139 3625 1208 capti
3659 1155 3740 1192 cu-

2198 1233 2514 1288 stodiuntur
2548 1232 2601 1287 in
2650 1232 2869 1297 balneo,
2909 1232 2994 1286 uel
3029 1231 3219 1304 bagno,
3250 1238 3412 1302 prout
3442 1228 3509 1283 ab
3537 1231 3742 1300 expertis

2197 1324 2514 1381 didicimus.

2272 1416 2542 1485 Ζυγῆνοι
2595 1416 2652 1471 in
2689 1416 2849 1472 titulo
2878 1414 3073 1486 capitis
3097 1416 3181 1478 12.
3204 1415 3239 1470 l.
3270 1430 3330 1471 Ill
3365 1415 3443 1488 (ι).
3477 1416 3527 1486 6)
3546 1416 3607 1469 τὰ
3625 1418 3742 1471 atavi

2196 1507 2328 1572 τοὺς
2371 1509 2660 1579 ζυγήνους.
2695 1519 2750 1563 et
2783 1508 3038 1564 similiter
3075 1511 3126 1562 in
3190 1509 3348 1563 titulo
3371 1524 3425 1563 c.
3471 1507 3536 1562 l5
3575 1509 3743 1562 ἀπολο-

2198 1598 2294 1668 γία
2329 1598 2436 1654 τῶν
2470 1598 2742 1670 Cumva
2768 1597 2901 1653 Esse
2941 1598 3046 1655 huc
3089 1613 3290 1654 nomen
3349 1614 3459 1653 non
3497 1600 3740 1669 proprium

2198 1690 2400 1762 gentis,
2474 1691 2569 1746 sed
2614 1690 3030 1762 appellativum,
3096 1700 3159 1746 ut
3218 1692 3454 1762 ἀγρόται
3512 1690 3658 1763 565
3697 1702 3743 1749 ct

2205 1784 2463 1854 χωρῖται,
2520 1783 2720 1852 quibus
2777 1783 2910 1838 istos
2968 1783 3102 1839 alias
3185 1769 3466 1839 vocabulis
3528 1785 3743 1855 indigitat

2206 1872 2424 1939 Noster,
2458 1873 2749 1930 manifeste
2782 1884 2930 1946 patet
2971 1891 3035 1931 ex
3080 1876 3185 1931 line
3216 1876 3417 1946 capitis
3452 1876 3534 1940 l3,
3572 1877 3654 1930 ubi
3680 1876 3742 1930 sic

2203 1966 2402 2038 legitur
2436 1965 2491 2020 in
2533 1966 2837 2022 Allatiano:
2880 1967 3063 2021 Ταῦτα
3120 1969 3249 2039 περὶ
3295 1969 3425 2031 τοὺς
3464 1966 3556 2021 τοῦ
3601 1966 3740 2034 ζυγοῦ

2201 2059 2656 2130 διαπραξάμενοι.
2697 2060 2777 2114 En
2831 2076 2969 2131 quos
3030 2061 3299 2133 ζυγήνους
3362 2059 3593 2124 dixerat,
3649 2062 3739 2129 jam

2201 2155 2325 2215 τοὺς
2346 2154 2440 2206 τοῦ
2473 2152 2641 2222 ζύγου
2673 2162 2856 2219 vocat,
2911 2152 3015 2208 hoc
3070 2164 3179 2218 est,
3221 2154 3417 2224 jugum
3452 2152 3738 2207 incolentes.

2201 2242 2537 2303 Barberinus
2591 2254 2775 2299 tamen
2858 2254 2915 2299 et
2984 2242 3282 2299 Vaticanus
3350 2258 3553 2325 vocein'
3599 2244 3742 2315 ζυτή·

2199 2353 2325 2398 νους
2368 2336 2457 2391 hic
2491 2352 2711 2406 quoque
2741 2337 3003 2392 retinent.
3256 2374 3265 2383 ι

2283 2427 2650 2498 Ἦμιάνδριοι
2723 2444 2779 2499 p.
2830 2428 2957 2483 35L
3031 2427 3172 2496 Quid
3219 2427 3371 2483 aliud
3420 2424 3741 2498 ﬁptdxdplcu;

2200 2522 2637 2593 interpretemur
2699 2520 2753 2576 in
2790 2520 3055 2577 comitatu
3126 2519 3359 2590 virginis
3392 2520 3549 2591 regie
3605 2532 3740 2588 quam

2198 2612 2488 2669 semiviros
2510 2611 2820 2678 eunuchos,
2854 2611 3174 2667 ministrare
3200 2612 3256 2666 in
3281 2608 3513 2666 Oriente
3562 2607 3739 2680 princi-

2196 2704 2358 2775 pibus
2387 2703 2609 2759 feminis
2648 2703 2880 2760 solitos?

2267 2796 2562 2865 Θεραπεία
2586 2812 2640 2867 p.
2671 2795 2799 2851 2H.
2837 2794 2972 2852 Orat
3006 2797 3305 2866 imperator
3337 2793 3741 2849 excommunica-

2200 2900 2286 2945 tus
2312 2890 2677 2961 patriarcham
2704 2888 2799 2944 τοῦ
2833 2888 3034 2959 δεσμοῦ
3067 2888 3156 2942 τὸν
3213 2888 3402 2956 ἱκέτην
3446 2889 3640 2941 ἀνεῖναι
3662 2891 3738 2943 καὶ

2198 2979 2568 3049 μετεγνωκότι
2588 2980 2687 3047 τὴν
2717 2978 3009 3049 θεραπείαν
3029 2980 3252 3047 ἐπάγειν
3276 2979 3344 3049 ἣν
3368 2980 3563 3040 ἐκεῖνος
3583 2977 3738 3046 podia

2192 3088 2306 3126 ται.
2373 3069 2471 3127 Hic
2520 3071 2787 3143 θεραπεία
2853 3071 3184 3142 peculiarem
3239 3060 3300 3125 et
3354 3071 3735 3127 ecclesiasticam

516 3161 720 3217 dictum
746 3160 962 3216 doceat.
996 3160 1312 3232 Procopius,
1340 3161 1378 3217 l.
1417 3177 1433 3216 ι
1474 3161 1548 3217 De
1576 3162 1697 3217 bell.
1754 3163 1902 3218 Pera.
1940 3180 1994 3234 p.
2030 3168 2097 3223 70
2124 3180 2167 3236 ε
2202 3164 2370 3220 habet
2434 3164 2744 3229 notionem,
2807 3162 3128 3236 signiﬁcans
3182 3177 3352 3233 opera
3407 3179 3525 3234 qua:
3576 3176 3737 3217 vocant

512 3250 604 3305 ed.
647 3250 787 3320 Beg.
818 3258 874 3303 et
904 3247 941 3303 ι.
984 3247 1113 3303 item
1145 3264 1164 3304 1
1203 3247 1281 3303 De
1308 3249 1454 3318 radii.
1487 3266 1542 3320 p.
1573 3250 1644 3304 25
1663 3250 1947 3321 βαλανείου
1980 3255 2095 3309 bal-

515 3342 601 3395 nei
643 3339 839 3411 publici
885 3338 1140 3394 meminit
1190 3340 1337 3408 quod
1368 3339 1396 3392 ὁ
1429 3340 1739 3409 Ζεύξιππος
1778 3354 2093 3402 vocaretur.

511 3432 856 3503 Nicephorus
890 3432 1020 3487 item
1051 3430 1284 3499 Callisti,
1313 3432 1441 3500 l.tx,
1473 3448 1523 3488 c.
1542 3434 1597 3501 9,
1620 3434 1788 3507 p.697
1814 3440 1902 3494 ed.
1922 3435 2093 3494 Paris.

513 3525 777 3595 δημόσιον
799 3523 1027 3596 λουτρὸν
1061 3525 1364 3596 περιφανές
1391 3542 1450 3580 τε
1487 3526 1585 3580 καὶ
1615 3526 1893 3598 μέγιστον,
1924 3530 2099 3599 publi-

513 3634 636 3672 cum
669 3615 940 3672 lavacrum
981 3617 1321 3686 conspicuum
1353 3626 1401 3672 et
1430 3619 1748 3686 maximum,
1806 3620 1895 3673 τὸν
1962 3621 2095 3676 Ζεύς

515 3711 715 3777 ξιπτιον
750 3708 918 3765 fuisse
949 3709 1292 3765 nominatum
1321 3711 1505 3766 tradit.
1536 3709 1804 3767 Thermas
1836 3728 1866 3766 a
1892 3712 2095 3769 Severo

511 3799 766 3856 conditas
792 3800 922 3855 rbas
978 3799 1165 3855 lerunt
1223 3800 1280 3855 in
1336 3800 1540 3871 templo
1596 3802 1723 3866 Διὸς
1780 3804 2096 3872 Ζευξίππου

512 3890 670 3947 Jovis
708 3906 878 3962 equos
905 3891 1187 3964 iungentis
1217 3906 1314 3948 seu
1372 3908 1539 3948 curru
1576 3894 1886 3966 subiunctis
1937 3898 2097 3968 equis

516 3992 692 4040 tracto
723 3982 999 4049 vehentis,
1030 3981 1176 4052 quod
1212 3980 1526 4046 Ζευξίππου
1563 3999 1666 4038 vox
1699 3984 1927 4055 indicat,
1986 3987 2099 4043 l'ur-

515 4085 658 4131 tasse
689 4074 771 4130 sic
808 4073 955 4129 dicto
988 4075 1118 4143 quia
1151 4073 1243 4128 tali
1304 4073 1489 4144 specie
1518 4056 1735 4144 .lupiter
1762 4077 1898 4132 olim
1942 4078 1996 4132 in
2029 4093 2097 4136 eo

515 4169 720 4239 templo
786 4167 998 4224 ellictus
1055 4165 1354 4229 videretur,
1398 4166 1474 4221 Ex
1537 4167 1709 4223 veteri
1771 4183 1934 4240 porro
2003 4170 2096 4227 illo

512 4259 641 4315 lano
673 4257 995 4314 vocabulum
1042 4256 1337 4311 recentiori
1370 4255 1729 4314 Thermarum
1774 4260 2009 4318 aedilicio
2043 4262 2096 4319 ci

512 4353 774 4422 adjuncto
810 4349 1112 4405 adbaasissc
1142 4359 1390 4419 apparet.
1417 4348 1621 4421 Estque
1657 4352 1708 4407 id
1741 4355 2093 4412 verisimilius

514 4460 678 4517 quam
704 4442 849 4514 quod
876 4441 966 4496 alii
1002 4441 1375 4513 suspicantur,
1412 4458 1444 4497 a
1492 4442 1691 4500 Zeuxis
1722 4446 1949 4516 pictoris
2009 4459 2091 4503 ta-

2198 3260 2585 3331 satisfuctoria,
2618 3268 2746 3330 puta
2772 3259 3012 3327 ieiunia,
3045 3258 3459 3314 humiliationes
3487 3268 3539 3313 et
3571 3257 3735 3313 similia

2200 3352 2310 3406 reis
2349 3351 2530 3422 magni
2562 3359 2620 3404 et
2655 3351 2854 3420 publici
2882 3350 3130 3405 criminis
3184 3351 3251 3406 ad
3274 3351 3628 3422 expiationem
3661 3365 3737 3404 ca-

2197 3442 2449 3497 nonicam
2498 3443 2708 3513 injungi
2754 3442 2911 3498 solita
2953 3443 3121 3499 veteri
3153 3444 3411 3500 Ecclesiae
3464 3443 3734 3513 disciplina.

2198 3534 2379 3602 Quare
2410 3531 2677 3602 θεραπεία
2708 3534 2796 3588 hic
2828 3533 3073 3604 idipsum
3104 3543 3185 3589 est
3224 3535 3375 3606 quod
3399 3534 3571 3590 Latini
3593 3522 3767 3589 cede?

2198 3628 2405 3686 s‘astici
2462 3630 2758 3698 scriptores
2807 3632 3165 3700 penitentiam
3205 3643 3448 3698 vocant;
3498 3632 3571 3688 uti
3598 3632 3736 3703 pani-

2199 3728 2383 3782 teutes,
2425 3719 2517 3788 qui
2554 3720 2744 3789 culpas
2799 3720 3021 3791 expiant
3089 3721 3396 3792 suppliciis,
3442 3721 3735 3794 θεραπευταί

2199 3807 2436 3876 Philoni,
2469 3808 2526 3864 S.
2561 3809 2760 3864 Basilio
2798 3820 2853 3865 et
2877 3811 2999 3867 aliis
3032 3812 3235 3869 Graecis
3267 3814 3552 3871 dicuntur.
3582 3814 3733 3870 Talem

2198 3899 2340 3971 apud
2369 3898 2762 3970 Pachymerem
2787 3915 2907 3955 esse
2961 3902 3327 3973 signiﬁcatum
3394 3907 3554 3975 hujus
3595 3905 3732 3968 toris,

2200 3991 2547 4047 demonstrat
2581 3992 2728 4063 quod
2781 3993 2921 4049 intra
2984 3995 3176 4051 eodem
3226 3997 3409 4066 capite
3467 3996 3735 4065 patriarcha

2200 4082 2511 4155 imperatori
2538 4083 2594 4138 ϐε
2604 4085 2837 4156 ραπείαν
2861 4087 3124 4158 πράττειν
3145 4088 3505 4159 προσέταττε.
3523 4089 3582 4145 Et
3602 4088 3736 4159 paulo

2199 4186 2321 4253 post
2355 4176 2470 4230 hinc
2500 4176 2828 4246 patriarcha:
2866 4177 2933 4232 ad
2989 4177 3379 4249 imperatorem
3435 4181 3587 4235 verba
3616 4181 3730 4235 reci-

2201 4277 2383 4323 tantur
2410 4281 2425 4320 :
2456 4267 2769 4340 Θεραπείαν
2787 4269 2954 4331 ποίει.
2978 4270 3071 4323 καὶ
3132 4272 3359 4339 δέξομαι
3398 4288 3415 4326 :
3448 4272 3512 4327 ad
3539 4272 3731 4328 verbum

2198 4360 2285 4429 [ac
2313 4362 2674 4430 paenitentiam
2725 4370 2775 4415 et
2815 4362 3098 4430 accipiam.
3157 4361 3315 4419 Unde
3376 4381 3498 4421 mox
3545 4371 3735 4419 vocatur

2197 4452 2505 4516 ἀντίποινος
2533 4451 2825 4524 θεραπεία,
2865 4463 2921 4508 et
2941 4453 3161 4510 additur
3189 4470 3308 4509 eam
3330 4457 3556 4524 quadam
3578 4470 3735 4524 aequa.

518 4536 685 4600 bulis,
720 4532 910 4604 quales
960 4532 1069 4590 illic
1123 4542 1458 4603 prostarent,
1492 4534 1670 4589 locum
1728 4537 2091 4597 nominatum.
2129 4538 2170 4596 ο
2197 4543 2351 4599 litate
2378 4545 2709 4614 respondere
2746 4545 2996 4616 gravitati
3030 4546 3282 4603 criminis
3304 4547 3527 4604 debere.

520 4628 727 4684 Statuis
776 4625 923 4681 enim
983 4634 1041 4681 et
1094 4625 1265 4696 signis
1320 4625 1490 4683 fuisse
1550 4627 1765 4684 videtur
1825 4630 2092 4700 insignior

513 4734 677 4790 quam
716 4716 946 4773 tabulis:
985 4715 1110 4772 vide
1148 4731 1267 4787 qua:
1297 4716 1366 4774 de
1392 4717 1496 4773 loci
1529 4718 1649 4788 ejus
1677 4729 1874 4776 ornatu
1903 4706 2094 4792 exqui-

514 4810 786 4866 sitissimo
814 4809 1036 4879 collegit
1066 4823 1097 4863 e
1153 4809 1431 4865 veteribus
1486 4811 1687 4866 Petrus
1745 4809 1951 4883 Gyllius
1979 4814 2016 4869 Ι.
2056 4832 2094 4871 ιι

514 4905 588 4957 Dc
651 4913 825 4973 topog.
868 4899 1178 4966 Constant.,
1214 4914 1265 4958 c.
1300 4900 1354 4964 7,
1384 4900 1476 4955 ubi
1542 4902 1813 4971 prolixum
1868 4903 2096 4960 exhibet

511 4996 819 5065 catalogum
851 5002 1156 5047 statuarum
1198 4992 1308 5049 illic
1339 5003 1672 5049 ercetarum.
1730 4992 2092 5067 Frequentari

515 5091 736 5145 solitum
768 5100 1043 5142 concursu
1077 5085 1422 5142 curiosorum
1456 5085 1660 5143 indicat
1715 5085 2093 5149 Nazianzenus

513 5193 653 5237 orat.
684 5181 774 5244 25,
823 5180 913 5234 ubi
949 5177 1292 5248 Zeuxippum
1352 5187 1651 5250 propterea
1702 5191 1858 5235 vocat
1894 5197 2092 5238 novam

510 5273 838 5337 Jerusalem,
866 5267 1014 5339 quod
1041 5266 1270 5337 ,templu
1301 5283 1332 5320 a
1388 5266 1447 5325 S.
1486 5266 1688 5323 llelena
1726 5268 1780 5323 in
1839 5268 2092 5326 Calvario

511 5369 730 5425 conditu
769 5372 824 5419 et
883 5377 1026 5418 nova
1064 5358 1371 5416 Jerusalem
1431 5368 1625 5415 vocato
1686 5361 1974 5430 Splendore
2028 5381 2093 5419 ac

516 5455 915 5532 magniﬁcentia
948 5468 1059 5508 non
1098 5452 1338 5508 cederet.
1380 5451 1558 5519 Quare
1588 5453 1738 5509 solus
1793 5453 2093 5527 Parhyme-

513 5568 602 5607 res
645 5550 878 5606 articulo
931 5545 1063 5602 lem.
1117 5545 1338 5617 generis
1405 5545 1505 5615 τῆς
1557 5546 1866 5614 Ζευξίππου
1919 5549 2090 5617 φυλα-

511 5650 616 5719 κήν
650 5645 872 5709 dixerit,
904 5658 1015 5698 non
1080 5642 1241 5712 plane
1291 5640 1562 5712 comperi.
1611 5639 1945 5712 Suspicabar
1989 5657 2086 5713 po—

507 5738 828 5797 sterioribus
874 5734 1235 5803 temporibus,
1269 5733 1505 5805 collapsa
1572 5750 1688 5790 aevo
1740 5746 1896 5804 parte
1946 5733 2087 5788 antio

512 5848 747 5899 nuarum
779 5830 1095 5887 l'alnearurn
1129 5832 1275 5899 (nam
1307 5837 1437 5882 ante
1498 5827 1599 5884 hos
1629 5837 1852 5883 centum
1909 5840 2085 5891 annos

2271 4636 2336 4710 [P
2382 4636 2513 4709 388]
2554 4637 2885 4707 Ἶερολογιά
2924 4654 2980 4709 p.
3021 4639 3148 4700 225.
3175 4639 3315 4706 Quid
3362 4641 3437 4697 sit
3491 4640 3585 4697 hoc
3638 4640 3734 4694 loco

2201 4727 2477 4799 ἱερολογία
2513 4736 2570 4784 et
2601 4729 2896 4799 ἱερολογεῖν
2935 4730 3130 4785 merito
3161 4731 3444 4799 quaeritur.
3476 4731 3566 4785 Vir
3581 4729 3734 4785 erudi-

2199 4827 2311 4882 tus,
2339 4819 2516 4874 editor
2539 4830 2593 4874 et
2641 4820 2943 4877 illustratur
2993 4822 3319 4894 Eucbologii
3360 4824 3478 4879 sive
3533 4818 3733 4877 Ritualis

2196 4908 2536 4971 Graecorum.
2568 4911 2873 4978 ἱερολογίας
2922 4929 3080 4969 sacra
3105 4916 3330 4985 registra
3378 4914 3732 4984 interpretatur

2196 5010 2249 5055 et
2277 5001 2574 5072 ἱερολογείν
2602 5004 2661 5057 in
2694 5004 2919 5075 registra
2943 5021 3230 5060 recensere.
3262 5004 3580 5073 Describens
3605 5004 3729 5059 enim

2195 5092 2249 5147 in
2282 5091 2617 5164 Eucbulogio
2666 5110 2724 5165 p.
2760 5094 2867 5151 268
2911 5106 2968 5151 et
3030 5098 3393 5167 sequentibus
3438 5096 3727 5169 opusculun

2193 5182 2285 5240 cui
2317 5185 2507 5241 titulus
2537 5192 2622 5243 est
2642 5187 2807 5252 Τάξις
2834 5190 2932 5258 τῆς
2964 5189 3127 5257 ἁγίας
3154 5190 3414 5261 Μεγάλης
3445 5188 3728 5260 iniecisti

2194 5275 2313 5333 haec
2337 5291 2405 5331 ex
2425 5290 2492 5332 eo
2511 5276 2673 5331 verba
2701 5277 2770 5333 de
2786 5277 3233 5352 chartopbylace,
3256 5282 3397 5353 ἔχων
3423 5281 3479 5335 δὲ
3497 5282 3586 5344 τὰς
3611 5281 3730 5350 ἰείη

2191 5364 2379 5433 λογίας
2416 5366 2525 5419 τῶν
2559 5367 2891 5434 μνηστειῶν,
2915 5369 3205 5438 ἱερελογῶν
3246 5371 3414 5436 αὑτάς
3444 5372 3521 5427 sic
3564 5368 3727 5423 Latine

2193 5456 2373 5513 reddit
2402 5473 2416 5509 :
2453 5455 2626 5512 Sacra
2662 5459 2877 5530 insuper
2923 5463 3146 5531 registra
3182 5464 3622 5518 matrimoniorum
3652 5474 3728 5528 pc-

2193 5564 2282 5602 nes
2320 5564 2375 5603 se
2391 5548 2568 5611 habet.
2599 5565 2717 5618 qua:
2749 5561 3032 5621 postquam
3062 5554 3119 5609 in
3168 5557 3389 5624 κρίθη-α
3427 5552 3725 5609 recensum.

2194 5638 2330 5695 lluic
2352 5642 2682 5711 expositioni
2712 5657 2868 5698 meus
2887 5658 2975 5698 me
3000 5654 3150 5700 vetat
3174 5655 3368 5701 auctor
3390 5645 3726 5715 acquiescere.

2191 5734 2317 5789 dum
2362 5733 2450 5789 hic
2475 5735 2669 5789 scribit
2711 5738 3005 5808 προνόμιον
3040 5738 3208 5794 fuisse
3252 5736 3661 5808 chartOpbylacis
3679 5741 3725 5783 ut

2193 5834 2328 5881 nutu
2366 5826 2751 5901 arbitratuque
2781 5829 3049 5886 duntaxat
3079 5831 3252 5902 ipsius
3288 5831 3406 5889 ista:
3422 5836 3724 5902 qumcunqm‘
