3992 6522
295 407 447 466 ὶεέῡ

1640 404 1682 462 ι]
1701 403 2154 463 ΙΛτΞΞΑΙὶΙυΜ.

3407 406 3538 468 1030

297 510 532 565 demum
568 511 681 566 sint
740 512 1053 582 Ilierologiw
1094 511 1309 567 fierent.
1362 511 1663 583 Hesychius
1695 511 1885 579 προνό-
1913 514 1961 571 Α
1992 505 2219 563 ecclesia
2243 508 2344 560 rite
2372 506 3075 577 matrimoniojungnntur;
3131 511 3182 565 id
3243 516 3386 582 quod
3441 520 3540 570 du-

297 624 413 676 μια
444 621 568 661 esse
598 606 758 660 docet
797 606 862 657 τὰ
892 603 1215 673 ὀφειλόμενα
1248 604 1325 674 τῷ
1355 603 1643 672 ἀξιώματι,
1677 602 1873 658 decora
1902 600 1911 623 ‘

287 710 400 753 aut
436 698 716 768 privilegia
747 712 868 766 quae
900 697 1098 751 eximie
1115 697 1386 751 debentur
1412 696 1574 751 alicui
1607 696 1872 766 dignitati.

293 789 643 860 Splendidus
668 790 719 842 in
758 789 949 857 primis
975 803 1039 842 ac
1090 788 1404 858 praecellens
1433 788 1875 858 chartophylaeis

295 883 661 952 magistratus
716 893 834 947 est;
886 883 971 937 cui
1009 892 1298 952 propterea
1352 883 1442 936 vix
1488 892 1653 937 estut
1724 882 1872 937 credi

293 976 479 1043 possit
542 974 865 1028 attributum
919 975 1036 1027 vice
1084 973 1383 1043 προνομίου
1454 982 1508 1027 et
1566 973 1873 1027 honoraria:

296 1065 679 1133 prterogativae
712 1079 939 1133 pensum
973 1079 1036 1118 ac
1064 1064 1303 1118 laborem
1337 1080 1445 1117 non
1491 1068 1668 1117 solum
1706 1078 1875 1133 penes

289 1173 362 1211 se
388 1156 622 1210 habendi
650 1161 869 1225 registra
898 1157 1379 1220 matrimoniorum,
1412 1157 1505 1210 sed
1526 1157 1689 1210 etiam
1712 1172 1873 1210 manu

297 1248 529 1317 propria
566 1246 914 1311 conficiendi,
951 1250 1172 1300 nomina
1206 1248 1527 1303 nubentium
1561 1249 1614 1300 in
1652 1248 1873 1316 registra

295 1338 644 1403 recensendo,
703 1345 760 1390 ut
812 1337 952 1391 idem
1005 1339 1274 1407 interpres
1325 1339 1581 1408 loquitur,
1644 1339 1875 1392 reddens

296 1429 636 1484 vocabulum
678 1427 983 1497 ἱερολογῶν,
1012 1444 1119 1497 quo
1136 1430 1408 1499 propriam
1439 1430 1875 1501 chartophylacis

298 1522 653 1577 functionem
681 1522 899 1578 Grateus
932 1526 1167 1593 scriptor
1202 1524 1513 1580 declaravit.
1570 1525 1730 1594 Atqui
1761 1525 1876 1579 hate

294 1616 528 1684 quidem
561 1631 785 1669 munera
822 1614 984 1685 566
1010 1618 1143 1671 nihil
1198 1616 1553 1671 honorificum
1581 1628 1674 1673 aut
1726 1627 1874 1672 tanto

298 1705 525 1773 fastigio
557 1705 779 1775 dignum
816 1706 1069 1760 habentia
1119 1709 1392 1763 actuarias
1448 1708 1629 1777 podus
1658 1723 1720 1762 ac
1754 1708 1873 1761 vul-

295 1812 466 1865 gares
511 1798 719 1854 scribas
756 1797 837 1850 vel
873 1796 939 1849 ad
994 1813 1267 1852 summum
1319 1798 1563 1852 tabularii
1615 1799 1870 1851 custodes

297 1891 561 1946 deceant.
595 1893 779 1963 Longe
839 1892 997 1947 aliter
1056 1890 1562 1947 Thessalonicensis
1633 1889 1865 1960 Symeon

292 1988 435 2057 quid
479 1990 820 2046 auctoritatis
865 1990 1012 2044 circa
1074 1984 1418 2042 matrimonia
1482 1981 1869 2051 ehartophylax

292 2081 611 2136 exercuerit
642 2081 845 2136 indicat
874 2081 957 2138 bis
991 2078 1170 2134 verbis
1200 2094 1213 2129 :
1244 2075 1355 2128 Καὶ
1404 2072 1473 2126 τὰ
1512 2072 1620 2125 τῶν
1676 2071 1872 2141 γάμων

296 2175 557 2244 νομίμως
587 2174 866 2245 φροντίζει
896 2173 1165 2245 γίνεσθαι·
1204 2171 1265 2228 Ut
1297 2170 1523 2241 legitime
1550 2167 1872 2222 celebrentur

296 2268 647 2322 matrimonia
691 2278 869 2323 curat.
911 2268 1080 2322 Porro
1108 2266 1447 2322 institutione
1488 2261 1691 2319 Christi
1716 2298 1731 2327 ,
1776 2260 1871 2333 qui

295 2359 715 2414 matrimonium
756 2375 825 2415 ex
861 2360 1006 2415 civili
1036 2367 1324 2413 contractu
1372 2357 1426 2410 in
1460 2365 1870 2411 sacramentum

289 2450 502 2513 evexit,
526 2457 585 2503 ut
612 2449 667 2504 id
699 2450 803 2503 rite
833 2457 1177 2520 perpetretur
1206 2462 1344 2516 opus
1377 2454 1461 2500 est
1507 2461 1659 2500 sacra
1692 2444 1868 2513 aliqua

289 2540 657 2596 ecclesiastici
694 2541 928 2597 ministri
958 2541 1259 2603 functione,
1311 2554 1442 2609 qua,
1479 2546 1536 2592 ut
1589 2535 1871 2590 Evaristus

289 2633 712 2702 antiquissime:
744 2632 986 2703 pontifex
1013 2630 1174 2703 epist.
1203 2632 1270 2688 ad
1302 2632 1544 2702 episcOp.
1581 2629 1871 2685 Africanos

295 2728 566 2798 loquitur,
608 2728 883 2783 nubentes
934 2744 1030 2783 suo
1064 2738 1297 2793 tempore
1342 2726 1759 2789 sacerdotaliter,
1814 2734 1871 2779 ut

299 2835 417 2871 suos
450 2828 546 2876 est.
592 2835 710 2872 cum
752 2820 989 2887 precibus
1051 2827 1100 2872 et
1132 2818 1479 2872 oblationibus
1536 2834 1567 2871 a
1603 2817 1871 2871 sacerdote

292 2911 696 2965 benedicantur.
737 2910 911 2980 Hujus
953 2909 1352 2965 benedictionis
1375 2909 1603 2964 etl‘ectus
1624 2909 1747 2977 quis
1770 2908 1864 2972 sit,

294 3004 466 3057 docet
488 3003 715 3058 Siricius
752 3003 881 3059 item
916 3002 1183 3072 pontifex,
1209 3002 1437 3072 epistola
1472 3002 1537 3056 ad
1566 3002 1868 3057 llimcrium

297 3094 794 3162 Tarraconensem,
833 3112 884 3151 c.
909 3096 962 3161 4,
997 3096 1089 3151 ubi
1120 3096 1486 3165 interrogatus
1511 3096 1556 3148 si
1583 3096 1870 3162 desponsa-

296 3195 413 3237 tam
437 3183 533 3237 alii
561 3186 793 3253 puellam
825 3186 961 3241 alter
987 3188 1043 3240 in
1095 3186 1490 3239 matrimonium
1537 3185 1697 3254 possit
1728 3184 1866 3237 acci-
1891 3209 1935 3271 ρ

291 3291 441 3343 pere,
475 3278 767 3345 respondet
799 3296 813 3330 :
847 3278 957 3332 Iloc
982 3295 1042 3332 ne
1069 3278 1163 3345 ﬁat
1201 3280 1366 3331 modis
1399 3278 1633 3331 omnibus
1667 3277 1866 3330 inhibe-

294 3385 439 3435 mus,
476 3373 600 3439 quia
641 3370 734 3424 illa
762 3370 1063 3430 benedictio.
1123 3388 1284 3439 quant
1333 3382 1575 3437 nuptura!
1622 3371 1866 3423 sacerdos

292 3464 519 3529 imponit
556 3470 693 3532 apud
721 3463 921 3529 ﬁdeles,
969 3463 1235 3531 sacrilegii
1284 3463 1454 3515 instar
1504 3474 1599 3524 est,
1651 3462 1700 3514 si
1754 3457 1865 3513 ulla

293 3550 712 3619 transgressione
731 3549 970 3603 violetur.
998 3548 1145 3602 llanc
1171 3550 1600 3604 benedictionem
1630 3564 1869 3617 praesen-

298 3638 449 3692 tibus
470 3638 522 3692 in
563 3624 789 3694 ecclesia
822 3640 1038 3709 sponsis
1059 3655 1088 3693 a
1121 3638 1405 3693 sacerdote
1456 3637 1690 3695 conferri
1726 3638 1867 3691 anti-

292 3731 549 3799 quissimi
579 3748 675 3801 per
717 3748 910 3787 omnes
966 3734 1229 3787 ecclesias
1280 3732 1449 3786 moris
1488 3741 1590 3787 est.
1654 3730 1863 3788 Concil.

294 3824 555 3891 Carthag.
596 3840 669 3889 tv,
706 3840 828 3878 ean.
870 3839 966 3877 snt
1001 3841 1013 3876 :
1049 3823 1286 3891 Sponsus
1317 3835 1364 3877 et
1400 3841 1592 3894 sponsa
1628 3842 1743 3877 cum
1778 3825 1862 3877 be-

296 3914 566 3967 nedicendi
617 3916 719 3967 sint
774 3932 805 3967 a
854 3916 1163 3978 sacerdote,
1208 3932 1239 3968 α
1271 3917 1570 3985 parentibus
1626 3917 1735 3969 suis
1786 3916 1865 3969 vel

293 4006 676 4073 paranymphis
707 4007 1014 4075 offerantur.
1056 4006 1191 4070 Quia
1220 4024 1350 4062 vero
1380 4008 1620 4076 episcopi
1660 4009 1861 4062 estde-

297 4095 519 4164 signare
565 4099 935 4162 sacerdotem,
988 4113 1150 4169 quem
1187 4100 1534 4167 potissimum
1590 4100 1721 4153 velit
1759 4098 1859 4152 ista

295 4203 456 4242 saera
501 4189 642 4244 circa
678 4189 938 4260 conjuges
968 4189 1292 4245 cmremonia
1339 4189 1582 4258 defungi,
1633 4190 1864 4259 patriar-

298 4280 420 4334 cha:
446 4280 1031 4351 Constantinopolitani
1064 4282 1205 4336 hanc
1237 4282 1452 4351 proprie
1484 4297 1669 4336 curam
1701 4283 1861 4336 char-

300 4372 582 4441 mphylaci-
608 4372 723 4427 sive
754 4372 1084 4427 caneellario
1118 4387 1219 4426 suo
1265 4372 1753 4435 demandaverant,
1805 4382 1859 4426 ut

296 4464 384 4517 vel
411 4465 525 4533 ipse
553 4480 647 4534 per
675 4480 794 4520 sese
821 4465 1035 4534 sponsis
1060 4464 1165 4518 hoc
1194 4465 1357 4519 modo
1377 4465 1743 4528 benediceret,
1775 4466 1857 4519 vel

1980 600 2109 655 dum
2143 609 2269 653 ante
2315 616 2402 655 me
2446 600 2706 655 docuerat
2736 601 3074 671 Nicephorus
3103 603 3403 676 Bryennius
3421 612 3541 663 σειν-ι

1977 708 2067 747 sar
2096 693 2197 747 sub
2225 692 2384 746 linem
2405 692 2525 746 libri
2564 708 2622 746 tu
2652 693 3179 751 Commentariorum
3199 714 3228 751 a
3252 715 3337 753 me
3364 716 3541 770 nuper

1978 784 2278 846 editorum,
2309 784 2398 837 ubi
2454 800 2686 839 narrans
2728 785 3031 856 illegitimas
3078 790 3294 858 nuptias
3348 803 3538 847 contra

1981 891 2143 929 omne
2183 876 2261 929 fas
2295 886 2588 930 attentatas
2619 892 2647 929 a
2681 875 2961 932 Botaniatc
3012 881 3263 936 invasore
3323 882 3535 952 imperi?

1978 982 2103 1021 cum
2148 966 2313 1021 Maria
2364 968 2602 1036 Augusta
2634 969 2863 1038 conjuge
2894 968 3167 1025 Michaelis
3218 973 3377 1029 Ducas
3404 975 3540 1030 solio

1977 1055 2253 1109 deturbati
2283 1055 2462 1109 adhuc
2503 1054 2757 1121 viventis,
2806 1054 2997 1119 refert,
3049 1059 3304 1127 cumjam
3354 1063 3537 1130 sponsi

1974 1146 2139 1201 ambo
2168 1146 2221 1199 in
2242 1146 2525 1201 ecclesiam
2551 1147 3198 1212 vcnissent,sacerd0tem
3214 1152 3302 1220 qui
3320 1153 3385 1206 ad
3416 1168 3536 1208 eam

1975 1234 2234 1288 unionem
2320 1236 2679 1303 peragendam
2747 1247 2966 1305 paratus
3029 1239 3204 1295 fuerat
3241 1244 3289 1309 (ὁ
3330 1243 3539 1311 μέλλων

1974 1326 2077 1394 τὴν
2114 1329 2417 1397 μνηστείαν
2453 1328 2692 1398 τελέσαι)
2726 1330 3010 1400 collegisse
3048 1347 3109 1388 se
3162 1342 3216 1389 et
3271 1349 3537 1403 quantum

1974 1410 2183 1487 piaculi
2209 1422 2580 1477 conscisceret
2612 1433 2973 1493 reputantem,
3008 1426 3051 1480 si
3096 1428 3390 1499 bigamum,
3438 1446 3537 1486 cu-

1970 1512 2063 1581 jus
2103 1513 2267 1567 etiam
2314 1516 2558 1569 secunda
2596 1532 2732 1569 uxor
2769 1518 2948 1572 adhuc
2985 1519 3217 1585 viveret,
3261 1538 3381 1577 cum
3418 1539 3539 1578 tnu-

1974 1605 2109 1659 liere
2139 1608 2295 1677 cujus
2354 1607 2482 1661 item
2533 1608 2761 1663 maritus
2820 1611 2999 1667 adhuc
3050 1626 3328 1682 superstes
3370 1626 3535 1677 esset.

1971 1704 2742 1762 ecclesiasticabenedictione
2761 1711 3134 1781 conjungeret,
3156 1712 3219 1784 [P
3252 1713 3371 1786 589]
3402 1732 3537 1769 cun-

1972 1804 2176 1851 ctatum
2206 1814 2328 1852 esse
2358 1800 2575 1868 prodire
2601 1816 2664 1855 ex
2701 1802 2887 1866 altari;
2909 1812 3038 1858 tunc
3062 1815 3243 1859 autem
3279 1809 3539 1862 concilia-

1924 1864 1941 1906 ί
1976 1897 2146 1941 torem
2176 1888 2336 1960 567
2361 1891 2747 1961 sacrilegarum
2776 1894 3091 1963 nuptiarum
3128 1899 3389 1953 lsaacium
3421 1900 3537 1956 Ca:-

1973 1995 2149 2033 sarem
2188 1982 2353 2035 alium
2396 1982 2553 2037 istius
2585 1984 2703 2038 loco
2732 1986 3070 2041 sacerdotem
3106 1989 3447 2058 submisisse,
3477 1993 3536 2058 ὃς

1974 2072 2066 2123 καὶ
2093 2070 2189 2141 τὴν
2215 2071 2517 2143 ἱερολογίαν
2541 2074 2805 2138 ἐτέλεσεν.
2825 2079 2914 2146 qui
2939 2079 3190 2145 nuptialis
3219 2081 3351 2135 ritus
3371 2099 3535 2137 etcre-

1974 2166 2206 2217 monium
2242 2167 2459 2235 peregit.
2495 2166 2618 2221 Haec
2652 2166 2947 2224 Briennius
2988 2170 3192 2238 Caesar,
3249 2175 3339 2245 qui
3377 2178 3536 2245 paulo

1972 2266 2097 2310 ante
2127 2256 2460 2314 functionem
2496 2260 2742 2315 eamdem
2809 2262 2975 2318 verbo
3006 2264 3247 2333 εὐλογεῖν
3287 2268 3537 2341 ὁοεῑεηίιι

1973 2358 2150 2416 verat,
2185 2350 2249 2407 de
2280 2360 2416 2406 testu
2442 2366 2505 2407 ac
2544 2354 2805 2422 scrupulo
2856 2356 3054 2423 prioris
3109 2360 3407 2415 sacerdotis
3456 2363 3535 2417 sic

1971 2444 2218 2499 scribens
2251 2462 2265 2499 :
2301 2443 2630 2513 Συναγαγὼν
2665 2444 2853 2501 ἑαυτὸν
2883 2447 2978 2503 καὶ
3015 2449 3176 2517 γνοὺς
3215 2452 3322 2523 ὅπη
3363 2453 3535 2509 κακοῦ

1972 2537 2198 2604 φέρεται
2232 2538 2478 2606 μοιχείαν
2510 2540 2628 2607 ἅμα
2667 2540 2763 2591 καὶ
2807 2544 3103 2611 τριγαμίαν
3138 2545 3399 2612 εὐλογῶν,
3445 2549 3532 2601 ubi

1970 2625 2219 2692 εὐλογεῖν
2248 2626 2390 2680 idem
2418 2636 2507 2681 est
2555 2628 2697 2697 quod
2745 2628 3073 2699 ispoloysiv:
3108 2644 3401 2705 utrumque
3434 2653 3536 2691 att-

1974 2728 2081 2773 tem
2111 2720 2377 2791 significat
2435 2736 2651 2777 sacrum
2686 2723 2838 2779 illum
2900 2726 3062 2781 ritum
3114 2744 3223 2798 quo
3277 2732 3533 2785 sacerdos

1971 2810 2094 2864 illos
2119 2826 2348 2881 sponSos
2412 2814 2465 2867 in
2530 2815 2940 2871 matrimonium
2998 2820 3308 2891 conjungit;
3372 2838 3532 2892 quem

1970 2903 2405 2959 benedictionem
2438 2906 2506 2959 ab
2552 2907 2794 2977 antiquis
2825 2910 3211 2969 ecclesiasticis
3255 2915 3534 2984 scriptori-

1970 2997 2071 3051 bus
2130 2996 2317 3052 Latine
2363 3009 2618 3054 vocatum
2672 3001 2929 3057 vidimus.
2966 3003 3023 3071 In
3070 3021 3180 3075 quo
3224 3016 3401 3062 tamen
3446 3018 3533 3064 est

1967 3097 2229 3158 praeterea
2277 3090 2676 3147 observandum
2709 3109 2830 3149 esse
2864 3104 2918 3151 et
2974 3096 3133 3152 aliam
3195 3098 3529 3155 benedictio-

1969 3196 2095 3236 nem
2126 3182 2448 3251 nuptialem,
2481 3199 2600 3253 quae
2651 3187 2973 3257 coniugibus
3000 3204 3099 3258 per
3134 3190 3316 3253 verba,
3370 3198 3428 3244 nt
3455 3193 3533 3245 Io-

1968 3273 2060 3343 qui
2095 3274 2291 3340 solent,
2330 3276 2397 3330 de
2425 3278 2681 3346 prmsenti
2731 3281 2975 3350 ratojam
3009 3284 3354 3338 matrimonio
3386 3301 3415 3339 a
3444 3301 3530 3341 sa-

1967 3367 2187 3423 cerdote
2225 3370 2495 3438 c0pulatis
2522 3371 2661 3425 solet
2685 3372 2966 3441 adhiberi;
3006 3376 3073 3430 de
3120 3392 3222 3446 qua
3273 3379 3531 3450 intelligi-

1971 3465 2058 3509 tur
2101 3457 2189 3511 illa
2214 3463 2447 3528 quaestio
2474 3476 2637 3530 quam
2662 3462 2897 3533 theologi
2932 3477 3171 3532 movent,
3212 3470 3291 3523 An
3318 3471 3384 3524 sit
3410 3488 3531 3540 pec-

1967 3559 2143 3603 catunt
2224 3568 2592 3607 consummare
2662 3558 3057 3611 matrimonium
3107 3572 3226 3615 ante
3282 3562 3531 3617 Ecclesiae

1967 3640 2396 3705 benedictionem,
2436 3652 2543 3699 etc.
2584 3645 2715 3700 Vide
2747 3645 3012 3711 Sancltcz,
3061 3648 3099 3702 ι,
3143 3664 3221 3709 ιιι,
3268 3650 3405 3720 disp.
3440 3654 3527 3707 12.

1964 3732 2233 3786 Caeterum
2267 3734 2413 3802 prior
2445 3734 2534 3788 illa
2564 3735 2630 3790 de
2675 3752 2781 3806 qua
2821 3739 3058 3793 diximus
3109 3742 3413 3797 benedictio
3447 3755 3531 3801 est

1966 3838 2088 3890 quae
2142 3823 2232 3878 hic
2275 3823 2575 3893 lspoloylat;
2626 3835 2681 3881 et
2713 3828 3009 3898 ἱερολογεϊν
3042 3831 3316 3889 vocabulis
3351 3838 3529 3906 expri-

1966 3914 2155 3968 mitur.
2200 3913 2320 3968 Huc
2350 3914 2479 3970 facit
2514 3915 2731 3987 Georgii
2779 3919 3101 3988 Acropolitae
3156 3923 3327 3988 locus,
3385 3926 3525 3981 llisl.

1965 4021 2019 4058 n.
2056 4006 2124 4059 53
2157 4022 2170 4058 :
2200 4006 2475 4075 Πληροῦσι
2521 4007 2619 4078 τὴν
2646 4010 2757 4062 τῶν
2812 4012 3021 4065 παίδων
3076 4016 3389 4083 συνάφειαν,
3433 4022 3525 4073 τοῦ

1964 4097 2300 4168 πατριάρχου
2338 4098 2622 4168 Γερμανοῦ
2647 4102 2713 4154 τὰ
2733 4101 2833 4170 τῆς
2854 4104 3158 4173 ἱερολογίας
3185 4107 3523 4173 τελέσαντος.

1963 4191 2085 4260 Agit
2112 4192 2180 4246 de
2245 4194 2451 4262 nuptiis
2489 4193 2764 4251 Theodori
2802 4197 3040 4254 Junioris
3088 4201 3333 4259 Lascaris
3400 4222 3523 4261 cum

1964 4279 2165 4335 Helena
2211 4282 2318 4335 filia
2345 4284 2536 4338 Asanis
2559 4284 2819 4357 Bulgaria
2866 4290 3027 4359 regis.
3055 4291 3204 4347 Adde
3229 4303 3281 4348 et
3309 4297 3522 4352 titulum

1961 4388 2084 4428 can.
2127 4374 2160 4427 6
2192 4373 2645 4434 Neocaesaricnsis
2688 4380 2949 4435 reeitatia
2984 4381 3232 4440 Matthaao
3282 4386 3525 4445 Blastarc

1964 4467 2127 4522 verbo
2166 4469 2364 4539 γάμος,
2405 4470 2497 4538 qui
2539 4471 2618 4527 sic
2665 4473 2826 4527 habet
2877 4492 2891 4527 :
2930 4475 3065 4545 Περὶ
3114 4477 3207 4530 τοῦ
3262 4481 3336 4551 μὴ
3377 4497 3527 4536 συνε-

296 4554 635 4608 sacerdotem
680 4556 906 4620 eligeret
946 4555 1037 4623 qui
1077 4554 1130 4609 id
1166 4553 1389 4617 faceret,
1443 4567 1581 4609 aueo
1608 4563 1672 4608 ut
1717 4556 1852 4608 citra

1967 4560 2211 4615 πιᾶοθαι
2243 4562 2320 4632 τῷ
2341 4563 2661 4633 διγαμοῦντι
2695 4566 2784 4618 τὸν
2822 4566 3260 4639 ἱερολογήσαντα.

294 4647 419 4714 ejus
444 4659 727 4700 assensum
769 4646 1062 4715 acjussum
1127 4645 1309 4699 nullus
1349 4645 1635 4715 presbyter
1672 4645 1722 4698 id
1758 4646 1856 4699 rite

296 4751 363 4790 ac
402 4736 637 4803 legitime
670 4748 857 4807 posset
877 4754 1058 4807 agere.
1098 4736 1214 4793 Hoc
1251 4747 1335 4792 est
1362 4738 1507 4806 quod
1564 4738 1723 4793 docet
1773 4739 1857 4791 hic

296 4830 519 4894 Noster,
557 4832 684 4885 dum
724 4832 801 4885 ait
828 4832 1122 4901 προνόμιον
1162 4847 1283 4886 esse
1336 4830 1771 4900 chartophylacis
1798 4832 1858 4881 τὸ

297 4925 633 4993 προτροπαίς
663 4924 873 4975 ἐκείνου
922 4924 1020 4985 τὰς
1072 4922 1374 4993 ἱερολογίας
1422 4921 1692 4990 γίνεσθαι,
1752 4938 1855 4975 non

291 5016 409 5066 siue
436 5012 691 5083 facultate
741 5029 805 5066 ac
836 5013 1087 5065 mandato
1136 5012 1251 5080 ejus
1287 5012 1522 5065 adhiberi
1566 5014 1769 5082 sponsis
1824 5030 1855 5064 a

295 5107 567 5159 sacerdote
591 5104 697 5160 ullo
726 5104 983 5169 nuptiales
1015 5105 1415 5158 benedictiones.
1445 5102 1623 5169 Quare
1658 5102 1746 5157 .iie
1771 5105 1857 5165 τὶς

298 5200 407 5251 τῶν
441 5198 631 5266 ἱερέων
662 5198 719 5259 ες
757 5188 877 5265 δίχα
912 5195 1009 5263 τῆς
1044 5194 1137 5247 τοῦ
1171 5194 1581 5265 χαρτοψύλακος
1622 5210 1855 5265 προτρο-

300 5289 405 5357 πῆς
429 5287 695 5357 νυμφίους
730 5287 1013 5357 ἱερολόγει.
1056 5286 1299 5340 sacerdos
1334 5287 1551 5355 quidam
1585 5287 1675 5355 qui
1719 5288 1852 5339 citra

298 5383 696 5435 mandaturum:
734 5391 915 5434 nutum
967 5380 1382 5449 churtopltylacis
1439 5386 1647 5447 sponsis
1704 5384 1857 5433 bute-

296 5477 524 5537 dixerut,
552 5472 932 5542 suspensionis
959 5472 1028 5525 ob
1057 5472 1107 5525 id
1145 5488 1303 5540 paena
1352 5481 1436 5525 est
1470 5473 1731 5525 multatus
1752 5511 1767 5533 ,
1800 5481 1858 5525 ut

294 5582 415 5620 mox
450 5564 812 5635 Paehymeres
870 5564 1167 5633 subjuugit.
1229 5562 1323 5617 Est
1368 5564 1530 5633 igitur
1586 5564 1857 5631 ἱερολογίαι

292 5674 447 5711 sacra
478 5657 687 5712 functio
712 5658 1010 5711 sacerdotis
1031 5655 1174 5709 circa
1217 5670 1480 5724 sponsos,
1528 5656 1746 5725 quando
1801 5655 1857 5709 in

362 5818 439 5888 tl)
474 5816 558 5869 Cf.
590 5814 831 5870 Glossar.
864 5815 1018 5867 alter.
1053 5827 1102 5865 v.
1142 5813 1470 5883 Ἰχνηὶατης.

2042 4652 2392 4720 Ἰχνηλάτης
2419 4654 2493 4723 (l)
2522 4670 2573 4723 p.
2601 4655 2725 4709 464.
2755 4657 3116 4712 Καοικετεύει
3140 4663 3203 4713 ὲκ
3228 4663 3334 4715 τῶν
3369 4666 3517 4737 ἰχνη-

1956 4742 2121 4796 λάτου
2196 4744 2605 4813 παρασολικῶν,
2638 4756 2742 4801 etc.
2798 4746 2888 4800 Ait
2936 4749 3341 4818 imperatorem,
3394 4773 3516 4813 cum

1960 4832 2170 4888 videret
2226 4834 2490 4903 quosdatn
2548 4835 2861 4893 inconsulto
2888 4840 3005 4893 zelo
3039 4840 3347 4910 improbare
3394 4862 3524 4901 con-

1960 4928 2201 4980 cordiam
2246 4942 2370 4980 eum
2424 4926 2631 4981 Latinis
2680 4929 2898 4995 initam,
2931 4935 3245 5001 congregari
3290 4936 3518 5005 jussisse

1959 5016 2242 5085 episcopos
2275 5030 2465 5070 omnes
2489 5024 2543 5070 et
2571 5020 2910 5086 monachos;
2948 5029 3057 5074 tum
3094 5022 3269 5091 ipsum
3325 5026 3379 5080 in
3427 5029 3518 5083 illo

1958 5121 2220 5161 consessu
2250 5106 2485 5161 medium
2518 5108 2816 5162 orationem
2850 5110 3159 5177 inchoasse,
3190 5121 3425 5185 rogando
3454 5136 3520 5175 ex

1959 5200 2249 5256 lehnelata:
2282 5198 2634 5263 Parabolicis,
2677 5202 2834 5271 cujus
2889 5202 2989 5255 loci
3025 5205 3092 5257 ad
3143 5206 3245 5261 hoc
3306 5217 3522 5279 tempus

1958 5290 2251 5360 opportuni
2281 5291 2573 5359 plerosque
2606 5292 2851 5359 ipsorum
2884 5296 3157 5350 recordati
3193 5299 3520 5369 confidebat,

1961 5396 2027 5435 ne
2082 5380 2265 5450 potius
2321 5382 2544 5435 mallent
2618 5382 2815 5437 imitari
2875 5385 3033 5438 avide
3085 5387 3523 5456 prafestinantes

1958 5487 2118 5540 quam
2158 5472 2408 5541 prudenti
2438 5473 2701 5542 patientia
2746 5478 3117 5531 maturitatem
3170 5482 3521 5537 occasionum

1959 5572 2014 5618 et
2040 5578 2217 5618 rerum
2249 5574 2569 5633 exspectare
2599 5568 2870 5623 cessando
2905 5569 3115 5626 solitos.
3150 5570 3345 5627 Multos
3384 5574 3522 5638 dies,

1959 5671 2027 5710 ne
2057 5656 2232 5710 dicam
2282 5656 2674 5724 hebdomadas,
2722 5660 2775 5715 in
2819 5660 2982 5732 hujus
3011 5679 3129 5718 sum
3163 5663 3263 5718 loci
3298 5667 3525 5721 medita-
