3992 6524
490 401 622 473 1031

1436 407 1501 469 Ρ.
1541 406 1844 470 POSSINI
1886 401 2541 468 OBSERVATIONUM
2576 401 2720 461 LIB.
2765 401 2814 462 Ι.

3594 400 3727 467 103?.

489 523 640 576 tione
665 526 934 573 versatus.
964 495 1134 584 Cujus
1163 529 1288 570 cum
1315 514 1658 586 intelligendi
1695 532 1799 572 una
1849 531 1979 587 spes
2011 525 2067 572 et
2095 520 2138 575 A
2165 511 2383 566 Persica
2411 519 2465 565 et
2487 508 2756 576 Arabica..
2781 521 2918 579 quas
2951 506 3119 563 fuisse
3147 508 3393 565 diversas
3446 513 3725 582 ponimus,

490 612 632 668 ratio
654 611 758 666 sita
781 618 930 664 esset
963 609 1019 663 in
1057 608 1248 662 notitia
1283 609 1570 676 scriptoris
1619 607 1674 661 in
1723 623 1789 663 eo
1837 608 2064 677 laudati,

495 713 670 760 totum
701 719 788 757 me
813 701 940 756 dedi
977 698 1378 770 investigationi
1423 699 1650 753 istorum
1678 697 2064 768 παραϐολικῶν

502 795 817 865 Ἰχνηλάτου
845 793 934 848 hic
954 801 1400 856 memoratarum,
1431 791 1753 862 ignotissimi
1789 800 1902 844 tum
1935 790 2064 844 milii

491 888 695 955 operis,
723 886 897 955 quoad
925 884 1335 940 eruditissimus
1353 883 1505 952 juxta
1533 883 2065 950 humauissimusque

493 978 607 1032 Leo
646 977 879 1032 Allatius
905 978 932 1028 ὁ
962 976 1107 1028 πάνυ
1143 975 1320 1043 primo
1363 972 1645 1036 indicium,
1676 971 1873 1026 deinde
1902 971 2063 1026 etiam

493 1069 707 1138 copiam
759 1065 966 1136 perrari
1002 1065 1120 1134 ejus
1175 1074 1230 1119 et
1278 1064 1489 1118 Latinis
1528 1077 1750 1132 prorsus
1797 1063 2064 1117 hactenus

494 1155 754 1224 incogniti
789 1153 1167 1207 commentarii
1202 1151 1352 1206 l‘eeit.
1385 1151 1580 1206 Totum
1627 1151 1784 1206 avide
1813 1152 2013 1223 perlegi
2046 1169 2062 1207 :

494 1247 627 1315 quin
668 1246 857 1311 etiam,
893 1245 1039 1314 quod
1076 1244 1158 1298 sic
1213 1243 1471 1312 expedire
1505 1243 1681 1296 visum
1712 1250 1818 1308 est,
1868 1242 2063 1313 raptim

497 1339 792 1394 Latinitate
821 1339 1084 1392 donatum
1130 1335 1185 1391 in
1230 1336 1425 1390 harum
1469 1333 1925 1390 Observationum
1971 1350 2066 1404 ap-

497 1432 787 1504 pendicem
817 1430 1052 1500 conjeci.
1085 1429 1163 1485 lbi
1194 1428 1418 1494 videbit,
1448 1428 1494 1484 si
1525 1427 1661 1483 tanti
1689 1427 1920 1498 judicet,
1948 1436 2064 1481 stu-

497 1527 689 1582 diosus
727 1525 900 1579 lector
936 1536 1099 1593 quem
1155 1521 1276 1592 ejus
1329 1521 1421 1577 hic
1471 1521 1721 1593 indigitat
1769 1523 2067 1592 imperator

497 1619 702 1682 locum,
739 1616 1122 1670 dissertatione
1151 1614 1464 1684 parabolice
1508 1623 1684 1677 sexta,
1716 1629 1820 1683 qua
1858 1612 2065 1668 labellis

495 1712 564 1766 ad
597 1710 650 1764 id
701 1709 843 1778 aptis
891 1707 1120 1762 stultitia
1175 1706 1481 1761 traducitur
1528 1719 1716 1761 eorum
1747 1720 1886 1775 quos
1935 1705 2066 1775 ipsis

498 1803 680 1858 statim
741 1799 981 1854 exordiis
1032 1799 1318 1870 longorum
1380 1798 1720 1869 negotiorum
1774 1797 2065 1868 impatiens

499 1893 663 1965 568
684 1893 884 1963 abripit
914 1893 1143 1946 aviditas
1177 1891 1244 1946 ad
1268 1891 1404 1947 lines
1431 1904 1829 1960 successusque
1854 1905 2064 1961 praevo-

498 1973 741 2042 randos.
764 1985 858 2038 Hic
899 1984 1168 2055 agendum
1214 1983 1351 2037 mihi
1385 1993 1519 2053 puto
1550 1984 1620 2039 de
1649 1984 1872 2038 nomine
1924 1983 2071 2054 ἰχνη-

498 2075 688 2143 λάτης,
718 2073 861 2143 quod
896 2089 1020 2127 cum
1058 2081 1314 2142 tanquam
1345 2074 1626 2143 proprium
1665 2073 1823 2128 istius
1853 2075 1937 2128 vel
1973 2089 2071 2127 au-

497 2164 665 2219 ctoris
694 2164 780 2218 vel
809 2163 993 2232 operis
1039 2171 1294 2233 ponatur,
1332 2162 1514 2216 neutri
1553 2172 1730 2217 tamen
1761 2176 1826 2217 ex
1861 2163 2070 2234 origine

498 2257 796 2322 convenit;
823 2271 945 2325 qua:
994 2255 1125 2308 mihi
1160 2254 1263 2308 fuit
1292 2269 1457 2308 causa
1489 2254 1618 2308 illud
1657 2254 1725 2308 ab
1759 2255 1879 2324 ejus
1913 2254 2070 2311 titulo

498 2347 555 2403 in
583 2347 776 2401 Latina
828 2345 1284 2416 interpretatione
1316 2345 1659 2400 removendi.
1704 2343 1920 2401 Primus
1975 2361 2070 2402 vo-

498 2438 750 2494 cabulum
811 2436 1104 2506 ίχνηλάτης
1157 2436 1227 2490 ad
1257 2436 1404 2491 hunc
1442 2435 1641 2490 librum
1689 2436 2070 2507 appellandum

497 2529 748 2584 adhibuit
769 2529 993 2584 Graecus
1020 2528 1166 2582 illius
1197 2527 1466 2596 interpres
1489 2527 1724 2599 Symeon
1757 2526 1911 2590 Seth,
1956 2527 2074 2583 iml-

501 2629 670 2687 tatus,
697 2628 754 2674 ut
792 2621 910 2690 ipse
939 2621 1034 2682 ait,
1077 2619 1173 2674 sed
1215 2633 1282 2673 ex
1313 2628 1466 2688 parte
1497 2617 1800 2683 duntaxat,
1835 2618 2073 2673 Arabem

500 2709 926 2772 innominatum,
955 2709 1046 2777 qui
1079 2721 1146 2763 es
1176 2707 1393 2762 Persica
1418 2706 1676 2774 disiecto,
1703 2707 1756 2761 in
1781 2723 1943 2778 quam
1975 2709 2074 2763 bas
2115 2715 2121 2721 ‘

503 2801 848 2871 parabolicas
881 2799 1298 2855 dissertationes
1323 2799 1555 2854 Perzoes
1587 2814 1653 2853 ex
1680 2800 1880 2855 Indicis
1905 2799 2073 2870 origi-

501 2893 665 2946 nibus
695 2892 1064 2958 transtulerat,
1097 2892 1330 2947 Arabice
1361 2893 1480 2948 illas
1508 2893 1767 2955 reddens,
1815 2892 1968 2962 operi
2005 2892 2075 2946 ti—

504 2983 679 3038 tulum
717 2983 982 3053 imposuit
1009 2985 1378 3054 compositum
1413 2999 1479 3038 es
1502 2983 1818 3038 nominibus
1843 2984 2072 3038 duarum

2168 617 2278 658 non
2315 615 2418 654 una
2448 613 2635 656 revera
2689 610 2744 653 et
2803 599 2995 654 eadem
3043 599 3209 655 luerit
3259 602 3461 656 versio.
3522 603 3729 659 Dicitur

2167 695 2316 752 enim
2345 692 2439 748 hic
2464 678 2672 748 tantum
2705 692 2903 746 librum
2939 693 3083 746 hunc
3109 706 3173 746 ex
3203 692 3354 746 India
3387 694 3442 747 in
3459 693 3730 750 Persidem

2166 787 2408 842 delatum
2440 800 2470 838 a
2525 783 2748 846 Perzoe,
2776 782 2848 837 ita
2909 792 2968 837 ut
3009 784 3153 852 quod
3197 784 3417 838 additur
3453 785 3523 838 de
3556 794 3733 840 trans-

2169 878 2374 933 latione
2406 877 2460 931 in
2486 877 2728 944 linguam
2775 875 3082 941 Arabicam,
3120 877 3284 930 tribui
3343 877 3520 931 eidem
3551 877 3729 933 Penei

2167 979 2334 1042 queat
2357 969 2650 1040 etintelligi
2674 981 2886 1022 versum
2916 967 2986 1021 ab
3015 983 3080 1022 co
3098 969 3322 1024 Arabiae
3342 970 3575 1024 tlhosroi
3592 971 3732 1025 obla-

2171 1075 2284 1119 tum
2317 1063 2668 1134 etvulgatum
2701 1062 2754 1114 in
2785 1060 3010 1115 Perside
3035 1060 3225 1123 fuisse.
3249 1062 3338 1116 ubi
3375 1061 3519 1117 forte
3552 1064 3727 1134 lingua

2171 1156 2405 1210 Arabica
2435 1169 2542 1207 non
2576 1153 2856 1225 incognita
2888 1153 3052 1223 vulgo
3073 1153 3258 1208 luerit.
3288 1153 3485 1208 Verum
3516 1169 3727 1209 omnem

2168 1250 2576 1318 ambiguitatem
2609 1249 2750 1304 tollit
2780 1250 2927 1320 quod
2962 1249 3028 1304 ad
3059 1249 3263 1305 calcem
3291 1249 3473 1319 operis
3502 1251 3727 1321 subjun-

2168 1341 2314 1412 gitur
2347 1343 2415 1396 ab
2447 1342 2566 1411 ipso
2593 1340 2782 1397 Graeco
2808 1341 3108 1412 interprete
3129 1340 3400 1412 Symeone
3433 1341 3588 1407 Setli,
3616 1353 3729 1412 post

2167 1434 2411 1503 quintam
2466 1432 2732 1487 decimam
2796 1433 3238 1488 Dissertationem
3297 1433 3597 1502 ascriptum
3655 1436 3731 1489 his

2169 1524 2330 1594 plane
2363 1524 2575 1579 verbis:
2602 1524 2790 1578 Ταῦτα
2817 1525 2888 1578 τὰ
2922 1532 2984 1578 ιε’
3004 1526 3270 1595 τμήματα
3299 1528 3326 1579 ὸ
3355 1527 3518 1596 σοφὸς
3553 1527 3732 1594 ίατρδς

2170 1615 2393 1688 Περζωὲ
2429 1617 2730 1686 μετέϐαλεν
2754 1618 2820 1670 ἐκ
2855 1618 2953 1687 τῆς
2995 1618 3225 1686 Ἰνδικῆς
3253 1618 3333 1680 είς
3366 1620 3466 1688 τὴν
3499 1619 3730 1690 Περσίδα

2167 1709 2473 1773 διάλεκτον,
2507 1710 2887 1778 μετακομίσας
2935 1711 2999 1763 ἐκ
3033 1711 3132 1780 τῆς
3195 1710 3386 1773 Ἰνδίας
3414 1711 3490 1779 τῷ
3527 1712 3734 1781 βασιλεί

2169 1801 2408 1874 Χοσρόῃ.
2447 1801 2544 1854 Ἐκ
2594 1801 2652 1854 δὶ
2700 1801 2804 1871 τῆς
2850 1802 3127 1872 Περσικῆς
3152 1803 3230 1865 εἰς
3267 1803 3367 1874 τὴν
3412 1802 3580 1874 569
3629 1804 3733 1858 τῶν

2183 1893 2433 1964 Ἀράϐων
2467 1893 2882 1964 μετεϐλήθησαν
2904 1893 3178 1962 γλῶσσαν,
3204 1896 3267 1948 ὲκ
3287 1895 3343 1947 δὲ
3365 1895 3464 1966 τῆς
3489 1897 3735 1968 ’Δράϐων

2172 1987 2306 2056 παρ’
2335 1986 2498 2056 ἡμῶν
2543 1986 2625 2050 είς
2651 1986 2752 2056 τὴν
2796 1985 3099 2055 Ἑλληνίδα,
3152 1987 3247 2038 καὶ
3289 1987 3396 2040 εἰσὶ
3428 1989 3558 2055 παρ’
3609 1990 3736 2058 ἡμῖν

2174 2078 2341 2147 μέχρι
2368 2077 2469 2148 τῆς
2513 2078 2755 2147 σήμερον
2783 2078 2864 2140 είς
2886 2077 3157 2147 ὠφέλειαν
3201 2079 3309 2131 τῶν
3337 2080 3741 2142 ἀναγινωσκόν-

2169 2184 2302 2224 των.
2328 2167 2442 2225 Hoc
2472 2177 2558 2224 est
2605 2169 2672 2224 ad
2714 2168 2940 2224 verbum
2966 2168 3118 2224 :Has
3151 2169 3219 2225 15
3248 2170 3498 2225 arationes
3527 2173 3739 2238 sapiens

2172 2261 2405 2315 medicus
2462 2260 2684 2316 Persae:
2715 2261 2988 2314 transtulit
3020 2277 3085 2315 ea:
3115 2261 3301 2316 Indica
3356 2265 3412 2316 in
3466 2261 3739 2316 Persicam

2171 2355 2452 2408 dialeetum
2481 2369 2512 2407 (ι
2547 2369 2599 2408 se
2627 2356 2930 2424 deportatus
2955 2369 3019 2409 ea:
3067 2354 3221 2409 India
3252 2356 3360 2427 regi
3392 2352 3632 2410 Chasrai.
3653 2355 3738 2409 Es:

2171 2447 2384 2502 Persica
2420 2464 2538 2502 vero
2569 2449 2625 2501 in
2658 2448 2935 2501 Arabicam
2977 2463 3141 2503 versa:
3196 2447 3427 2519 linguam
3475 2459 3621 2513 sunt,
3674 2466 3739 2503 ex

2173 2540 2399 2594 Arabica
2429 2540 2637 2592 demum
2669 2555 2701 2592 a
2737 2538 2880 2591 nobis
2930 2537 2989 2590 in
3022 2535 3285 2593 Graecam.
3323 2535 3388 2589 Et
3419 2547 3543 2590 sunt
3597 2539 3736 2603 apud

2174 2645 2267 2682 nas
2323 2645 2487 2699 usque
2540 2629 2594 2682 in
2629 2628 2936 2682 hodiernum
2968 2627 3107 2682 diem
3140 2628 3211 2681 ad
3250 2627 3532 2683 utilitatem
3566 2628 3738 2699 legen-

2174 2723 2326 2774 tium.
2359 2720 2436 2775 Ita
2472 2720 2568 2774 ibi.
2593 2719 2750 2775 Unde
2780 2718 3130 2774 manifestum
3159 2728 3245 2774 est
3293 2719 3570 2774 Persicam
3619 2736 3739 2790 qua

2174 2813 2372 2870 dicitur
2407 2813 2803 2882 Arabicamque
2834 2814 3144 2867 versionem
3175 2812 3340 2868 fuisse
3364 2814 3530 2883 plane
3557 2813 3738 2868 diver-

2173 2919 2286 2961 sas.
2334 2905 2465 2958 Cum
2521 2903 2725 2968 autem,
2755 2914 2813 2960 ut
2850 2920 2915 2960 ex
2967 2905 3117 2971 prius
3165 2905 3441 2973 descripto
3493 2906 3738 2974 ejusdem

2176 2997 2462 3068 Symeonis
2510 2997 2732 3068 prologo
2786 3005 3021 3059 constat,
3079 2997 3272 3052 titulus
3321 2995 3490 3066 Cylile
3557 2997 3741 3052 Dimne

503 3089 887 3142 personarum,
955 3089 1185 3142 quarum
1241 3074 1492 3144 dialogus
1560 3074 1825 3145 majorem
1885 3073 2070 3143 implet

2177 3089 2423 3144 Arabica:
2473 3089 2744 3144 versionis
2783 3089 3038 3159 proprius
3072 3089 3260 3152 fuerit,
3289 3091 3367 3143 uti
3399 3100 3451 3144 et
3481 3090 3599 3158 ipsa
3649 3090 3737 3143 illa

501 3174 716 3237 partem
747 3166 1150 3222 dissertationis
1178 3165 1369 3235 prima;
1393 3175 1448 3221 et
1475 3166 1544 3222 ad
1575 3165 1868 3220 secundam
1903 3165 2067 3220 etiam

2175 3181 2432 3236 vocabula
2464 3180 2696 3236 Arabica
2735 3195 2800 3236 ex
2845 3181 3054 3252 origine
3110 3189 3394 3250 putantur,
3447 3179 3736 3234 dicendum

505 3255 842 3315 extenditur.
895 3258 1091 3314 Earum
1132 3258 1316 3314 Indica
1371 3260 1631 3315 vocabula
1690 3276 1812 3330 quae
1845 3259 2068 3323 fuerint,

506 3353 818 3415 nescimus;
859 3366 1094 3420 quorum
1148 3361 1330 3406 tamen
1375 3361 1436 3406 ut
1467 3353 1809 3422 prapriorum
1846 3353 2072 3408 retineri

505 3459 679 3500 sonus
721 3451 776 3498 et
809 3443 1038 3497 aliarum
1068 3442 1268 3525 litteris
1309 3444 1540 3513 exprimi
1571 3443 1834 3500 debuerat
1862 3445 2074 3516 lingua-

507 3552 653 3591 rum.
694 3537 772 3589 Ae
801 3551 871 3590 ne
908 3535 998 3588 illa
1046 3535 1268 3605 quidem
1316 3544 1692 3590 memorantur
1721 3552 1840 3605 quae
1889 3537 1942 3590 in
1973 3551 2072 3590 sua

507 3629 956 3698 interpretatione
973 3629 1188 3684 Persica
1213 3631 1396 3699 posuit
1412 3630 1656 3686 medicus
1676 3629 2070 3686 Perzoes..Pri-

507 3735 630 3774 mus
657 3720 855 3786 Arabs,
898 3721 992 3789 qui
1024 3721 1300 3775 secundus
1329 3721 1602 3790 interpres
1634 3719 1720 3790 [Ρ.
1747 3721 1872 3792 590]
1905 3721 2071 3776 fuisse

507 3813 740 3878 dicitur;
774 3826 884 3876 non
919 3812 1093 3866 solum
1131 3813 1270 3868 duos
1305 3812 1438 3866 istos
1469 3813 1887 3867 interloculores
1935 3812 2070 3865 Ara-

419 3888 423 3891 ’
507 3903 642 3958 bicis
676 3919 740 3958 ex
773 3902 982 3973 origine
1012 3902 1238 3958 vocibus
1285 3903 1590 3973 indigitavit
1640 3903 1792 3957 hisce
1820 3901 1986 3971 Cylile
2018 3913 2072 3955 et

505 3991 721 4056 Diuina,
758 4007 946 4047 verum
1002 3993 1163 4047 etiam
1197 3993 1350 4060 aperi
1381 3991 1695 4060 quindecim
1731 3993 2073 4046 dissertatio.

505 4100 638 4140 num
669 4084 927 4139 universo
951 4083 1171 4138 easdem
1200 4098 1296 4153 pro
1325 4083 1483 4137 titulo
1513 4085 1831 4152 praeposuit.
1858 4082 1914 4136 ld
1939 4097 2072 4136 eon-

503 4186 613 4233 stat
658 4190 726 4230 ex
777 4173 1241 4230 admonitiuncula
1296 4173 1564 4228 Allatiano
1605 4173 1779 4228 codici
1828 4172 2068 4243 praeﬁxa,

501 4280 667 4334 quam
716 4264 805 4319 hic
853 4263 1268 4319 describendam
1301 4262 1430 4318 duxi
1459 4280 1473 4317 :
1505 4262 1724 4315 Bt6‘tlov
1757 4261 2071 4331 φυσιολογί-

501 4357 598 4411 sitv
630 4354 1038 4426 μετακομισθὲν
1079 4359 1142 4408 ὲκ
1188 4356 1286 4425 τῆς
1331 4355 1519 4418 Ἰνδίας
1548 4356 1645 4409 καὶ
1676 4355 1829 4408 δοθὲν
1858 4353 1934 4424 τῷ
1975 4355 2072 4423 βα·

504 4449 646 4501 σιλεῖ
673 4447 892 4517 Χοσρόῃ
936 4447 992 4498 ὲν
1023 4446 1246 4517 Περσίδι
1278 4447 1430 4517 παρά
1456 4464 1598 4510 τινος
1626 4447 1851 4516 Περζωὲ
1903 4444 2068 4513 σοφοῦ

2173 3278 2257 3324 est
2285 3279 2341 3325 et
2370 3269 2551 3324 Indica
2579 3269 2871 3340 archetypa
2911 3280 2966 3326 et
3015 3269 3285 3324 Persicam
3312 3287 3341 3323 a
3365 3270 3568 3324 Perzoe
3600 3283 3738 3324 con-

2171 3364 2449 3417 cinnatam
2497 3362 3000 3433 interpretationem
3050 3363 3134 3416 vel
3181 3361 3423 3416 caruisse
3461 3363 3623 3417 titulo
3653 3363 3738 3416 vel

2173 3453 2331 3508 aliter
2374 3452 2636 3521 inscripta
2711 3453 3050 3522 apparuisse.
3107 3452 3264 3508 Unde
3317 3453 3496 3522 quivis
3549 3467 3739 3522 aequm

2174 3545 2510 3600 concesserit
2536 3545 2714 3610 nobis,
2743 3544 2836 3615 qui
2861 3559 2969 3598 non
2997 3545 3478 3614 interpretationes
3500 3543 3737 3600 Graecam

2173 3646 2268 3691 aut
2295 3637 2600 3700 Arabicam,
2629 3637 2722 3692 sed
2757 3650 2896 3707 opus
2928 3637 3104 3706 ipsum
3135 3647 3258 3691 ortu
3291 3637 3465 3707 primo
3489 3637 3733 3692 lndieum

2175 3728 2366 3782 Latine
2402 3728 2698 3792 reddimus,
2753 3741 2984 3783 necesse
3017 3743 3124 3782 non
3160 3726 3329 3782 fuisse
3359 3729 3606 3783 Arabicae
3647 3739 3739 3783 aut

2173 3818 2372 3873 Graeca;
2402 3819 2858 3874 nomenclationis
2889 3819 3089 3874 habere
3123 3821 3412 3884 rationem,
3437 3823 3735 3890 pra-sertim

2173 3926 2295 3964 cum
2323 3925 2384 3963 ea
2426 3910 2561 3979 parti
2603 3918 2807 3963 tantum
2847 3912 3048 3980 aperis,
3076 3910 3181 3966 hoc
3212 3921 3298 3967 est
3339 3913 3552 3967 duabus
3598 3915 3734 3968 dun-

2176 4008 2322 4055 taxat
2339 4001 2833 4066 dissertationibus,
2858 4003 3167 4068 conveniat,
3187 4003 3384 4071 quibus
3405 4003 3666 4060 Coronati
3688 4015 3739 4060 et

2173 4091 2528 4163 Vestigatoris
2567 4092 2845 4161 colloquia
2882 4093 3200 4149 recitantur.
3244 4097 3478 4161 Quaesivi
3514 4112 3581 4151 ex
3619 4114 3728 4152 ma-

2172 4184 2354 4254 gistris
2403 4183 2649 4238 Arabicae
2689 4184 2886 4252 linguae
2920 4199 2989 4238 an
3035 4185 3204 4255 Cylile
3251 4195 3305 4242 et
3342 4187 3528 4242 Dimne
3555 4189 3741 4246 Grece

2174 4273 2500 4343 στεφανίτην
2545 4275 2640 4327 καὶ
2687 4275 3000 4345 ίχνηλάτην,
3056 4276 3164 4331 hoc
3218 4286 3303 4332 est
3339 4277 3535 4333 Latine
3589 4298 3741 4335 cam-

2173 4377 2358 4421 natum
2395 4375 2452 4422 et
2478 4367 2846 4436 vestigatorem
2878 4365 3270 4437 signiﬁcarent.
3317 4367 3741 4438 Responderunt

2172 4458 2226 4512 in
2265 4457 2432 4529 Cylile
2478 4456 2700 4526 quidem
2752 4469 3048 4524 agnoscere
3102 4473 3162 4512 se
3217 4459 3422 4528 aliquid
3475 4463 3624 4531 quod
3657 4480 3741 4517 ca-

504 4539 600 4591 xal.
661 4537 846 4605 ἰατροῦ
901 4537 1002 4605 τὴν
1053 4537 1271 4606 τέχνην,
1317 4538 1412 4591 καὶ
1460 4535 1786 4606 μετενεχθὲν
1834 4537 1916 4598 είς
1971 4536 2070 4607 τὴν

2177 4562 2320 4601 rauce
2373 4545 2654 4600 notionem
2701 4543 2965 4608 redoleat,
3003 4544 3056 4598 iu
3112 4545 3302 4599 Dimne
3329 4547 3465 4600 nihil
3500 4552 3740 4615 reperire

518 4627 766 4698 Ἀράϐων
819 4626 1096 4696 γλῶσσαν,
1143 4625 1295 4696 παρὰ
1346 4627 1404 4680 δὲ
1471 4625 1702 4696 Συμεὼν
1765 4629 2070 4696 μαγίστρου

504 4723 596 4774 καὶ
626 4718 915 4788 φιλοσόφου
962 4718 1056 4769 τοῦ
1091 4719 1197 4788 Σὴθ
1229 4721 1309 4782 είς
1339 4719 1437 4788 τὴν
1479 4719 1758 4788 Ἑλλήνων
1788 4719 2071 4771 διάλεκτον

507 4809 871 4882 μεταϐληθὲν,
913 4809 1245 4877 καλούμενον
1281 4809 1566 4879 Ἀραϐιστὶ
1617 4811 1717 4882 μὲν
1745 4809 1946 4864 Κυλίλε
1977 4808 2072 4862 καὶ

503 4903 692 4973 Διμνὲ,
745 4902 1048 4974 Ἑλληνιστὶ
1109 4903 1164 4955 δὲ
1205 4904 1540 4975 Στεφανίιης
1582 4908 1678 4958 καὶ
1735 4904 2068 4975 Ἰχνη>.άτης.

505 4997 662 5068 Ἔχει
689 4997 745 5051 δὲ
775 4994 978 5066 μύθους
1027 4997 1384 5064 παμπόλλους
1415 4999 1511 5050 καὶ
1563 4999 1728 5050 πᾶσιν
1761 4997 2070 5066 ἀνθρώποις

500 5089 834 5160 ὼρελίμους.
867 5088 989 5142 llaec
1021 5089 1090 5143 ibi
1122 5105 1136 5152 ;
1176 5105 1298 5158 quae
1345 5091 1424 5144 sic
1457 5088 1648 5143 Latine
1695 5101 1932 5144 sonant:
1979 5088 2072 5142 Li-

502 5182 592 5236 ber
623 5181 1006 5251 physiologiam
1030 5179 1235 5234 delatus
1263 5197 1327 5234 ex
1362 5181 1522 5234 India
1543 5191 1589 5234 et
1615 5182 1768 5235 datus
1807 5181 1915 5252 regi
1943 5181 2072 5236 Clio-

502 5274 609 5327 srai
644 5275 700 5327 in
732 5272 950 5326 Perside
977 5289 1010 5324 a
1037 5273 1266 5342 quadam
1283 5271 1476 5326 Persae
1500 5273 1736 5341 sapiente
1761 5285 1810 5326 et
1845 5273 2068 5337 medica,

504 5365 795 5418 translatus
855 5366 1016 5418 etiam
1069 5366 1122 5416 in
1169 5366 1405 5418 Arabum
1457 5365 1716 5434 linguam,
1752 5383 1784 5417 a
1814 5356 2072 5434 spuicam:

501 5471 619 5509 vero
644 5456 890 5525 magistro
913 5469 956 5509 et
983 5456 1286 5525 philosopha
1316 5456 1676 5522 cognominata
1705 5453 1829 5508 Sella
1859 5457 1912 5506 in
1932 5452 2074 5509 Grc:-

503 5563 679 5600 corum
711 5548 994 5601 dialectum
1024 5565 1316 5610 conversus,
1369 5558 1583 5601 uocatus
1611 5547 1836 5599 Arabica
1862 5547 2071 5611 quidem

503 5640 668 5709 Cylile
687 5651 734 5694 et
754 5641 962 5707 Diuma,
989 5642 1164 5698 Graece
1180 5657 1300 5695 vero
1323 5639 1651 5707 Stephanites
1675 5648 1723 5691 et
1750 5636 2068 5690 lclinelates.

508 5732 678 5788 [labet
704 5748 880 5791 autem
905 5737 1112 5806 fabulas
1127 5735 1415 5798 permultas
1433 5743 1481 5788 et
1509 5732 1748 5787 omnibus
1774 5732 2070 5785 hominibus

506 5827 852 5885 utiles.Video
874 5846 939 5884 ex
964 5831 1047 5884 his
1074 5829 1252 5887 verbis
1280 5837 1486 5882 restare
1517 5827 1739 5882 dubium
1772 5825 2067 5892 lcetori,an

2173 4637 2318 4707 quod
2351 4637 2417 4691 ad
2453 4636 2668 4706 vestigii
2704 4636 3072 4706 signiﬁcatum
3127 4646 3334 4707 vergat.
3377 4637 3452 4690 Es
3487 4655 3598 4708 quo
3632 4641 3740 4694 for-

2175 4737 2320 4783 tasse
2357 4727 2626 4798 suspicari
2659 4728 2822 4781 liceat
2859 4727 3111 4781 mendum
3153 4729 3505 4798 exscriptoris
3552 4732 3604 4784 in
3638 4734 3738 4786 ista

2175 4823 2454 4893 peregrina
2495 4836 2624 4877 voce
2671 4821 2966 4885 reddenda,
3018 4820 3161 4876 sicut
3187 4822 3410 4876 omnino
3445 4825 3624 4879 inesse
3665 4827 3742 4879 vi-

2173 4919 2330 4972 detur
2360 4920 2412 4972 in
2439 4917 2699 4986 particula
2733 4915 2845 4977 καί,
2875 4925 3035 4983 prout
3057 4915 3158 4969 ‘llla
3184 4931 3305 4970 cum
3340 4917 3588 4972 Arabicis
3608 4934 3710 4972 con

2168 5009 2416 5078 jungitur
2447 5008 2688 5067 veribus.
2709 5021 2833 5061 cum
2855 5005 3039 5060 Graeca
3071 5008 3161 5061 sit.
3187 5007 3465 5061 Credibile
3485 5018 3569 5063 est
3597 5013 3739 5063 enim

2177 5099 2401 5153 Setlium
2453 5097 2778 5152 scribentem
2827 5095 3032 5152 Graecis
3097 5098 3506 5153 cliaracteribus
3551 5101 3740 5154 Arab-

2172 5203 2297 5242 cum
2328 5188 2548 5241 titulum
2580 5187 2779 5240 Κυλίλε
2826 5203 2888 5240 ου
2923 5187 3091 5257 Διμνέ
3141 5189 3419 5256 posuisse:
3477 5190 3606 5245 illud
3641 5208 3739 5244 au-

2175 5288 2282 5332 tem
2321 5295 2404 5343 ou,
2461 5293 2582 5347 qua:
2622 5278 2816 5344 copula
2851 5285 2938 5332 est
2967 5279 3261 5340 Arabibus.
3291 5279 3515 5334 Graecus
3572 5281 3741 5335 lilira.

2175 5357 2294 5425 rius
2331 5371 2388 5423 in
2423 5369 2518 5422 καί
2549 5369 2903 5424 converterit.
2933 5369 3120 5423 Refert
3141 5371 3490 5426 doctissimus
3517 5373 3740 5427 Allatius

2171 5460 2401 5515 diatriba
2452 5460 2521 5514 de
2579 5459 2908 5530 Symeonum
2950 5461 3168 5527 scriptis
3215 5477 3267 5530 p.
3319 5462 3421 5516 ιδι
3475 5463 3740 5532 prodiisse

2173 5552 2418 5607 Ferraria
2439 5568 2532 5607 an.
2574 5553 2711 5608 1584
2743 5555 3033 5621 quamdam
3065 5555 3230 5622 hujus
3260 5554 3445 5622 operis
3475 5554 3739 5621 interpre

2174 5645 2432 5698 tationem
2464 5643 2719 5714 ,ltalieam
2775 5643 2960 5699 multis
3003 5645 3138 5700 locis
3190 5646 3456 5708 mutilam,
3491 5646 3542 5698 in
3586 5646 3742 5710 cujus

2172 5735 2393 5806 prologo
2413 5736 2620 5805 legatur
2641 5736 2788 5789 hunc
2817 5735 3014 5790 librum
3049 5752 3112 5791 ex
3144 5736 3326 5791 ludica
3359 5739 3413 5790 in
3441 5741 3737 5807 Agarenam

2172 5826 2408 5898 linguam
2451 5843 2478 5881 a
2522 5820 2652 5882 Lelo
2697 5827 2906 5883 Demno
2950 5826 3222 5885 Saracena
3273 5845 3489 5886 versum
3523 5827 3732 5892 fuisse;
