3992 6534
330 405 351 467 i
368 401 471 468 033

1666 408 2190 474 GLOSSARIUM.

3395 374 3576 493 non

326 516 555 572 ridiculo
573 532 782 583 errore,
804 533 865 573 ex
889 533 955 574 eo
977 526 1102 574 nato
1127 523 1269 591 quod
1294 523 1432 580 liber
1454 525 1596 580 idem
1633 529 1700 580 ab
1721 526 1898 580 Arabe
1929 533 1971 584 A
2002 529 2192 582 litterae
2206 546 2370 583 same
2390 531 2508 586 sine
2533 533 2714 589 addito
2736 538 3098 607 appellantur,
3127 543 3390 599 vocabulo
3413 549 3574 601 etiam

322 608 622 677 interprete
640 609 808 680 Cylile
828 628 859 664 τι
888 611 1080 688 Dimne
1104 614 1401 685 inscriptus
1425 616 1608 672 fuerit.
1636 619 1694 672 ld
1718 619 1896 672 valere

321 710 502 770 potest
547 702 614 755 ad
645 704 1109 772 comprobandum
1161 723 1342 762 meum
1374 711 1670 765 consilium
1705 710 1899 764 alienat

319 794 391 848 ab
431 795 739 865 originibus
786 801 1246 858 nomenclationis
1303 806 1673 871 removenda,
1721 821 1786 859 ne
1821 805 1894 858 si-

317 888 523 942 militer
557 892 774 947 errandi
804 895 1042 964 cuipiam
1074 898 1392 968 simpliciori
1417 900 1641 956 daretur
1656 901 1892 965 occas'o,

315 976 407 1049 [Ρ.
455 978 582 1052 591]
639 982 1018 1048 existimatum
1072 988 1303 1044 fortasse
1349 990 1645 1049 ichnelaten
1691 1005 1894 1046 nomen

313 1087 440 1126 esse
471 1074 732 1139 auctoris,
764 1077 856 1146 qui
890 1077 1098 1147 primus
1135 1079 1238 1136 hoc
1267 1082 1588 1152 opusculum
1626 1084 1890 1143 condidit.

311 1179 442 1219 cum
473 1166 527 1220 id
554 1166 675 1222 sine
710 1177 864 1224 certo
912 1173 1194 1242 scriptoris
1233 1176 1456 1230 nomine
1484 1177 1691 1232 editum
1724 1178 1779 1231 in
1809 1177 1894 1232 lu-

211 1265 220 1268 '
311 1257 402 1310 dia
436 1256 670 1328 Symeon
696 1243 829 1315 Sétb
863 1263 1079 1339 inn.uat,
1105 1267 1234 1322 dum
1281 1269 1473 1324 scribit
1511 1269 1666 1324 initio
1693 1271 1891 1340 pratia-

311 1349 482 1405 tionis
521 1366 675 1407 suae:
711 1354 775 1405 Ἦ
816 1357 1071 1426 παροῦσα
1110 1359 1294 1428 βίϐλος
1341 1362 1558 1430 ἐγράφη
1591 1361 1892 1442 μὲνςπαρὰ

311 1444 498 1509 σοφῶν
531 1444 641 1497 ἀπό
692 1462 753 1498 τε
793 1447 980 1517 μύθων
1013 1450 1108 1503 καὶ
1145 1451 1495 1524 παραϐολῶν,
1528 1453 1666 1507 hunc
1699 1454 1890 1508 librum

305 1536 654 1601 compositum
679 1537 842 1605 fuisse
880 1556 910 1592 α
944 1541 1266 1608 sapientibus
1319 1562 1384 1598 ex
1415 1544 1610 1615 fabulis
1637 1555 1689 1600 et
1728 1563 1894 1615 para-

304 1625 479 1690 bolis;
522 1628 666 1695 quod
717 1629 924 1684 iudicat.
984 1633 1193 1688 nullum
1244 1636 1293 1690 ei
1333 1635 1503 1692 fuisse
1560 1638 1886 1708 inscriptum

304 1715 606 1786 singularis
635 1721 875 1775 auctoris
907 1737 1126 1789 nomen,
1167 1726 1397 1795 jureque
1443 1727 1566 1782 ideo
1621 1745 1707 1783 me
1757 1730 1887 1783 illud

299 1809 563 1874 specimen
583 1813 857 1880 sapientia:
871 1812 1126 1869 Indorum
1148 1829 1371 1871 veterum
1392 1834 1709 1890 nuncupare
1730 1821 1890 1892 570

302 1903 568 1968 potuisse.
601 1906 702 1960 Sed
734 1907 801 1961 de
864 1908 952 1963 bis
1001 1908 1111 1978 jatu
1170 1910 1288 1980 plus
1347 1914 1521 1969 satis:
1582 1887 1686 1969 alia
1738 1887 1884 1971 enim
1921 1887 1962 1941 Β

301 2007 524 2050 vocant.

373 2085 783 2156 Καϐαλλάριοι
816 2107 868 2160 p.
899 2092 1022 2148 5'28.
1057 2093 1276 2152 Retinui
1315 2099 1605 2155 caballarii
1637 2101 1885 2157 vocabu-

298 2174 413 2226 lum
445 2175 498 2228 in
531 2179 803 2243 versione,
831 2181 1032 2237 idcirco
1061 2186 1208 2254 quod
1237 2188 1544 2243 existimavi
1588 2189 1732 2245 haud
1765 2193 1886 2247 sine

299 2281 466 2322 causa
491 2267 876 2342 Pachymerem
906 2276 1008 2331 ista
1039 2294 1170 2334 voce
1199 2280 1287 2334 hic
1318 2296 1472 2348 usum
1506 2284 1690 2353 potius
1723 2300 1910 2353 quam-

299 2358 404 2427 ipsi
447 2362 733 2418 notissima
765 2376 822 2419 et
851 2367 1010 2422 obvia
1050 2357 1281 2425 ἱτὶπέων.
1314 2370 1519 2442 Nempe
1556 2374 1885 2430 cabatlarim

297 2455 706 2509 consuetudine
730 2457 837 2524 jam
868 2469 983 2513 tum
1017 2461 1160 2516 illius
1205 2465 1466 2533 temporis
1519 2481 1628 2520 non
1665 2482 1885 2537 ,quem—

300 2543 434 2596 libet
462 2546 725 2614 equitem,
761 2550 857 2604 sed
879 2550 1148 2622 insignem
1183 2562 1236 2608 et
1270 2556 1590 2624 primarium
1616 2560 1878 2626 sonabat;

296 2641 532 2701 eratque
567 2636 659 2706 (id
700 2640 843 2707 quod
883 2640 1168 2712 hodieque
1215 2643 1268 2698 in
1323 2643 1506 2702 ltalica
1540 2647 1721 2718 lingua
1754 2650 1882 2703 inde

294 2719 522 2777 ductum
555 2728 907 2801 perseverat)
939 2730 988 2783 in
1013 2746 1078 2785 eo
1107 2735 1272 2789 verbo
1307 2735 1603 2792 nobilitatis
1633 2741 1879 2806 quaedam

298 2814 602 2883 emphasis,
648 2817 873 2874 minime
899 2823 1236 2878 conveniens
1266 2827 1433 2896 equiti
1474 2829 1744 2898 gregario.
1773 2830 1876 2883 lia-

294 2918 406 2970 que
441 2920 568 2959 cum
602 2907 800 2964 Noster
841 2911 1082 2983 ejusdem
1126 2917 1287 2985 hujus
1321 2918 1472 2973 initio
1513 2921 1706 2990 capitis
1737 2923 1880 2998 hunc

298 2999 354 3051 in
423 2999 647 3055 modum
712 3003 923 3070 scribit,
960 3003 1020 3059 '0
1047 3008 1413 3075 καὸαλλάριος
1451 3011 1689 3076 Ἀλέξιος
1737 3015 1877 3086 ἀνὴρ

295 3090 559 3156 γεννάδας
588 3094 682 3145 καὶ
729 3095 1008 3165 ἀνδρικὸς,
1043 3099 1433 3170 intelligendus
1485 3114 1570 3158 est
1614 3106 1736 3175 ejus
1777 3108 1874 3162 viri

2001 621 2203 676 Graecis
2239 623 2460 682 usitato.
2496 624 2731 696 Usurpat
2776 641 2831 684 et
2861 631 2987 686 alibi
3022 631 3216 689 Noster
3248 638 3579 693 καθοσίωςίν

2002 713 2103 767 hac
2128 715 2373 780 notione,
2402 716 2440 770 l.
2463 733 2512 781 v,
2536 732 2586 772 c.
2613 720 2678 775 19
2699 737 2712 773 :
2733 722 2841 775 Καὶ
2866 725 2925 776 τὸ
2948 726 3134 794 μεῖζον
3177 729 3457 800 ἐκρίνοντο
3482 736 3577 786 καὶ

2000 805 2078 867 εἰς
2125 805 2770 874 καθοσίωσιν;ειο.20;
2818 815 2960 868 Ἀλλ’
2981 820 3082 872 οὐκ
3129 819 3351 876 ἔπειθον
3399 824 3574 879 πολλὰ

1999 897 2380 968 λιπαροῦντες,
2414 902 2531 954 ἀλλ’
2567 905 2828 975 ἄντικρυς
2875 910 3154 979 ἐκρίνοντο
3181 918 3280 986 τῆς
3309 917 3446 986 πρὸς
3479 917 3579 988 βα-

2001 989 2154 1042 σιλέα
2209 993 2614 1059 καθοσιώσεως.
2650 998 2896 1070 Denique
2928 1012 2986 1056 ut
3015 1004 3117 1057 alia
3149 1007 3396 1062 omittam
3433 1011 3572 1076 loca,

1998 1081 2034 1133 Ι.
2070 1097 2138 1145 νι,
2165 1098 2214 1138 c.
2242 1085 2312 1139 ‘24
2341 1105 2353 1139 :
2393 1085 2732 1158 ’Υπαγαγὼν
2757 1093 3090 1165 (Μακάρων)
3119 1099 3245 1171 δίκῃ
3298 1101 3575 1156 καθοσιώ-

2000 1189 2140 1236 σεως
2190 1174 2265 1238 ὡς
2317 1178 2458 1242 ’τοὺς
2505 1179 2760 1247 δυτικοὺς
2796 1187 3064 1256 ἄρχοντας
3113 1193 3256 1244 κατᾶ
3303 1193 3574 1263 βασιλέως

1995 1263 2362 1336 διεγείραντα.

2069 1381 2272 1449 Κάνης
2302 1385 2439 1454 (l)p.
2468 1387 2596 1444 25L
2623 1389 2739 1444 Non
2765 1392 2989 1450 dubium
3021 1398 3152 1467 quin
3187 1400 3288 1455 hoc
3316 1401 3434 1456 loco
3461 1405 3577 1457 Κά-

1997 1493 2092 1544 νης
2131 1491 2326 1531 nomen
2356 1479 2426 1534 sit
2458 1481 2746 1552 principis,
2775 1501 2804 1538 a
2836 1503 2943 1555 quo
2976 1489 3154 1561 Nogas
3195 1508 3318 1547 cum
3361 1493 3578 1550 Tocha-

1996 1568 2069 1620 ris
2104 1567 2302 1623 missus
2329 1568 2503 1626 luerat
2532 1584 2585 1628 et
2612 1590 2641 1628 a
2673 1576 2834 1646 cujus
2866 1579 3131 1648 dominio,
3162 1595 3221 1638 ut
3253 1589 3415 1652 paulo
3445 1600 3574 1644 ante

1995 1657 2134 1712 dixit
2166 1658 2481 1726 historicus,
2519 1664 2756 1722 deiicere
2792 1670 3108 1741 incipiebat,
3139 1673 3296 1746 571
3333 1693 3459 1734 suas
3485 1697 3572 1736 res

1993 1757 2160 1816 agens
2204 1759 2256 1804 et
2289 1751 2392 1805 sibi
2426 1757 2647 1824 proprie
2686 1759 2970 1817 vindicans
3010 1779 3131 1833 qua:
3183 1768 3325 1822 bello
3377 1773 3569 1839 acqui-

1995 1840 2164 1896 rebat.
2193 1841 2258 1914 [P
2287 1843 2412 1916 592]
2442 1849 2632 1917 Agitur
2653 1865 2785 1921 ergo
2820 1852 2909 1908 hic
2931 1856 2997 1910 de
3031 1856 3380 1916 Tartarorum
3419 1864 3570 1933 prin-
3615 1873 3634 1900 ’κ

1992 1936 2132 2000 cipe,
2161 1937 2250 2003 qui
2283 1951 2513 2008 magnus
2561 1940 2738 1997 Canes
2773 1944 3044 2018 hodieque
3097 1953 3398 2022 appellatur
3421 1957 3568 2021 γῆξ».-

1992 2040 2018 2075 v
2043 2063 2055 2086 ,
2086 2026 2225 2084 c..5.
2279 2029 2538 2084 scribitur
2575 2031 2678 2088 hoc
2711 2038 3030 2093 vocabulum
3081 2058 3178 2111 per
3207 2063 3222 2097 ι
3255 2054 3308 2100 et
3335 2045 3567 2104 inﬂecti.

1992 2126 2080 2169 tur
2109 2118 2282 2183 Ko'm;
2309 2121 2558 2185 Κάνιδος.
2823 2147 2826 2151 '
2971 2124 2976 2127 ’

2060 2255 2344 2326 Κάστρον
2374 2275 2426 2329 p.
2460 2261 2584 2318 305.
2621 2265 2695 2320 De
2727 2267 2969 2326 Bai-luam
3007 2282 3062 2327 et
3087 2274 3272 2331 Tzuila
3326 2279 3566 2352 szcan-

1986 2347 2122 2402 datae
2147 2348 2217 2404 ab
2245 2351 2576 2421 imperatore
2607 2360 2922 2416 mandatum
2956 2364 3144 2430 refert,
3195 2347 3563 2444 ambos‘izpb;

1985 2439 2226 2493 Νικαιαν
2265 2444 2590 2515 ἀπαγαγὼν,
2642 2451 2746 2520 πρὸ
2771 2454 2865 2508 τοῦ
2920 2457 3002 2519 εἰς
3052 2459 3290 2531 κάστρον
3338 2439 3563 2535 sicura-

1986 2535 2127 2599 γεῑν,
2161 2539 2449 2608 στερῆσαι
2490 2541 2598 2593 τῶν
2642 2543 2966 2614 ὀφθαλμῶν.
3004 2551 3170 2607 Video
3202 2554 3290 2610 hic
3328 2558 3564 2630 κάστρον

1985 2641 2084 2694 pro
2109 2628 2226 2697 ipsa
2253 2630 2384 2684 urbe
2410 2633 2585 2688 Nicaea
2613 2646 2775 2705 poss'e
2808 2642 2982 2712 accipi
3003 2660 3016 2697 :
3041 2661 3164 2700 nam
3195 2646 3559 2717 Justiniauus,

1984 2716 2205 2774 Novella
2240 2722 2362 2788 128,
2401 2739 2590 2780 vocem
2640 2731 2878 2800 κάστρον
2912 2749 3265 2807 synonymam
3309 2744 3425 2797 voci
3461 2716 3558 2797 πόέ

1983 2811 2066 2875 λις
2106 2814 2321 2868 videtur
2361 2816 2629 2885 indicare,
2682 2823 2811 2878 dum
2846 2827 3036 2883 scribit
3092 2833 3150 2882 ἐν
3186 2837 3306 2897 ταῖς
3337 2835 3558 2907 πόλεσιν

1981 2906 2099 2973 ἦτοι
2145 2907 2427 2976 κάστροις.
2489 2909 2645 2976 Quod
2688 2916 2733 2968 si
2763 2917 3044 2986 recipitur,
3078 2938 3275 2979 sensus
3325 2927 3424 2981 loci
3463 2931 3554 2995 sit,

1975 2996 2206 3065 jussisse
2228 2998 2612 3070 imperatorem
2652 3011 2910 3063 exerce-ari
2939 3011 3278 3071 Barlaamum
3308 3028 3365 3073 et
3394 3019 3559 3076 Tzui-

1981 3087 2178 3142 lamin
2228 3091 2424 3147 itinere
2462 3095 2793 3167 {priusquam
2855 3101 3087 3159 Nicaeam
3147 3109 3439 3167 intrarent.
3491 3113 3558 3168 Et

296 3183 639 3238 nobilitatem
693 3186 1110 3259 claritatemque
1161 3191 1264 3246 isto
1316 3194 1538 3249 nomine
1601 3199 1869 3268 signasse.

1982 3191 2109 3234 sunt
2139 3184 2386 3251 exempla
2413 3185 2676 3243 similium
2707 3194 3348 3256 excaecationum-obiter
3387 3202 3556 3259 iacta-

290 3274 409 3329 Nec
444 3277 580 3330 mihi
612 3286 695 3332 est
734 3280 1057 3336 incredibile
1088 3293 1359 3340 trecentos
1384 3287 1605 3344 istosex
1633 3306 1698 3344 eo
1721 3295 1873 3361 equi-

295 3373 412 3417 tum
452 3381 653 3443 genere
703 3369 894 3436 fuisse,
923 3371 1015 3440 qui
1063 3388 1162 3427 usu
1197 3375 1357 3430 hodie
1393 3379 1599 3434 militiae
1654 3380 1873 3438 Gallica:

292 3457 542 3512 maiurer
582 3463 834 3531 magistri
880 3463 997 3528 ,dici
1056 3465 1272 3533 solent;
1327 3485 1558 3540 quorutn
1622 3474 1874 3530 videlicet

295 3553 672 3622 unusquisque
720 3555 854 3609 alios
913 3559 1124 3627 equites
1176 3561 1277 3616 snb
1329 3578 1387 3616 se
1445 3578 1719 3621 merentes
1765 3568 1869 3622 du-

288 3653 425 3708 ctat.

357 3736 766 3805 Καδδηνάλιοι
790 3757 844 3810 p.
873 3742 998 3798 209.
1032 3743 1108 3797 Ita
1137 3755 1455 3802 constanter
1483 3751 1742 3806 scribitur
1769 3753 1869 3808 hoc

289 3825 615 3882 vocabulum
648 3830 703 3883 in
738 3831 930 3923 tribus‘
947 3834 1102 3923 codd:
1136 3834 1328 3890 in'hoc
1361 3847 1415 3892 et
1454 3841 1572 3894 aliis
1600 3841 1762 3911 hujus
1787 3845 1867 3896 bi-

287 3918 472 3973 storite
525 3921 684 3990 locis,
739 3925 882 3978 unde
907 3909 1025 3980 bon
1068 3909 1283 3981 \iidetur
1321 3929 1678 3988 dubitandum
1731 3937 1864 4005 quin

288 4027 480 4068 vocem
511 4016 664 4071 nobis
699 4019 951 4074 usitatam
977 4023 1269 4078 cardinalis
1295 4026 1376 4080 sic
1406 4035 1538 4083 tunc
1558 4028 1729 4084 Graeci
1750 4031 1865 4086 suis

287 4104 483 4162 litteris
534 4111 925 4180 exprimerent.
980 4114 1089 4170 Nec
1122 4116 1176 4171 id
1217 4117 1596 4188 imputandum
1649 4123 1865 4194 ignora-

289 4195 426 4252 tioni
475 4199 593 4269 ejus
643 4203 868 4273 originis
920 4221 985 4260 ex
1029 4209 1292 4264 vocabulo
1323 4212 1504 4284 cardo.
1546 4212 1679 4268 Nam
1722 4221 1862 4274 hanc

286 4288 429 4344 haud
461 4293 698 4362 ignotam
733 4297 835 4350 sibi
879 4299 1118 4355 declarat
1151 4299 1512 4373 Pacbymeres
1533 4345 1549 4370 ,
1581 4307 1618 4360 l.
1651 4327 1700 4374 γ,
1727 4325 1778 4366 c.
1805 4292 1859 4377 8,

286 4381 374 4435 ubi
393 4383 813 4456 deimperatore
838 4392 1046 4460 scribit,
1081 4395 1189 4448 Καὶ
1221 4399 1423 4466 χρυσὸν
1455 4398 1692 4469 πέμπων
1726 4407 1860 4457 καδ-

282 4474 578 4543 δηναλίοις,
611 4481 930 4550 στρόφιγξιν
957 4485 984 4536 ὁ
1015 4484 1217 4556 Ἕλλην
1253 4487 1397 4541 εἴποι
1443 4489 1517 4552 ὡς
1553 4491 1724 4556 θύρας
1771 4495 1859 4546 οῦ-

1981 3287 2122 3338 runi,
2173 3284 2231 3326 ut
2270 3275 2513 3332 Basilaeii
2549 3280 2617 3334 ad
2666 3281 2847 3338 locum
2909 3285 3290 3358 Chlempinam
3347 3295 3552 3350 dictum

1977 3380 2146 3433 prOpe
2180 3366 2383 3423 fontem
2413 3371 2482 3426 ab
2519 3371 2624 3428 hoc
2658 3390 2787 3430 casn
2821 3377 3020 3435 deinde
3050 3385 3393 3441 nominatum
3422 3389 3554 3460 βρύα

1978 3472 2062 3519 σις
2096 3458 2450 3526 Βασιλακίου,
2485 3472 2543 3517 ιιι
2577 3465 2746 3521 refert
2777 3469 2934 3524 Anna
2984 3471 3288 3540 Comnena,
3320 3479 3357 3532 Ι.
3387 3496 3426 3534 ι.
3460 3458 3554 3537 His

1975 3558 2155 3603 tamen
2185 3554 2331 3619 apud
2378 3567 2466 3608 tne
2510 3555 2693 3611 obstat
2727 3559 2961 3627 primum
2989 3565 3132 3632 quod
3167 3569 3221 3621 in
3252 3568 3342 3624 illo
3375 3570 3550 3627 Justi-

1972 3643 2117 3695 niani
2137 3643 2255 3698 loco
2287 3646 2552 3713 particula
2576 3650 2694 3719 ἢτοι
2723 3667 2830 3706 non
2863 3657 3190 3724 expositive,
3216 3662 3312 3716 sed
3335 3663 3549 3740 disjunf

1969 3734 2114 3788 ctirc
2146 3736 2316 3789 videri
2348 3746 2527 3806 potest
2563 3753 2844 3811 usurpata,
2881 3756 2938 3800 et
2969 3749 3048 3802 sic
3082 3755 3418 3810 contrarium

1972 3827 2078 3879 tius
2133 3829 2426 3884 ostendet:
2468 3847 2664 3902 nempe
2717 3835 2900 3900 πόλεις
2945 3849 3001 3892 et
3041 3842 3256 3913 κάστρα
3301 3848 3548 3905 diversas

1969 3932 2056 3972 res
2086 3933 2225 3973 esse.
2265 3921 2470 3977 Deinde
2517 3927 2684 3993 quod,
2725 3939 3006 4000 utcunque
3040 3933 3179 3990 forte
3219 3940 3459 3998 minores
3489 3955 3545 3999 et

1967 4009 2268 4065 mediocres
2301 4012 2466 4067 urbes
2499 4025 2804 4071 castrorum
2840 4023 3100 4077 vocabulo
3131 4025 3427 4097 designata:
3455 4030 3540 4085 in-

1967 4102 2178 4154 terdum
2211 4102 2436 4170 fuerint,
2465 4105 2520 4159 id
2551 4116 2731 4161 tamen
2763 4125 2875 4164 non
2902 4112 3123 4168 videtur
3153 4117 3269 4171 ﬁeri
3299 4122 3544 4188 potuisse

1964 4190 2019 4244 in
2051 4190 2228 4246 NlCiI‘a
2260 4194 2391 4248 urbe
2417 4195 2669 4259 maxima,
2699 4208 2755 4252 et
2782 4217 2926 4269 quae,
2955 4203 3359 4265 dumaLatinis
3387 4214 3542 4268 Con-

1962 4283 2350 4353 stantinopolis
2380 4287 2690 4354 tenebatur,
2719 4290 2878 4346 sedes
2912 4291 3206 4353 Orienhlis
3227 4298 3542 4361 Graecorum

1961 4375 2179 4446 imperii
2215 4377 2404 4434 fuerit.
2439 4381 2684 4452 Denique
2718 4386 2863 4455 quod
2900 4403 3026 4443 cum
3069 4396 3387 4462 praecedens
3420 4415 3543 4468 par-

1963 4470 2208 4540 ticipium
2251 4473 2583 4542 ἀπαγαγών,
2617 4475 2971 4536 indieativum
3026 4487 3290 4553 ιιι-ωιοήιί
3334 4499 3543 4562 tempo-
3615 4507 3632 4524 ί

283 4579 383 4632 cr};
427 4566 524 4618 τοῦ
576 4567 796 4621 πάππα.
835 4571 934 4625 Ubi
970 4573 1122 4627 vides
1156 4591 1339 4631 vocem
1367 4580 1594 4632 cardinis
1629 4599 1684 4634 υ).
1700 4586 1856 4651 primi

1982 4563 2059 4628 'is,
2111 4565 2380 4636 signiﬁcet
2434 4567 2594 4648 prius
2632 4571 2898 4629 abductos
2952 4576 3188 4634 Nicmam
3227 4581 3367 4637 duos
3417 4585 3539 4642 illos

282 4657 474 4712 Graeco
518 4661 780 4717 vocabulo
813 4664 1164 4733 στρόφιγγος.

354 4753 734 4820 Καθοσίωσις
764 4770 816 4824 p.
850 4757 974 4811 284.
1010 4758 1403 4825 Καοοσιώσεως
1448 4764 1699 4835 ἔγκλημα
1746 4773 1858 4832 τοῖς

283 4843 418 4912 περὶ
460 4843 551 4896 τὸν
578 4845 1016 4914 Φραγγόπουλον.
1058 4849 1122 4902 lli
1154 4854 1393 4906 accusati
1423 4864 1568 4918 sunt,
1603 4869 1660 4909 ιιι
1711 4860 1856 4912 clare

279 4935 444 4988 docet
482 4945 676 4989 auctor
708 4935 761 4990 in
812 4940 1302 5008 consequentibus,
1352 4947 1749 5014 conjurationis
1802 4953 1853 5003 in

280 5027 692 5096 imperatorem,
723 5047 883 5100 quem
927 5033 1232 5089 interﬁcere
1263 5037 1636 5100 decreverant,
1667 5052 1724 5095 ut
1752 5047 1853 5111 ipsi

273 5120 409 5176 fassi
449 5130 599 5176 sunt.
632 5123 772 5178 Hinc
804 5124 1125 5195 intelligitur
1161 5128 1416 5199 ἔγκλημα
1471 5132 1852 5197 καθοσιώσεως

274 5212 383 5266 dici
438 5215 645 5268 crimen
696 5215 836 5270 laesa:
870 5219 1193 5286 maiestatis,
1223 5230 1278 5275 et
1326 5222 1544 5289 quidem
1578 5225 1630 5276 in
1679 5241 1852 5294 primo

275 5305 481 5372 capite,
534 5316 591 5359 ut
636 5307 813 5361 solent
851 5309 1020 5377 loqui.
1067 5312 1149 5364 Ad
1202 5311 1303 5365 hoc
1349 5311 1696 5367 indi-aridum
1731 5318 1851 5369 idco

273 5391 726 5454 accommodatur
759 5400 1142 5464 xaeooubcsw;
1181 5406 1526 5469 vocabulum,
1570 5404 1696 5474 quia
1729 5409 1850 5460 vita:

273 5507 637 5562 personaeque
663 5494 971 5564 principum
999 5511 1279 5551 ressacra:
1317 5509 1459 5560 sunt,
1491 5515 1626 5565 quas
1651 5499 1849 5552 violare

270 5583 618 5654 sacrilegium
653 5588 888 5640 immane
914 5587 1005 5641 sit.
1041 5585 1192 5642 Unde
1221 5590 1416 5658 passim
1448 5592 1717 5659 majestati
1748 5595 1848 5643 im-

268 5684 586 5742 peratorum
641 5677 928 5745 capulatur
962 5679 1276 5747 adjunctum
1337 5673 1502 5735 sacrm
1530 5700 1542 5746 ;
1573 5691 1623 5735 ct
1663 5697 1848 5733 eorum

341 5858 420 5926 (Ι)
454 5858 539 5912 Cf.
579 5857 825 5913 Glossar.
857 5859 1012 5913 alter.
1053 5877 1099 5912 ν.
1133 5861 1322 5921 Κάνις.

598 5962 868 6023 Partica.
916 5963 1032 6022 Gn.
1078 5957 1315 6021 CXLlll

1963 4673 2126 4724 quam
2153 4671 2582 4727 excaecarentur,
2621 4664 2671 4717 id
2707 4675 2918 4722 tantum
2954 4669 3158 4726 factum
3210 4675 3413 4730 debere
3462 4670 3534 4732 vii

1961 4749 2157 4804 deatur
2193 4751 2419 4821 intelligi
2452 4755 2767 4825 priusquam
2810 4759 2864 4813 in
2910 4776 3095 4818 arcem
3147 4765 3264 4821 sive
3299 4769 3537 4840 κάστρον

1962 4852 2235 4911 perpetua:
2261 4845 2520 4898 custodiae
2544 4847 2791 4916 ipsorum
2824 4852 3158 4909 destinatum
3187 4857 3529 4916 includeren-

1961 4946 2069 4987 tur.
2101 4933 2268 4990 Docet
2299 4949 2479 4990 autetn
2507 4937 2704 4993 Noster
2729 4942 2854 4996 alibi
2885 4944 3074 5000 Nicaea:
3113 4949 3279 5005 fuisse
3308 4953 3360 5004 in
3394 4953 3538 5010 hunc

1960 5038 2115 5076 usum
2137 5025 2413 5080 castellum
2440 5040 2625 5083 eontra
2648 5032 2752 5083 vim
2789 5035 3079 5102 munitum,
3108 5041 3251 5106 quod
3291 5043 3381 5110 qui
3409 5046 3537 5098 sub~

1961 5113 2146 5174 issent,
2181 5130 2370 5169 eorum
2425 5118 2492 5171 de
2533 5120 2858 5176 liberatione
2945 5127 3026 5178 vel
3079 5129 3302 5186 verbum
3350 5135 3535 5188 dicere

1954 5204 2184 5257 capitale
2225 5207 2384 5273 foret,
2421 5212 2562 5264 unde
2601 5211 2790 5284 εἱρκτὴ
2837 5214 3007 5287 λήθης
3051 5237 3233 5274 carcer
3261 5225 3532 5279 oblivionis

1958 5303 2270 5363 vocabatur,
2303 5301 2367 5352 ad
2410 5318 2569 5371 quam
2604 5321 2788 5359 vocem
2815 5323 2936 5376 qlia:
2966 5313 3351 5369 annotavimus
3390 5317 3529 5382 vide,

1954 5390 1995 5440 si
2034 5393 2165 5442 tanti
2195 5402 2275 5444 est
2305 5392 2405 5458 (2).

2025 5502 2222 5555 [ι’ἑλλα
2245 5521 2296 5572 p.
2319 5505 2442 5558 215.
2493 5507 2729 5570 Ἐκεῖνος
2759 5511 2805 5576 (ὁ
2837 5514 3213 5584 πατριάρχης)
3251 5516 3533 5586 Ἀρσένεος

1953 5595 2117 5656 εὐθὺς
2172 5601 2269 5664 τὴν
2325 5597 2522 5650 κελλαν
2580 5601 2970 5672 ὑποδυόμενος.
3024 5605 3170 5661 Cella
3213 5623 3342 5681 ergo
3379 5611 3532 5664 cubi-

1952 5684 2131 5738 culum
2164 5685 2487 5740 diciturnon
2520 5693 2915 5746 monachorum
2954 5695 3155 5764 solum,
3188 5697 3285 5755 sed
3315 5709 3367 5752 et
3400 5699 3532 5753 alio-

2027 5868 2101 5935 (2)
2135 5866 2217 5921 (2f.
2247 5864 2495 5924 Glossar.
2523 5868 2680 5924 alter.
2713 5885 2760 5925 v.
2797 5870 3064 5944 Κάστρον.

3077 5971 3150 6031 33
