3992 6562
463 406 607 471 1035

1374 402 1453 464 -P.
1486 380 1794 462 pessmt
1833 399 2488 469 OBSERVATIONUM
2528 406 2674 469 LIB.
2719 406 2768 466 Ι.

3495 430 3505 436 ’
3584 407 3707 478 1036

458 538 577 579 rum
607 540 620 576 :
653 534 779 575 nam
828 515 1135 589 patriarcha
1188 524 1317 575 tunc
1361 530 1470 572 non
1506 515 1720 573 videtur
1759 515 1815 572 in
1851 530 2040 573 mona-
2070 526 2112 583 Α
2136 517 2382 587 jucunde
2437 520 2713 576 audirent.
2762 519 2843 577 Ad
2892 518 3186 577 blanditias
3232 519 3597 579 titillationem
3653 534 3703 580 et

455 614 621 671 sterio
650 613 842 667 fuisse.

528 705 898 773 Κιλιύδριον
916 719 969 772 p.
991 701 1119 758 270.
1147 699 1411 756 Cellutum
1426 699 1585 759 verti.
1608 700 1702 756 Est
1723 697 2034 764 κιλλύόριον

454 795 874 867 ὑποκοριστικόν
909 794 963 848 in
999 793 1165 847 tertio
1215 790 1603 849 diminutionis
1652 790 1847 863 gradu.
1891 789 2032 848 Puto

454 901 634 945 autem
664 887 955 959 signiﬁcari
987 885 1244 940 sacellum
1294 883 1382 939 cui
1435 883 1690 953 adjuncta
1741 893 1886 940 esset
1931 883 2034 940 do-

455 982 733 1037 mttncula.
782 980 838 1035 Id
896 978 1091 1034 suadet
1120 977 1330 1033 mentio
1365 976 1426 1034 S.
1474 975 1702 1037 Nicolai,
1737 976 1823 1030 cui
1855 975 2030 1033 dicata

456 1074 709 1129 videlicet
739 1082 885 1126 esset
923 1068 1172 1125 aedicula.
1219 1066 1357 1123 Nota
1391 1078 1477 1124 est
1523 1082 1589 1123 ex
1642 1066 2032 1125 vetustissimis

453 1165 822 1237 scriptoribus
864 1163 1009 1218 cella:
1032 1163 1322 1232 usurpatio
1363 1176 1462 1231 pro
1504 1162 1625 1216 loco
1660 1160 1910 1231 religioso
1936 1176 2033 1215 cu-

447 1262 687 1331 juspiam
721 1258 888 1313 cultui
922 1257 1123 1311 dicato.
1318 1303 1323 1306 .

520 1353 735 1409 Κελτοί
761 1366 814 1421 p.
852 1350 976 1407 486.
995 1347 1153 1405 Unde
1181 1354 1367 1402 essent
1399 1345 1453 1400 lti
1476 1345 1568 1416 qui
1593 1344 1728 1399 Celti
1758 1344 2028 1401 vocaban-

453 1460 541 1505 tur
579 1444 1080 1516 Constantinopoli,
1112 1443 1270 1498 docet
1314 1440 1615 1497 Vaticanus
1645 1441 2026 1513 paraphrastcs

450 1540 596 1596 hunc
631 1542 807 1594 locum
845 1539 924 1595 sic
973 1535 1326 1609 exprimens:
1362 1532 1525 1607 572
1573 1534 1680 1589 Τὸν
1728 1532 1787 1585 δὲ
1848 1531 2025 1584 Κότυν

448 1637 561 1697 τοῖς
604 1631 951 1701 Ἀλαμάνοις
974 1628 1098 1690 δοὺς
1128 1625 1514 1697 κρεμαννύειν,
1548 1632 1659 1680 etc.
1695 1621 1836 1694 Ergo
1881 1620 2021 1681 Celti

448 1722 767 1795 Pachymeri
797 1720 1054 1776 dicuntur
1084 1717 1397 1773 Alamanni.

476 1808 487 1817 ’
517 1817 708 1883 Κέρας
741 1828 795 1885 p.
828 1812 955 1867 524.
994 1810 1153 1867 Κατὰ
1183 1809 1276 1863 τὸν
1328 1809 1524 1883 λιμένα
1549 1807 1611 1861 τὸ
1651 1805 1838 1879 Κέρας
1888 1806 2022 1860 ἁπο-

448 1877 643 1975 sed;
683 1877 847 1977 ⁷ψῖιός.
906 1904 1029 1973 Agit
1081 1902 1148 1957 de
1200 1877 1412 1959 Joanne
1462 1877 2022 1977 Lazorum‘principe
2054 1877 2095 1933 Β

445 1973 975 2064 Constantinopolim
1010 1991 1321 2063 appellente
1352 1990 1418 2044 ad
1468 1973 1686 2061 portum
1725 1986 1889 2043 Ceras
1934 1987 2018 2040 di-

370 2092 381 2097 ’
445 2100 614 2144 ctum.
649 2071 1107 2141 ΚὸλιιτονκεὶιιιιιῐιΙ
1143 2081 1385 2150 appellat
1432 2078 1752 2149 Procopius,
1810 2079 1899 2133 l.t
1949 2076 2024 2131 De

449 2181 691 2251 wdiﬁciis
720 2219 736 2244 ,
768 2191 821 2232 c.
851 2176 907 2242 5,
935 2174 1200 2244 origitwm
1233 2172 1399 2226 etiam
1437 2170 1677 2224 nominis
1726 2169 1974 2225 indicans
2005 2184 2021 2223 :

450 2272 621 2343 Ἀμφὶ
670 2269 760 2322 τὸν
803 2267 1029 2331 κόλπον,
1072 2264 1170 2327 ait,
1223 2263 1363 2333 ὅπερ
1407 2263 1592 2332 Κέρας
1634 2262 1686 2313 οἱ
1734 2259 2023 2331 ἐπιχώριοι

446 2362 732 2433 Κεροέσσῃ
761 2360 827 2429 τῇ
868 2355 1142 2420 Βύζαντος
1204 2352 1374 2423 μητρὶ
1411 2350 1515 2432 τοῦ
1565 2351 1664 2419 τῆς
1711 2351 1919 2413 πόλεως
1948 2350 2026 2403 ol-

445 2452 641 2509 κιστοῦ
695 2442 1004 2519 ὲπωντιμως
1035 2443 1283 2499 καλοῦσι.
1321 2440 1436 2499 Hoc
1481 2451 1567 2496 est
1600 2455 1668 2495 ex
1709 2455 1850 2495 nova
1898 2455 2024 2494 ver-

446 2549 604 2602 sione
649 2540 858 2597 Claudii
913 2536 1183 2592 Maltreti:
1232 2532 1387 2589 Circa
1423 2534 1594 2586 sinum
1649 2531 1714 2587 ab
1763 2531 2022 2601 indigenis

444 2638 639 2691 dictum
678 2633 865 2696 Ceras,
905 2631 968 2683 de
1009 2622 1216 2682 uimine
1252 2626 1517 2680 (leroesste
1555 2624 1740 2677 matris
1769 2620 2041 2693 Byzantir

443 2730 531 2798 qui
567 2727 745 2780 urbem
775 2722 1026 2777 condidit.

514 2816 599 2888 μ’.
643 2812 771 2885 395]
828 2810 1128 2866 ιιλέπτειν
1180 2821 1235 2875 p.
1285 2806 1415 2861 552.
1446 2803 1589 2861 Inter
1625 2804 1816 2860 sordes
1861 2804 2022 2859 cralis

441 2905 646 2963 Serbian
682 2910 935 2958 numerat
960 2900 1210 2954 illautunt
1239 2905 1294 2951 et
1328 2897 1739 2965 tumultuarium
1760 2890 2019 2963 cibatum,

442 2999 591 3054 nulla
623 2996 890 3053 munditie
927 3005 1262 3056 mensarum,
1295 2990 1449 3044 nullo
1481 2990 1677 3044 ordine
1704 2988 2020 3055 ministerii,

440 3091 657 3150 cunctis
696 3104 797 3159 pro
842 3101 902 3142 se
958 3098 1177 3156 quoque
1224 3084 1487 3138 aviditate
1519 3082 1825 3144 venatoria,
1861 3081 2020 3151 quid-

440 3183 575 3254 quid
598 3182 750 3251 quasi
792 3178 981 3233 furtim
1026 3176 1398 3245 arripuerunt,
1435 3174 1782 3229 vorantibus.
1830 3171 2019 3227 Talem

439 3272 729 3345 quamdam
768 3269 997 3324 subesse
1043 3265 1308 3336 intelliget
1359 3266 1639 3320 notionem
1668 3263 1840 3319 verbo
1891 3262 2017 3318 κλέ-

439 3381 597 3420 πτειν
640 3370 746 3418 boc
783 3360 904 3415 loco
942 3358 1147 3429 posito,
1181 3359 1227 3412 si
1261 3360 1386 3427 quis
1435 3366 1677 3412 mentem
1726 3353 2017 3412 sententia

440 3452 809 3529 perspexerit.

510 3544 817 3616 Κλίμακος
852 3558 906 3612 p.
934 3541 1061 3597 ιη.
1101 3540 1222 3595 Non
1272 3536 1758 3595 dubitavi'latine
1800 3548 2014 3593 vertere

438 3642 616 3697 scalas
669 3643 946 3707 equestres,
997 3634 1100 3689 hoc
1154 3641 1258 3696 est,
1312 3645 1378 3686 ex
1429 3644 1697 3702 equorum
1743 3628 2013 3699 ephippiis

441 3731 697 3798 utrinque
724 3724 1015 3797 pendulas,
1044 3723 1336 3781 recentiori
1371 3720 1652 3791 equitandi
1694 3719 2009 3790 disciplina.

438 3820 572 3889 Nam
610 3817 847 3875 heroicis
887 3813 1224 3885 temporibus
1269 3811 1492 3869 Graeciae
1527 3811 1781 3881 Latiique
1808 3811 2012 3868 insrru-

438 3923 686 3968 ntentum
716 3909 863 3964 istud
891 3921 1001 3977 quo
1060 3902 1615 3975 pedesequitantium
1646 3902 2008 3965 sustinentur,

438 4019 543 4058 usu
570 4002 839 4074 ignotum,
874 4012 1075 4053 nomen
1107 4011 1217 4051 non
1269 3995 1480 4052 habuit.
1533 3994 1754 4051 Postera
1782 4001 1913 4049 tetas
1955 4001 2012 4048 et

440 4109 555 4148 rem
585 4104 640 4147 et
668 4089 992 4147 vocabulum
1035 4086 1266 4143 invenit.
1295 4084 1497 4143 Graecis
1534 4084 1756 4154 quidem
1791 4081 2012 4139 citerio-

439 4188 521 4239 ris
568 4184 669 4237 ερνί
719 4182 775 4237 id
820 4180 1118 4242 αναεολεύς
1150 4179 1358 4234 dictum
1408 4186 1515 4245 est,
1570 4174 1779 4233 Latinis
1839 4174 2011 4235 scala.

442 4279 736 4347 Utriusque
775 4274 931 4330 testis
960 4271 1180 4336 Suidas,
1211 4269 1537 4332 Ἀναὸολεὺς
1558 4270 1636 4334 δὲ,
1657 4268 1933 4338 inquiens.
1973 4267 2007 4336 ἡ

437 4372 592 4439 παρα
628 4364 918 4435 Ῥωμαιοις
958 4358 1235 4433 λεγομένη
1253 4361 1452 4427 σκάλα.
1493 4359 1571 4419 Ex
1602 4374 1711 4429 quo
1743 4359 2010 4419 vocabulo

440 4476 568 4516 suas
624 4458 715 4515 hic
775 4457 1053 4527 κλίμακας
1085 4454 1459 4524 Pachymeres
1490 4454 1671 4511 traxit.
1717 4452 1826 4509 Res
1858 4454 2005 4511 enim

2139 610 2518 681 γαργαλισμόν
2558 612 2750 669 referri
2782 611 3202 683 proverbialiter
3228 628 3258 669 a
3279 614 3558 669 veteribus
3588 616 3705 671 stti-

2137 714 2347 758 cturam
2374 703 2745 761 auricularum
2775 701 2992 761 atl‘rictu
3032 704 3297 775 pinnulae,
3328 705 3700 761 demonstrare

2135 796 2444 861 accuratius
2476 797 2655 855 debeo
2702 806 2929 867 propter
2955 812 3179 855 causam
3208 813 3372 868 quam
3407 813 3535 857 mox
3571 801 3703 855 refc-

2136 903 2274 947 ram.
2306 888 2584 947 Lucianus
2608 888 2748 944 libro
2784 889 2926 957 Περὶ
2969 890 3285 960 ὀρχήσεως
3324 906 3438 945 non
3475 891 3628 962 longe
3671 908 3700 945 a

2134 978 2403 1049 principio
2453 979 2737 1039 Cratinum
2788 981 3000 1041 inducit
3042 991 3458 1041 sucoensentent
3504 981 3702 1055 Lyc'nm

2131 1071 2278 1137 quod
2311 1070 2533 1129 sederet
2558 1072 2616 1127 in
2645 1072 2863 1129 theatro
2889 1083 3144 1145 spectans
3190 1074 3456 1131 saltantes
3495 1083 3700 1129 etcum

2133 1162 2410 1232 voluptate
2448 1164 2680 1223 audiens
2714 1166 2970 1225 tibiarum
3019 1175 3219 1227 cantus
3276 1175 3332 1223 et
3360 1168 3604 1225 molliunt
3640 1186 3702 1224 ac

2131 1252 2459 1308 lascivorum
2487 1255 2797 1313 carminum
2834 1272 3042 1319 sonos:
3098 1258 3358 1331 Κάθησαι
3406 1259 3704 1314 καταυλού-

2130 1358 2291 1408 μενος
2315 1342 2609 1414 Θηλυδρίαν
2628 1346 2915 1419 ἄνθρωπον
2928 1349 3073 1419 ὀρῶν
3091 1349 3281 1420 ἐσθῆσι
3306 1350 3584 1419 μαλακαῖς
3604 1353 3701 1403 καὶ

2128 1434 2365 1504 ᾅσμασιν
2398 1437 2721 1504 ἀκολάστοις
2750 1438 3216 1512 ἐναϐρυνόμενον,
3241 1442 3337 1496 καὶ
3364 1422 3702 1515 μιμούμενον

2125 1525 2367 1593 ἐρωτικὰ
2413 1525 2575 1601 573
2621 1526 2821 1597 γύναια
2859 1529 2972 1584 τῶν
3004 1530 3197 1593 πάλαι,
3220 1528 3317 1594 τὰς
3362 1533 3701 1603 μαχλοτάτας

2124 1618 2358 1689 Φαίδρας
2416 1620 2511 1673 καὶ
2560 1621 2917 1691 Παρθενόπας
2969 1622 3064 1676 καὶ
3098 1621 3355 1684 Ῥοδόπας
3402 1622 3579 1687 τινας,
3612 1626 3705 1678 καὶ

2123 1711 2295 1765 ταῦτα
2346 1712 2526 1767 πάντα
2562 1713 2670 1767 ὑπὸ
2702 1714 3016 1785 κρούσμασι
3066 1715 3163 1771 καὶ
3208 1716 3568 1786 τερετίσμασι
3608 1719 3703 1771 καὶ

2124 1801 2299 1854 ποδῶν
2316 1801 2413 1883 κτθύ
2424 1819 2528 1872 πῳ,
2549 1810 2657 1860 etc.
2674 1803 2811 1859 Tum
2835 1807 2998 1874 paulo
3020 1815 3139 1873 post
3159 1823 3175 1858 :
3193 1808 3444 1878 Κάθησαι
3461 1808 3529 1863 τὰ
3542 1809 3703 1880 ὃμονα

2125 1891 2411 1956 πεπονθὼς
2430 1897 2543 1957 τοῖς
2571 1894 2640 1948 τὰ
2667 1887 2782 1948 ὧτα
2812 1895 2999 1967 πτερῷ
3031 1897 3359 1978 κνωμένοις.
3380 1900 3456 1954 E'x
3503 1901 3703 1969 quibus

2125 1979 2412 2038 manifeste
2445 1991 2633 2052 patet:
2662 1984 2852 2039 audire
2893 2001 3015 2040 cum
3071 1987 3347 2055 voluptate
3397 1989 3701 2043 cantilenas

2124 2084 2178 2127 et
2228 2088 2587 2133 numerosum
2632 2076 2922 2146 strepitum
2982 2078 3323 2144 saltantium,
3379 2081 3701 2151 caeterisqne

2124 2165 2341 2225 aurium
2358 2166 2604 2223 \deliciis
2636 2166 2799 2233 allici,
2822 2185 2852 2223 a
2895 2169 3138 2226 Luciano
3167 2171 3275 2225 dici
3304 2172 3416 2242 pati
3466 2188 3584 2230 rem
3622 2175 3701 2227 si-

2127 2257 2309 2314 milem
2341 2258 2408 2313 iis
2436 2259 2636 2329 quibus
2658 2260 2919 2317 auriculae
2947 2276 3126 2331 penna
3160 2265 3527 2332 stringuntur.
3560 2264 3701 2319 Con—-

2124 2349 2372 2405 ﬁrmatur
2403 2351 2455 2407 id
2505 2352 2687 2423 ipsum
2721 2352 3032 2408 evidentius
3079 2369 3146 2409 ex
3178 2354 3287 2411 alio
3316 2356 3561 2427 ejusdem
3596 2356 3696 2410 Lu-

2121 2442 2266 2497 ciani
2292 2441 2432 2507 loco,
2460 2442 2516 2497 in
2549 2443 2689 2498 libro
2719 2443 2854 2514 Περὶ
2883 2443 3138 2514 διαϐολῆς
3174 2443 3250 2500 De
3282 2446 3575 2512 calumnia,
3606 2449 3697 2502 ubi

2122 2532 2201 2587 ait
2234 2549 2249 2587 :
2283 2527 2416 2588 Οἶδα
2439 2534 2570 2602 γοῦν
2598 2550 2750 2597 τινας
2777 2533 2951 2600 οὕτως
2984 2535 3153 2611 ἡδέως
3198 2536 3696 2607 γαργαλιζομένους

2119 2624 2189 2677 τὰ
2228 2617 2342 2679 ὦτα
2393 2624 2498 2678 ὑπὸ
2540 2623 2651 2678 τῶν
2706 2623 2970 2678 διαϐολῶν
3031 2624 3223 2697 ὥσπερ
3302 2627 3430 2691 τοὺς
3477 2631 3693 2697 πτεροῖς

2121 2717 2457 2785 κνωμένους.
2499 2714 2621 2771 Scio
2650 2716 2815 2787 igitur
2842 2718 3099 2788 quosdam
3141 2725 3253 2773 tam
3295 2719 3530 2775 suaviter
3561 2720 3694 2775 deli-

2123 2810 2225 2863 niri
2243 2809 2423 2864 solitos
2442 2811 2629 2865 auditu
2657 2798 3069 2872 calumniarum,
3094 2819 3151 2865 ut
3174 2811 3213 2863 ii
3232 2811 3419 2881 quibus
3441 2814 3693 2867 auricula

2120 2917 2292 2969 penna
2336 2901 2691 2973 stringuntur.
2725 2892 2853 2956 llaec
2902 2899 3180 2956 all‘erenda
3218 2902 3531 2957 testimonia
3582 2902 3695 2956 fne-

2123 3002 2272 3058 runt,
2304 3002 2363 3047 ut
2394 2992 2910 3064 interpretationem
2945 2994 3112 3067 hujus
3143 2991 3560 3064 Pachymeriani
3588 2995 3692 3048 loci

2120 3093 2364 3139 nostram
2397 3092 2679 3140 tueremur
2727 3085 2995 3142 adversus
3023 3086 3354 3142 contrariam
3390 3086 3445 3141 ci
3473 3096 3691 3142 senten-

2122 3174 2250 3230 tiam
2288 3176 2662 3248 paraphrastee
2697 3174 2971 3243 Vaticani,
3005 3177 3098 3248 qui
3139 3194 3239 3248 pro
3285 3178 3370 3233 ltis
3396 3194 3517 3249 quae
3546 3179 3685 3248 apud

2120 3275 2370 3323 nostrum
2423 3277 2705 3325 auctorem
2744 3270 2799 3324 in
2832 3268 3048 3326 duobus
3080 3270 3304 3340 optimis
3338 3271 3620 3327 codicibus
3655 3270 3691 3323 Β

2117 3357 2241 3414 etA
2294 3358 2550 3433 leguntur
2577 3359 2646 3417 de
2698 3360 3008 3432 patriarcha
3065 3368 3121 3416 et
3168 3361 3425 3418 Patribus
3477 3365 3686 3433 synodi,

2118 3447 2334 3518 Πτερῷ,
2376 3448 2438 3501 τὸ
2467 3448 2562 3502 τοῦ
2614 3448 2802 3518 λόγου,
2825 3450 2894 3504 τὰ
2942 3445 3057 3506 ὦτα
3090 3452 3391 3520 κνωμένοις
3423 3450 3681 3521 ἐῴκεσαν,

2112 3540 2193 3592 sit:
2254 3539 2465 3595 reddit:
2503 3543 2566 3595 Ol
2622 3541 2680 3595 δὲ
2737 3542 2843 3595 οὐδ’
2886 3542 3078 3614 ἄκροις
3124 3536 3231 3596 ὠσὶ
3278 3544 3511 3599 ἀκοῦσαι
3548 3547 3688 3616 ἠνεί-

2113 3646 2293 3700 χοντο.
2324 3631 2411 3686 Illi
2443 3645 2620 3686 autem
2652 3650 2715 3687 ne
2739 3627 2957 3687 summis
3010 3634 3221 3705 quidem
3252 3635 3472 3690 auribus
3503 3640 3686 3691 audire

2111 3722 2453 3781 sustinebant.
2504 3723 2799 3794 Perperam
2834 3724 3083 3789 omnino,
3138 3734 3198 3780 ut
3247 3740 3393 3795 saepe
3442 3727 3598 3791 alias,
3635 3738 3686 3780 ct

2113 3821 2304 3867 contra
2336 3815 2578 3871 auctoris
2628 3823 2865 3870 mentem
2922 3815 3137 3885 locique
3172 3816 3525 3882 sententiam,
3566 3835 3683 3888 que

2112 3904 2275 3974 plane
2328 3906 2500 3975 exigit
2547 3905 2638 3963 hic
2671 3899 2900 3978 intélligi
2960 3908 3327 3977 patriarcbam
3379 3919 3436 3965 et
3474 3911 3684 3980 cpisse-

2111 4012 2232 4066 pos,
2261 3993 2506 4071 [9.3941
2535 4006 2591 4054 ut
2621 3997 2936 4071 imperatori
2967 3999 3423 4069 gratiﬁcarentur,
3474 4002 3560 4058 oui
3590 4004 3711 4066 οιν-Δ

2111 4087 2308 4141 sistere
2342 4100 2446 4141 non
2479 4098 2756 4158 poterant,
2814 4089 3102 4145 simulasse
3137 4105 3197 4144 se
3232 4091 3468 4146 libenter
3493 4093 3680 4146 audire

2108 4177 2254 4246 quod
2285 4179 2330 4233 is
2366 4179 2703 4250 proponebat
2752 4179 2821 4239 de
2848 4180 3082 4236 ineunda
3119 4198 3243 4235 cum
3293 4181 3505 4237 Latinis
3526 4200 3678 4252 pace,

2109 4284 2232 4324 cum
2262 4285 2448 4324 revera
2484 4271 2631 4326 intus
2653 4271 2706 4326 in
2749 4270 2933 4327 animo
2958 4273 3011 4328 id
3035 4283 3423 4328 aversarentur
3452 4286 3504 4331 ct
3548 4291 3681 4328 non-

2110 4360 2217 4414 nisi
2238 4360 2611 4431 perfunctorie
2634 4362 2906 4429 andirent,
2930 4365 3183 4418 intimum
3209 4373 3265 4420 et
3299 4381 3486 4420 verum
3513 4368 3676 4420 animi

2108 4466 2329 4506 sensum
2363 4454 2667 4525 exprimere
2711 4469 2817 4509 non
2849 4455 3133 4518 audentes,
3172 4470 3273 4509 nec
3315 4456 3452 4511 adeo
3483 4457 3537 4511 id
3586 4475 3679 4511 ne-

438 4554 636 4607 clamat
675 4550 793 4620 ipsa
837 4561 1005 4618 agere
1053 4546 1203 4602 illum
1243 4546 1314 4603 de
1358 4534 1674 4616 stapedibus
1724 4548 1845 4600 sive
1886 4555 2007 4613 _sta-
2038 4558 2081 4613 ι)
2109 4544 2406 4599 cessarium
2460 4554 2739 4615 putantes,
2789 4547 2932 4616 quod
2963 4548 3305 4605 conﬁderent
3339 4566 3451 4605 rem
3482 4554 3547 4604 ad
3581 4568 3674 4605 et-

436 4643 595 4713 pedis
646 4650 741 4695 aut
780 4637 993 4709 stapiis,
1032 4652 1170 4708 quas
1210 4636 1424 4693 subices
1462 4637 1738 4707 pedaneos
1772 4635 2004 4690 Budaeus

2108 4646 2340 4691 tremum
2375 4647 2632 4695 Successu
2672 4640 2993 4694 carituram.
3026 4638 3121 4695 llis
3152 4642 3548 4697 ex‘occasionc
3583 4646 3680 4697 ad-

436 4736 592 4790 dixit.
644 4733 757 4805 Ego
812 4733 970 4791 scalae
1016 4746 1241 4799 nomen,
1293 4730 1610 4787 testimonio
1651 4729 1834 4791 Suidaa
1879 4737 2004 4785 ante
2103 4729 2324 4801 jungam
2383 4731 2558 4788 locum
2611 4731 2655 4786 ll
2729 4732 2796 4787 ad
2832 4729 2975 4787 Tim.
3027 4748 3115 4799 tv,
3149 4734 3203 4799 5,
3239 4733 3327 4788 ubi
3365 4734 3426 4788 lit
3473 4728 3675 4788 meum

437 4828 607 4886 multa
629 4827 740 4896 iam
776 4823 976 4883 sarcula
1002 4824 1058 4879 in
1093 4823 1197 4879 hac
1223 4823 1447 4881 notione
1482 4821 1692 4879 Latinis
1720 4821 2004 4888 usitatum,

436 4919 696 4991 κλίμαξιν
729 4916 1172 4989 Pachymeriatnis
1212 4916 1513 4986 rependere
1549 4914 1735 4970 debui.
1781 4912 1877 4970 Est
1908 4929 2005 4971 au-

436 5028 546 5068 tem
592 5012 730 5066 ratio
778 5010 836 5067 in
884 5015 1138 5080 promptu
1187 5023 1287 5065 cur
1314 5007 1491 5077 stapia
1538 5006 1683 5067 scala
1716 5007 1863 5063 dicta
1910 5008 2005 5073 sit,

437 5106 587 5178 quod
633 5103 888 5160 videlicet
945 5101 1293 5158 inscendenti
1349 5114 1553 5170 equum
1584 5100 1792 5157 homini
1849 5100 2008 5155 scala:

437 5198 612 5251 vicem
641 5204 880 5264 presset.
1850 5262 1855 5265 ι

506 5288 807 5357 [irruperat
839 5301 892 5356 p.
927 5283 1053 5343 568.
1088 5282 1302 5353 Πτερῷ,
1341 5283 1404 5334 τὸ
1437 5281 1532 5336 τοῦ
1564 5282 1851 5350 λόγουμτᾶι
1891 5275 2007 5335 ὦτα

434 5382 735 5453 κνωμένοις
759 5378 1024 5449 ἐῴκεσαν.
1055 5375 1246 5442 Erant,
1282 5374 1476 5444 inquit,
1520 5374 1832 5444 patriarcha
1874 5384 1928 5429 et
1955 5374 2007 5429 ei

434 5476 756 5530 assistcntes
791 5469 1060 5541 episcopi,
1110 5467 1175 5522 ad
1215 5467 1555 5523 mentionem
1597 5465 1733 5534 ipsis
1761 5465 2008 5519 reconci-

435 5568 676 5627 liationis
708 5578 833 5617 cum
889 5562 1083 5621 Latina
1117 5558 1358 5615 Ecclesia
1418 5557 1636 5623 factam,
1686 5557 1895 5611 similes
1943 5557 2009 5612 iis

433 5659 635 5729 quibus
670 5654 912 5713 auricula
964 5667 1155 5723 pennae
1182 5649 1396 5706 atirictu
1442 5646 1550 5702 leni
1584 5647 1894 5716 stringitur,
1927 5659 2007 5703 et-

434 5752 483 5806 si
514 5764 700 5804 revera
733 5748 784 5801 id
815 5746 992 5799 obiter
1018 5753 1073 5797 et
1106 5740 1500 5811 perfunctorie,
1548 5753 1656 5791 non
1692 5749 1897 5803 autem,
1950 5748 2009 5793 ut

434 5842 606 5898 videri
636 5836 1300 5909 volehattt,grattticantes
1330 5832 1667 5900 imperaturi,
1695 5832 1927 5886 ltbenter
1955 5845 2010 5887 et

1379 6078 1408 6109 ς

2109 4829 2390 4884 hominum
2418 4826 2764 4897 κνηθομὲνων
2777 4826 2874 4895 τὴν
2901 4826 3092 4895 ἀκοήν,
3138 4826 3241 4880 hoc
3273 4837 3380 4891 est,
3403 4835 3460 4881 ut
3493 4829 3674 4898 vulgu-

2109 4930 2196 4975 tus
2222 4919 2496 4990 eleganter
2535 4917 2714 4979 vertit,
2767 4916 3116 4983 prurientium
3164 4917 3413 4981 auribus,
3433 4916 3677 4969 ἰσοδυνας

2111 5015 2230 5083 μεῖν
2287 5012 2412 5066 huic
2466 5000 2732 5065 enarrata:
2786 5010 2891 5064 hoc
2921 5008 3041 5064 loco
3102 5007 3347 5063 formulae
3387 5024 3450 5063 ex
3493 5023 3675 5062 mente

2109 5102 2382 5174 llesycbii.
2422 5099 2557 5155 Nam
2604 5101 2650 5155 is
2685 5100 2773 5155 ubi
2831 5100 3173 5170 exposuisset
3218 5099 3541 5169 κνηθόμενοι
3581 5101 3676 5165 τὴν

2107 5194 2301 5263 ἀκοήν,
2333 5208 2431 5262 per
2465 5192 2578 5246 haec
2615 5191 2782 5249 verba
2814 5193 2836 5247 ε’
2858 5188 3157 5260 Ζητοῦντές
3199 5206 3254 5243 τι
3293 5190 3519 5243 ἀκοῦσαι
3555 5192 3674 5241 mo'

2109 5286 2321 5355 ἡδονήν,
2369 5292 2658 5357 quwreutes
2710 5282 2915 5353 aliquid
2967 5282 3153 5341 audire
3181 5265 3279 5335 ‘ad
3336 5281 3672 5347 voluptatem,

2110 5389 2294 5446 postea
2326 5377 2593 5445 κνώμενοι
2621 5375 3013 5446 interpretatur
3031 5375 3379 5445 aequivalenti
3414 5373 3674 5427 vocabulo

2109 5467 2454 5539 κνηθόμενοι.

2178 5565 2485 5630 Κόκκοίρ.
2522 5562 2649 5618 489.
2685 5560 2836 5627 Quos
2874 5560 3019 5615 dicat
3048 5556 3134 5613 hic
3162 5555 3522 5629 Pachymeres
3541 5555 3674 5617 Coc-

2110 5668 2194 5705 cos
2228 5636 2552 5715 monachos,
2612 5651 2906 5705 Vaticanus
2949 5649 3065 5703 inse
3122 5648 3341 5701 videtur
3390 5646 3676 5717 ignorasse

2112 5744 2498 5812 parapln'astes
2525 5761 2536 5795 :
2571 5758 2695 5795 nam
2733 5742 2834 5794 hoc
2864 5739 3092 5792 verbum
3128 5737 3358 5791 omisit:
3390 5745 3443 5788 ιιι
3476 5743 3677 5789 caetera

2114 5839 2226 5889 lere
2265 5848 2384 5904 qum
2435 5849 2544 5887 non
2595 5834 2837 5895 intelligit
2899 5830 3171 5886 transilire
3233 5828 3536 5886 consuerit.
3599 5830 3677 5882 λι)
