3992 6574
297 433 429 548 mar

1646 489 1691 547 Ο
1704 487 1923 548 LOSSA
1937 490 1985 548 Β
2000 491 2160 552 ίυΜ.

3391 494 3528 560 1038

293 597 574 672 proprium
608 595 660 652 id
696 609 894 652 nomen
925 593 1344 666 putem,.obstat
1384 607 1648 651 numerus
1680 614 1694 652 :
1731 610 1855 648 nam

1994 615 2056 652 ua
2089 602 2233 670 loqui
2268 601 2372 654 ἀπὸ
2415 604 2620 666 κοιλίας
2657 606 2873 672 φωνεῖν,
2925 607 3277 674 provet'biali,
3311 610 3534 677 Opinor.

293 707 410 763 quae
448 689 591 744 ratio
628 688 831 758 patitur
860 695 921 742 ut
950 687 1107 741 multi
1137 687 1363 740 nomine
1391 701 1499 740 uno
1544 686 1695 741 velut
1730 701 1853 754 pro-

294 781 413 852 prio
440 780 550 835 sint
585 778 667 835 nsi
690 780 713 828 *Ι
737 792 804 831 an
852 777 1140 848 peculiaris
1187 777 1430 846 quasdam
1463 777 1854 830 monachorum

297 872 553 928 sodalitas
588 871 689 925 hoc
711 868 990 925 vocabulo
1023 869 1307 939 designata
1346 875 1449 931 est,
1479 867 1559 922 sic
1591 865 1728 921 forte
1759 881 1858 934 ap-

298 965 622 1038 pellatorum
657 976 688 1017 a
731 962 916 1017 colore
966 961 1131 1033 vestis
1171 946 1490 1017 coccineum
1540 957 1862 1028 praeferente

298 1059 619 1130 quippiam?
670 1057 729 1113 Id
781 1057 1004 1128 quidem
1076 1054 1431 1126 suspicabar;
1493 1062 1547 1108 et
1608 1050 1866 1107 fult-iebat

297 1156 669 1224 conjecturam
697 1150 841 1222 quod
870 1149 1056 1205 statim
1083 1148 1450 1220 subjungitur,
1483 1147 1731 1202 fortassis
1763 1161 1827 1196 ex
1848 1174 1864 1186 .

303 1249 559 1319 positive,
587 1248 681 1301 καὶ
707 1247 834 1310 τοὺς
866 1246 988 1300 κατ’
1013 1245 1242 1311 ἐκεῖνον,
1272 1245 1416 1314 quod
1446 1243 1572 1298 licet
1605 1242 1871 1310 interpre-

307 1339 408 1394 tari
453 1347 503 1393 et
539 1354 625 1393 eos
665 1337 753 1408 qui
787 1337 928 1391 circa
989 1335 1165 1401 illum,
1209 1348 1406 1402 nempe
1461 1333 1868 1401 imperatorem,

307 1442 490 1488 erant.
522 1430 642 1485 Non
679 1430 869 1501 paucis
906 1429 1071 1500 hujus
1102 1426 1343 1482 historiae
1376 1426 1530 1489 locis,
1565 1424 1865 1494 praesertim

301 1523 577 1593 capitibus
605 1523 640 1576 2
665 1532 721 1576 et
753 1520 818 1577 18
865 1520 1094 1585 libriiv,
1127 1519 1287 1575 video
1319 1518 1543 1573 indicari
1575 1514 1868 1584 .losephum

306 1625 432 1669 ante
487 1613 915 1684 patriarchatum
969 1612 1148 1666 adhuc
1200 1609 1554 1664 monachum
1589 1605 1867 1660 assiduum

303 1708 473 1763 fuisse
491 1705 634 1776 apud
660 1706 1074 1774 imperatorem,
1104 1703 1370 1772 adeoque,
1391 1699 1554 1772 574
1571 1699 1716 1769 quod
1743 1697 1868 1752 hinc

302 1800 576 1870 sequitur,
611 1797 664 1850 in
695 1796 893 1867 palatio
909 1794 1470 1863 diversatum,utique
1501 1807 1610 1844 non
1633 1790 1809 1845 solum
1856 1806 1868 1841 :

304 1905 430 1944 nam
461 1899 517 1943 et
557 1888 629 1942 illi
661 1885 958 1942 adhaesisse
991 1885 1073 1940 sui
1107 1883 1342 1940 instituti
1378 1881 1606 1937 comites
1637 1896 1868 1950 pronum

304 1991 391 2037 est
412 1979 652 2044 creditu,
682 1987 737 2033 et
776 1977 1038 2033 fratribus
1070 1985 1164 2031 aut
1193 1975 1318 2030 ﬁliis
1358 1971 1706 2042 imperatoris
1743 1970 1878 2024 alios

309 2075 612 2129 monachos
634 2070 867 2127 similem
895 2083 1121 2140 operam
1165 2081 1396 2122 navasse
1427 2080 1532 2118 non
1566 2075 1649 2118 est
1679 2063 1880 2116 iuveri-

313 2165 521 2220 simiie.
553 2161 696 2226 Quid
726 2161 772 2217 si
816 2161 1110 2232 opinemur
1138 2159 1238 2214 hos
1267 2157 1421 2228 quasi
1461 2155 1734 2227 palatinos
1761 2169 1880 2208 mo-

308 2258 538 2323 nachos,
572 2257 738 2311 etiam
778 2265 838 2310 ut
887 2262 1112 2309 exteros
1139 2251 1335 2307 domus
1370 2247 1527 2320 regiae
1562 2248 1872 2327 ministros,

309 2351 546 2406 vestitus
570 2349 753 2418 aliquo
782 2361 982 2418 genere
1015 2354 1109 2399 aut
1143 2343 1327 2399 colore
1357 2359 1387 2396 a
1434 2338 1648 2396 caeteris
1674 2338 1884 2394 discre-

311 2455 418 2506 tos,
447 2432 684 2501 κέκκὸυς
725 2438 1000 2508 μοναχούς
1033 2446 1276 2502 vocatos,
1322 2434 1550 2490 forsitan
1573 2430 1720 2500 quod
1754 2445 1879 2483 coc-

311 2539 537 2590 cineum
570 2533 777 2602 aliquid
823 2529 1142 2601 gestarent?
1168 2528 1282 2600 Ego
1321 2538 1500 2582 tamen
1531 2526 1734 2594 ἐπέχω,
1763 2524 1882 2593 plus

316 2628 459 2682 lucis
491 2627 547 2678 in
579 2625 681 2679 hac
723 2622 954 2693 caligine
1005 2621 1278 2681 alicunde,
1320 2619 1364 2674 si
1414 2617 1554 2673 forte
1603 2615 1879 2685 afi'ulgcat,

280 2730 290 2737 '
311 2715 607 2788 opperiens
627 2715 723 2785 (i).
1515 2767 1519 2770 ,

386 2809 644 2863 Κόλυϐα.
683 2807 746 2861 L.
781 2822 830 2860 vi
865 2805 1050 2860 titulus
1083 2819 1134 2858 c.
1165 2803 1231 2858 12
1289 2803 1368 2857 sic
1405 2802 1601 2866 habet,
1635 2799 1714 2852 Τά
1750 2817 1885 2866 συμ-

311 2903 488 2957 ϐάντα
515 2902 828 2970 πατριάρχῃ
867 2898 953 2952 διὰ
993 2897 1090 2967 τὴν
1139 2895 1248 2948 τῶν
1282 2895 1526 2948 κολύὸων
1556 2894 1880 2958 ἀποστολήν.

313 2997 617 3051 Vaticanus
643 2993 930 3059 κολύμϐων
949 2991 1114 3061 legit;
1141 2988 1466 3059 quiquidem
1488 2988 1593 3042 hoc
1625 2985 1744 3041 loco
1772 2999 1883 3036 non

313 3086 639 3142 describens
664 3093 963 3147 auctorem,
988 3081 1082 3136 sed
1102 3095 1256 3134 more
1277 3094 1378 3133 suo
1400 3077 1678 3132 liberrime
1705 3091 1885 3145 παρα-

315 3179 568 3250 φράζων,
592 3176 671 3231 sic
698 3175 935 3231 scribit”:
961 3174 1071 3236 ,Ἐν
1102 3175 1214 3234 τοῖς
1248 3170 1595 3239 ἐκπώμασιν,
1624 3163 1736 3222 οἷον
1779 3169 1886 3220 τῶν

316 3269 542 3341 χαλκῶν
578 3269 845 3332 πινάκων,
894 3265 950 3320 αἱ
981 3265 1078 3318 τὸν
1105 3263 1266 3332 ἑφθὸν
1300 3266 1444 3317 σῖτον
1474 3263 1753 3332 φέρουσιν,
1810 3261 1885 3321 ὡς

317 3361 636 3436 (legendum
675 3367 806 3431 puto
840 3358 921 3425 ὃν)
959 3358 991 3427 ἠ
1023 3356 1260 3426 συνήθης
1281 3355 1495 3424 γλῶττα
1531 3352 1777 3422 κόλυμϐα
1801 3353 1890 3404 λέ-

317 3472 434 3524 γει.
473 3453 610 3508 ﬂinc
646 3451 911 3506 habemus
939 3447 1102 3518 ἑφθὸν
1145 3449 1287 3500 citur;
1317 3446 1500 3514 lingua
1537 3445 1724 3500 Graeca
1769 3445 1888 3497 tui-

317 3549 437 3620 gari
500 3543 754 3614 κόλυμὸα,
807 3543 1035 3598 dictum.
1099 3538 1203 3593 Sed
1257 3539 1443 3593 multis
1497 3536 1889 3606 experimentis

319 3648 604 3709 comperta
636 3637 770 3690 mihi
805 3636 968 3704 hujus
998 3633 1369 3704 paraphrastae
1394 3629 1754 3700 indiligentia,
1779 3644 1888 3682 non

322 3733 464 3788 satis
489 3731 566 3784 illi
618 3729 788 3784 fidere
823 3741 1071 3798 possunt,
1113 3733 1172 3778 ut
1207 3722 1448 3778 auctoris
1504 3721 1676 3789 ipsius
1715 3719 1888 3772 nostri

317 3824 542 3881 duobus
585 3819 993 3890 exemplaribus
1046 3816 1266 3887 optimis
1307 3813 1348 3868 B
1399 3822 1453 3870 et
1503 3815 1546 3867 A
1610 3812 1890 3882 probatam

321 3920 619 3974 lectionem
649 3915 812 3983 hujus
837 3909 1089 3967 vocabuli
1117 3923 1226 3963 non
1252 3907 1558 3978 praeferam,
1591 3908 1891 3974 praesertim

321 4025 450 4066 cum
481 4008 531 4064 ei
559 4007 736 4078 palam
766 4003 1094 4075 suffragetur
1126 4001 1344 4057 Suidas.
1379 3999 1524 4069 Lego
1556 3998 1718 4068 igitur
1737 3995 1894 4047 κολύ-

324 4102 466 4166 6ων,
498 4113 607 4153 non
664 4093 977 4164 κολύμσων,
1009 4102 1066 4147 et
1109 4105 1240 4145 voce
1270 4090 1475 4143 κόλυὸα
1513 4087 1776 4155 intelligo,
1813 4085 1892 4136 sie

321 4195 560 4248 docente
621 4188 808 4250 Suida,
849 4188 992 4238 σῖτον
1028 4183 1245 4254 ἑψητόν,
1294 4184 1616 4251 frumentum
1668 4188 1890 4231 coctum.

321 4285 699 4355 Pachymeres
731 4283 784 4334 in
815 4280 917 4334 hoc
951 4293 1000 4333 c.
1033 4280 1178 4331 σῖτον
1210 4276 1373 4344 ἑφθόν
1423 4281 1601 4338 vocat,
1637 4272 1800 4334 idem,
1837 4269 1890 4321 ni

324 4378 508 4441 fallor,
527 4374 672 4446 quod
701 4372 910 4442 antiqui
940 4371 1138 4424 molam
1179 4368 1464 4431 vocabant,
1497 4363 1657 4418 farris
1697 4375 1893 4429 nempe

325 4469 502 4527 moliti
551 4468 782 4522 farinam
820 4461 1056 4533 inspergi
1106 4459 1302 4516 hostiis
1334 4459 1570 4513 solitam.
1612 4454 1896 4525 Significat

322 4574 458 4630 ergo
483 4557 573 4611 hic
603 4555 754 4609 locus
780 4553 996 4607 solitum
1039 4560 1166 4604 tunc
1208 4546 1675 4613 Constantinopoli
1724 4545 1895 4597 fuisse

321 4627 550 4707 infesto
581 4647 928 4719 llypapantes
973 4642 1159 4698 offerri
1197 4639 1526 4711 patriarcha:
1562 4638 1736 4692 sacris
1763 4652 1891 4704 ope-
1928 4627 1968 4683 D

322 4743 470 4799 ranti
502 4741 717 4813 patinas
749 4729 939 4808 plenas
974 4737 1081 4790 isto
1139 4733 1285 4806 farre
1327 4739 1490 4798 tosto,
1523 4731 1725 4800 quibus
1768 4745 1891 4781 cmn

320 4839 469 4892 bene
515 4841 768 4904 precatus
814 4828 1042 4885 solemni
1080 4825 1460 4881 benedictione
1518 4823 1710 4877 fuisset
1753 4821 1894 4874 anti-

321 4937 464 4990 stes,
495 4941 573 4982 eae
605 4934 836 4979 utsacra
859 4921 1200 4991 apophoreta
1234 4915 1717 4972 distri'buebantur
1751 4929 1893 4983 prae-

323 5019 601 5080 sentibus,
635 5027 688 5071 et
719 5029 826 5069 una
856 5024 1046 5068 earum
1093 5009 1410 5064 mittebatur
1453 5007 1521 5062 ad
1565 5010 1893 5078 Augustum,

324 5125 495 5184 quam
523 5121 642 5162 mos
678 5113 796 5160 erat
822 5103 873 5157 ei
901 5100 1188 5172 prandenti
1241 5096 1429 5154 offerri
1462 5100 1564 5153 sub
1595 5095 1894 5152 secundam

328 5183 584 5258 mensam
635 5197 777 5250 inter
836 5191 1086 5248 bellaria.
1122 5189 1238 5245 Hoc
1289 5195 1488 5243 sonant
1548 5187 1664 5241 hare
1724 5183 1897 5239 nostri

327 5297 543 5354 verba:
569 5287 668 5344 Ὧν
688 5290 1018 5361 (patinarum
1050 5286 1304 5340 nimirum
1330 5296 1518 5338 earum
1549 5297 1682 5352 quas
1710 5282 1893 5332 ἐκπω-

333 5389 527 5460 μάτων
558 5381 817 5443 πλατείας
871 5375 1049 5445 vocat)
1079 5375 1154 5438 ὡς
1188 5375 1410 5444 ἀπαρχὴ
1442 5390 1526 5435 τις
1557 5374 1589 5442 ἡ
1632 5371 1897 5440 κρείττων

326 5479 412 5551 τῷ
441 5476 651 5549 βασιλεί
682 5472 992 5542 πρυσήγετο
1008 5467 1339 5537 ὲπιὸόρπιος.
1373 5464 1506 5519 Vide
1529 5477 1647 5533 qua:
1664 5462 1901 5516 dicimus

327 5573 502 5630 verbo
532 5569 780 5622 πλατεῖαι
809 5561 1176 5632 ἐκπωμάτων.

404 5663 492 5735 IP.
523 5659 652 5731 595]
698 5657 843 5712 Ἀπὸ
904 5654 1136 5718 κοιλίας
1170 5652 1394 5722 φωνεῖν
1429 5667 1479 5719 p.
1541 5650 1666 5704 579.
1733 5647 1898 5700 Vocat

329 5752 556 5826 propria
588 5748 918 5805 auctoritate
946 5745 1064 5799 sine
1094 5743 1292 5797 idoneo
1327 5741 1641 5795 testimonio
1667 5739 1716 5790 in
1736 5751 1898 5790 causa

405 5936 480 6008 (i)
509 5932 597 5989 Cf.
627 5930 871 5986 Glossar.
905 5929 1060 5993 alter.
1089 5944 1118 5982 v
1169 5927 1388 5980 Κόκκοι.

1914 1950 1952 2004 Β

1971 692 2202 747 formula
2258 706 2323 746 ex
2366 693 2430 748 iis
2469 695 2628 749 ducta
2681 709 2849 751 sacrae
2901 697 3197 768 Scriptura:
3230 699 3360 754 locis
3418 716 3537 769 quo

1972 783 2419 854 Pythonissarum
2473 786 2764 840 mulierum
2840 789 3306 859 ventriloquarum
3345 797 3539 847 memi-

1975 883 2177 930 nerunt
2221 877 2344 932 Aet.
2380 891 2491 944 xvr,
2528 876 2614 942 16,
2644 889 2697 933 et
2750 879 2770 932 l
2807 877 2935 950 Reg.
2972 898 3158 947 xxvtn,
3209 885 3298 939 ubi
3344 901 3441 955 pro
3473 905 3536 939 eo

1973 967 2120 1038 quod
2159 962 2630 1040 vulgatus'habet,
2667 989 2716 1026 v.
2747 972 2781 1027 5
2816 988 2826 1025 :
2857 972 2989 1027 Sauf
3019 975 3235 1030 abstulit
3269 995 3448 1048 magos
3491 994 3537 1032 (τι

1975 1061 2169 1113 ariolos
2198 1061 2269 1114 de
2288 1069 2451 1126 terra,
2485 1057 2626 1151 L‘XX
2672 1063 2858 1131 legunt
2914 1061 3158 1134 “aptans:
3212 1068 3339 1126 τοὺς
3376 1071 3541 1136 ἐγγα-

1977 1150 2331 1218 στριμύϐους,
2367 1150 2574 1206 sustulit
2612 1154 2980 1225 ventriloquos.
3012 1158 3166 1212 Etib.
3201 1174 3250 1214 ν.
3283 1161 3334 1222 7,
3371 1161 3545 1216 Dixi:-

1977 1259 2075 1312 que
2103 1241 2238 1297 'Sauf
2257 1235 2414 1298 servis
2446 1246 2556 1300 suis
2591 1263 2606 1300 :
2634 1247 2867 1311 Quwrite
2891 1249 3016 1303 mihi
3045 1251 3312 1306 mulierem
3345 1256 3541 1316 haben-

1979 1345 2080 1388 tem
2123 1335 2426 1406 Pythonem.
2465 1335 2626 1404 LXX,
2653 1341 2932 1410 Ζητήσατέ
2985 1361 3075 1410 μοι
3123 1348 3354 1410 γυναῖκα
3381 1348 3539 1414 ἐγγε-

1984 1425 2298 1498 στριμυθον.
2343 1429 2581 1500 Spiritus
2635 1434 2808 1488 malus
2859 1436 2952 1504 qui
2991 1437 3199 1505 Python
3250 1441 3544 1494 vocabatur

1981 1520 2203 1574 nomine
2225 1524 2388 1576 ducto
2421 1537 2449 1576 a
2485 1521 2674 1577 G‘rzcco
2734 1526 2898 1579 verbo
2928 1527 3191 1580 πυθέσθαι
3249 1543 3312 1583 ex
3348 1529 3549 1582 πυνθά-

1983 1612 2190 1672 νεσθαι,
2224 1613 2366 1681 quod
2405 1601 2681 1682 respousa
2721 1611 2929 1679 ederet,
2986 1617 3226 1673 Hebra‘is
3283 1620 3400 1674 loco
3459 1622 3551 1672 illo

1981 1721 2030 1757 c.
2061 1718 2229 1758 xxvut
2291 1704 2412 1759 libri
2469 1705 2786 1760 [Samuelis
2830 1706 2991 1778 575
3053 1720 3275 1763 vocatur
3297 1720 3393 1769 nix
3427 1710 3548 1772 0b,-

1987 1810 2106 1864 quae
2151 1810 2255 1851 vox
2315 1796 2440 1851 libri
2483 1796 2586 1853 Job
2619 1812 2668 1854 c.
2700 1812 2874 1864 xxxn,
2902 1801 2993 1864 20,
3029 1810 3204 1854 utrem
3257 1801 3548 1873 significat,

1983 1891 2108 1960 quia
2139 1889 2346 1945 scilicet
2372 1889 2585 1945 dmmon
2621 1890 2719 1946 iste
2755 1892 3027 1947 insidebat
3087 1903 3332 1947 ventrem
3391 1894 3548 1947 fana-

1984 1973 2215 2037 tiearnm
2256 1980 2505 2046 istarum,
2540 1998 2605 2037 ex
2637 1997 2813 2052 eoque
2847 1984 2900 2036 in
2927 1985 3144 2038 modum
3190 1987 3329 2040 utris
3361 1984 3547 2038 ἱηῆηιο

1983 2090 2145 2128 voces
2164 2074 2469 2137 emittebat,
2505 2090 2642 2144 quas
2667 2073 2815 2128 stulti
2855 2076 3203 2130 consulentes
3233 2093 3330 2145 pro
3351 2091 3546 2131 oracie-

1983 2165 2048 2219 lis
2084 2164 2378 2221 habebant.
2439 2164 2578 2220 Hinc
2635 2181 2754 2234 quae
2787 2165 2911 2234 quis
2961 2167 3180 2236 proprio
3213 2183 3377 2222 sensu
3428 2169 3549 2221 sine

1985 2257 2249 2326 majorum
2290 2257 2621 2311 auctoritate
2672 2256 2984 2324 affirmaret,
3030 2259 3137 2310 ἀπὸ
3185 2257 3390 2321 κοιλίας
3440 2278 3549 2328 φω-

1983 2353 2090 2402 νεῖν
2117 2349 2430 2420 Pachymeri
2458 2350 2673 2404 dicitur.
3534 2405 3541 2413 ,

2054 2441 2274 2496 Κοινόν
2315 2459 2368 2511 p.
2399 2439 2523 2498 280.
2559 2441 2698 2494 Ὑπὸ
2733 2442 2883 2509 τόμῳ
2913 2439 3076 2511 κοινῷ
3104 2441 3374 2509 γεγονότι.
3404 2440 3544 2493 Cave

1987 2544 2149 2603 putes
2195 2533 2355 2603 κοινῷ
2403 2533 2725 2602 adjunctum
2778 2533 2865 2586 hic
2907 2547 3030 2586 esse
3085 2532 3323 2586 nominis
3372 2533 3546 2598 τόμῳ.

1986 2625 2082 2680 Est
2134 2624 2278 2679 enim
2326 2624 2502 2678 κοινόν
2555 2634 2810 2680 neutrum
2861 2623 3287 2687 substantivnm,
3345 2633 3545 2676 coetum

1988 2733 2333 2771 communem
2373 2727 2426 2770 et
2471 2731 2670 2785 corpus
2723 2715 3040 2770 universum
3089 2715 3551 2782 Constantinopo-

1988 2810 2139 2864 litani
2172 2808 2301 2863 clcri
2334 2809 2387 2862 in
2421 2821 2587 2860 unum
2620 2815 3006 2876 congregatum
3067 2804 3397 2874 significans,
3455 2820 3554 2855 no-

1989 2899 2401 2978 tioneIantiqnis
2431 2899 2591 2953 etiam
2643 2897 2866 2952 usitata.
2895 2894 3037 2961 Quid
3067 2900 3139 2950 sit
3184 2904 3367 2949 autem
3405 2896 3552 2948 hunc

1987 3002 2318 3049 conventum
2344 2992 2528 3046 haberi
2547 2991 2649 3044 ὑπὸ
2679 2990 2829 3061 τόμῳ
2850 2989 2944 3044 sub
2971 2999 3132 3050 tomo,
3155 2987 3370 3043 dicetur
3389 2992 3553 3042 verba

1985 3086 2178 3154 τόμος.
2210 3083 2341 3140 Vide
2369 3084 2527 3137 etiam
2576 3097 2657 3138 ναι
2677 3084 2802 3138 bum
2832 3081 3166 3153 ὑποψήφιος.

2057 3176 2418 3240 Κοινωνικός
2448 3192 2501 3244 p.
2535 3175 2658 3230 578.
2701 3174 3028 3236 Κοινωνικὺς
3057 3172 3113 3226 δὲ
3140 3167 3280 3227 εἶναι
3326 3175 3389 3243 τῇ
3434 3174 3554 3226 Ἐκ-

1918 3297 1959 3352 c
1993 3270 2211 3340 κλησίᾳ.
2245 3268 2338 3324 Sic
2366 3269 2596 3337 loquens
2642 3266 2852 3322 Veccus
2891 3281 3000 3321 non
3054 3280 3117 3320 ea
3175 3267 3559 3348 communione

1991 3379 2049 3419 se
2081 3337 2437 3433 conjunctutn
2495 3357 2751 3414 Ecclesiae
2799 3359 2950 3426 dicit,
2979 3375 3085 3436 qua
3115 3337 3342 3427 quilibet
3394 3358 3558 3413 Chri-

1992 3456 2224 3519 stianus,
2275 3454 2437 3508 etiam
2493 3452 2685 3516 laicus,
2723 3452 2770 3506 ei
2823 3452 3086 3517 adhicret,
3129 3453 3224 3507 sed
3259 3451 3360 3506 alia
3392 3468 3552 3521 peco-

1995 3542 2134 3607 liari,
2165 3541 2529 3610 ascriptorum
2554 3539 2700 3595 clero
2728 3541 2970 3611 propria,
3000 3550 3055 3595 ct
3083 3543 3440 3612 proventibus
3466 3558 3558 3596 ec-

1993 3632 2314 3688 clesiasticis
2353 3645 2419 3686 eo
2476 3630 2699 3686 nomine
2739 3632 3204 3702 participantium.
3237 3632 3358 3700 Quo
3388 3637 3559 3704 perti-

1994 3735 2128 3779 nent
2161 3725 2444 3795 superiora
2471 3724 2556 3777 his
2586 3724 2836 3794 contigua
2877 3725 3119 3794 ejusdem
3171 3725 3328 3780 Vecci
3358 3727 3556 3780 verba:

1996 3816 2164 3881 Αὐτὸς
2197 3817 2304 3887 γὰρ
2339 3817 2554 3886 ἕτοιμος
2579 3813 2718 3870 εἶναι
2753 3818 2847 3870 καὶ
2870 3818 3122 3886 ὀφφξκιον
3147 3817 3439 3870 ἀποθέσθαι
3463 3826 3556 3871 καὶ

1996 3909 2179 3960 πᾶσαν
2212 3908 2428 3973 ἀφεῖναι
2476 3908 2574 3976 τὴν
2621 3909 2754 3976 πρὸς
2789 3907 2950 3960 αὐτὸν
2988 3908 3270 3976 πρόσυδον.
3331 3907 3559 3962 Videtur

1994 4000 2201 4070 aliquid
2237 3999 2397 4054 hodie
2449 3999 2626 4054 simile
2676 3999 2730 4053 in
2767 4016 2868 4054 usu
2935 4001 3098 4055 curia:
3139 3998 3418 4060 Romanae,
3469 4002 3558 4054 ubi

1995 4092 2191 4146 notarii
2247 4093 2464 4160 quidam
2499 4093 2780 4161 apostolici
2839 4093 3218 4160 partiripantes
3277 4092 3556 4157 dicuntur,

1997 4199 2117 4252 quae
2179 4197 2280 4237 vox
2341 4187 2672 4246 κοινωνικοῖς
2717 4188 3028 4252 respondet,
3082 4186 3146 4238 ad
3195 4186 3557 4240 differentiam

1995 4276 2245 4331 aliorum.
2517 4339 2520 4344 ,
2983 4335 2989 4338 _

2071 4367 2524 4432 Κονοσταῦλος.
2562 4369 2652 4422 Sic
2693 4371 2882 4423 scribit
2931 4369 3130 4439 passim
3189 4371 3292 4424 hoc
3325 4371 3562 4423 voeabu-

1999 4463 2109 4515 lum
2169 4461 2553 4533 Pachytnercs,
2618 4463 3148 4531 pronuntiationem,
3211 4472 3266 4516 ut
3316 4472 3562 4532 apparet,

1999 4552 2362 4613 Francorum,
2398 4574 2422 4605 a
2455 4555 2656 4622 quibus
2691 4554 2741 4608 id
2793 4569 2992 4607 nomen
3028 4553 3198 4609 Graeci
3254 4569 3559 4623 sumpsere,

2003 4644 2227 4713 propius
2262 4652 2583 4696 assectatus.
2619 4643 2692 4696 illi
2725 4643 2871 4696 enim
2895 4642 3196 4707 t'ortestable
3225 4642 3364 4696 hanc
3389 4643 3565 4712 iligni-

2003 4746 2167 4790 tateru
2203 4745 2419 4788 vocant.
2457 4735 2641 4799 Etsic,
2672 4745 2728 4789 ut
2759 4745 2841 4788 est
2874 4735 3156 4798 credibile,
3193 4744 3323 4788 tunc
3348 4749 3564 4802 quoque

2003 4845 2097 4896 per
2126 4827 2428 4892 Orientem,
2460 4828 2551 4880 ubi
2579 4827 2732 4879 multi
2777 4827 3154 4890 versabantur,
3193 4823 3561 4894 proferebant.

2004 4919 2114 4973 Hoc
2144 4919 2546 4972 admonendum
2576 4919 2774 4978 visum,
2806 4917 3061 4986 quoniam
3083 4915 3172 4969 alii
3206 4917 3365 4984 longe
3405 4916 3561 4968 aliter

2001 5011 2054 5062 id
2079 5025 2278 5064 nomen
2317 5009 2572 5072 efferunt,
2609 5021 2756 5062 etne
2783 5008 3009 5076 quisme
3035 5006 3087 5058 in
3123 5006 3373 5060 versione
3395 5020 3566 5059 cono-

2002 5103 2236 5157 staulum
2268 5102 2493 5159 reddere
2527 5101 2772 5154 miretur.

2073 5191 2300 5256 Κόντος
2335 5207 2388 5260 p.
2427 5190 2547 5244 181.
2600 5187 2802 5243 Vocem
2857 5187 3091 5248 comitis,
3145 5196 3203 5240 ut
3245 5185 3560 5256 dignitatem

2003 5291 2176 5344 n0tat,
2236 5280 2597 5351 scriptoribus
2631 5280 2834 5334 citima:
2869 5278 3152 5334 vetustatis
3199 5279 3404 5342 tritam,
3460 5275 3566 5330 Pa»

2002 5376 2287 5442 chymeres
2323 5371 2410 5424 hic
2441 5369 2718 5439 exprimit,
2752 5379 2912 5438 prout
2943 5368 3104 5439 vulgo
3136 5368 3473 5439 pronuntiari
3499 5369 3568 5421 ab

2005 5463 2152 5518 Italis
2183 5462 2414 5527 solebat,
2467 5471 2638 5524 conto,
2687 5470 2781 5514 aut
2820 5471 2878 5515 ut
2909 5460 3136 5515 effertur
3166 5459 3327 5514 hodie
3371 5469 3516 5514 conte
3545 5475 3569 5525 ;

2002 5557 2145 5627 quod
2178 5558 2366 5610 Grasce
2408 5537 2591 5607 κάντον
2622 5554 2801 5609 reddit
2841 5565 2895 5608 et.
2922 5569 3021 5608 nos
3062 5562 3270 5606 contum
3295 5552 3568 5619 expressi-

2004 5664 2145 5703 mus.
2181 5646 2313 5702 liem
2351 5657 2529 5699 autem
2562 5646 2731 5716 ipsam
2784 5639 3177 5715 quod'attinet,
3231 5643 3330 5697 etsi
3362 5640 3568 5710 Pachy-

2008 5755 2180 5794 meres
2213 5739 2410 5807 pasrim
2448 5738 2684 5806 iniquior
2707 5739 2911 5793 Latinis
2943 5747 3149 5791 rentius
3181 5737 3344 5802 hunc,
3369 5733 3570 5803 dequo
