3992 6556
419 415 543 485 ιοςι

1796 415 2303 477 GLOSSARIUM.

3525 407 3656 477 10.3

413 533 720 600 imperante
751 532 1039 586 Anastasio
1075 532 1336 603 Augusto,
1375 548 1434 588 ex
1475 519 1741 606 Cyzicena
1773 527 1900 589 sedc
1925 536 1978 588 in
2012 540 2050 592 Α
2080 527 2220 602 ἦσαν
2261 547 2275 582 :
2307 529 2566 584 Similiter
2587 537 2763 581 autem
2800 537 2848 582 et
2880 525 3335 580 illuminat/tutum
3371 534 3417 578 et
3471 528 3659 580 Meliti-

415 622 1074 693 Constantinopolitanam
1110 634 1194 679 est
1229 627 1543 680 translatus.
1579 627 1892 695 lmpellebat
1914 625 1980 680 ad

419 713 498 768 sic
524 713 860 782 opinandum
886 716 1092 769 mentio
1121 717 1464 786 antiquitatis
1496 719 1578 772 bis
1614 719 1718 772 hoc
1740 719 1862 773 loco
1896 734 1981 772 re-

421 804 608 872 petita,
633 805 789 873 quasi
811 805 1058 860 indicans
1080 805 1409 861 Germanum
1439 808 1584 862 hunc
1619 808 1980 876 patriarcham

417 909 620 948 novum
663 910 728 950 ex
770 895 1262 954 ultimavetustate
1297 898 1545 968 exempla
1603 909 1660 954 et
1713 911 1980 970 praecepta

418 987 774 1044 emendandae
805 989 1061 1044 Ecclesiae
1087 989 1214 1044 inde
1239 1005 1411 1060 usque
1429 991 1496 1045 ab
1525 993 1659 1047 actis
1685 1001 1738 1047 et
1764 993 1982 1062 scriptis

417 1079 590 1135 sancti
625 1078 880 1133 Germani
905 1095 1186 1157 accer‘sere
1231 1081 1526 1136 studuisse.
1567 1082 1762 1136 Verum
1807 1099 1863 1136 re
1898 1093 1981 1136 at-

418 1171 626 1225 tentius
661 1173 1008 1226 considerata
1053 1174 1394 1242 probabilius
1425 1175 1732 1230 existimavi
1762 1177 1841 1245 agi
1881 1176 1983 1229 hoc

417 1261 540 1316 loco
569 1262 637 1316 de
681 1261 955 1318 Germano
998 1265 1157 1335 longe
1199 1266 1520 1322 recentioris
1583 1267 1858 1322 memoriae
1890 1283 1978 1336 pa-

415 1354 674 1421 triarcha,
701 1357 856 1425 cujus
877 1367 1104 1413 mortem
1129 1368 1182 1412 et
1209 1357 1442 1428 elogium
1464 1359 1630 1414 babes
1650 1359 1814 1430 578
1839 1359 1979 1428 apud

416 1446 790 1514 Acropolitam
826 1449 879 1500 in
923 1447 1155 1519 imperio
1181 1448 1408 1504 Joannis
1434 1450 1591 1504 Duca:
1617 1450 1849 1504 Batatzae
1880 1451 1982 1504 sub

415 1552 526 1604 quo
554 1536 740 1594 floruit
777 1558 791 1595 :
821 1543 1017 1611 Ἔτυχε
1071 1543 1172 1610 μὲν
1209 1543 1314 1612 πρὸ
1343 1545 1537 1613 καιροῦ
1589 1545 1679 1596 τὸν
1716 1545 1981 1615 πατριάρ’

419 1645 522 1697 χην
553 1629 593 1680 Γ
597 1629 836 1699 ερμανὺν
859 1635 927 1686 τὰ
955 1633 1082 1702 τῇδε
1109 1635 1476 1687 καταλιπόντα
1504 1635 1639 1704 πρὸς
1681 1636 1779 1699 τὰς
1824 1635 1978 1696 θείας

417 1717 635 1786 ἀπᾶραι
667 1721 898 1785 σκηνὰς,
938 1721 1118 1783 καλῶς
1149 1724 1242 1775 καὶ
1274 1722 1429 1793 cgito;
1458 1723 1729 1792 βιώσαντα
1757 1725 1849 1776 καὶ
1880 1741 1980 1778 κα-

419 1806 528 1868 λῶς
582 1807 681 1877 τὴν
707 1809 871 1862 αὐτοῦ
928 1812 1277 1881 ποιμάναντα
1327 1815 1580 1883 ποίμνην.
1643 1815 1736 1870 Sic
1780 1815 1978 1886 Acrop.

419 1915 480 1968 ι).
518 1899 586 1955 59
642 1900 785 1956 Hist.
818 1902 890 1958 Ut
926 1903 1073 1958 hunc
1131 1904 1314 1974 potius
1361 1906 1586 1962 indicari
1641 1897 1747 1964 hic‘
1779 1924 1981 1980 putem,

417 1992 612 2048 suadet
645 2009 745 2048 vox
773 1996 1080 2065 μακαρίτης
1111 1998 1324 2052 civilem
1368 2001 1539 2070 magis
1585 2004 1738 2072 quasi
1793 2021 1985 2074 quem-

417 2083 564 2146 dam,
598 2099 662 2138 ex
688 2101 786 2140 usu
819 2086 1176 2153 Graecorum;
1212 2104 1376 2158 quam
1439 2093 1774 2164 religiosum,
1811 2097 1986 2164 qualis

421 2173 627 2228 sanctis
684 2175 750 2230 ab
799 2175 1038 2232 Ecclesia
1093 2178 1383 2234 declaratis
1427 2182 1679 2247 debetur,
1723 2185 1983 2241 honorem

415 2265 730 2336 designans,
762 2265 827 2338 [Ρ
849 2268 976 2340 398]
1006 2281 1266 2338 praeterea
1295 2274 1657 2329 recentiorem
1696 2279 1985 2346 quamdam

418 2355 803 2411 defunctorum
846 2358 1165 2414 memoriam
1216 2362 1486 2417 indicans.
1545 2363 1663 2419 Non
1703 2369 1849 2420 enim
1894 2369 1985 2436 qui

415 2458 547 2501 ante
583 2447 751 2502 multa
785 2450 984 2505 smeula
1013 2461 1141 2506 sunt
1171 2455 1392 2519 mortui,
1434 2471 1556 2510 cum
1608 2460 1977 2524 nominantur,

425 2540 722 2606 μακαρῖται
757 2539 862 2593 dici
901 2541 1100 2604 solent,
1137 2545 1230 2598 sed
1279 2547 1326 2598 οἱ
1364 2549 1695 2615 προσφάτως
1728 2551 1982 2620 τελευτή-

423 2643 637 2691 σαντες,
668 2645 804 2699 quos
827 2632 918 2700 qui
957 2632 1192 2689 viderint
1223 2636 1404 2692 adhuc
1453 2639 1657 2693 vivant.
1699 2641 1789 2696 Sic
1825 2643 1988 2710 hujus

425 2718 547 2774 libri
599 2736 648 2775 c.
693 2722 784 2786 25,
815 2721 1024 2778 lreuem
1052 2725 1350 2796 Augustam
1408 2728 1632 2789 Joannis
1667 2732 1826 2790 Durae
1861 2751 1986 2791 uxo~

424 2827 559 2872 tem,
603 2827 724 2880 quae
759 2815 1106 2869 commodum
1158 2819 1349 2872 eodem
1382 2834 1508 2874 cum
1561 2823 1668 2877 hoc
1716 2823 1987 2882 Germano

424 2902 635 2964 vixerat
669 2914 913 2974 tempore
947 2917 1002 2962 et
1025 2919 1150 2966 ante
1184 2910 1360 2965 virum
1415 2913 1748 2979 decesserat,
1805 2937 1986 2987 μακα·

369 2991 374 2995 ”
419 2993 597 3062 ρετιδα
633 3006 812 3050 vocat.
858 2997 1012 3054 Nullo
1042 2998 1207 3070 igitur
1252 3003 1555 3080 modoagit
1613 3007 1715 3062 hoe
1741 3009 1860 3064 loco
1889 3012 1984 3066 Pa-

419 3083 710 3153 .chymeres
737 3087 804 3140 de
829 3097 1018 3144 sancto
1043 3089 1316 3146 Germano
1363 3096 1670 3164 patriarcha
1710 3097 1803 3154 illo
1829 3112 1987 3156 vetn-

2085 627 2223 680 dem,
2277 637 2477 673 necnon
2538 619 2942 688 Ampliietidem,
3014 620 3101 686 qui
3157 617 3378 671 celebres
3443 618 3655 671 insania

2085 715 2248 783 fuere.
2277 712 2379 768 Ubi
2423 710 2691 782 significat
2728 710 2826 764 ista
2865 712 3082 778 propria
3111 711 3278 763 fuisse
3305 712 3524 763 nomina
3571 710 3656 762 in-

2086 818 2343 858 sanorum
2375 801 2761 872 quorumdam,
2792 817 2912 870 quae
2931 803 3126 856 deinde
3150 803 3202 855 in
3233 802 3494 856 similium
3523 803 3657 870 ipsis

2084 893 2501 961 appellatiooem
2530 893 2786 946 translata
2817 892 3036 955 fuerint,
3059 902 3221 962 prout
3244 894 3312 948 de
3339 893 3518 948 Sanna
3559 909 3659 946 no-

2086 985 2331 1039 minatim
2357 984 2762 1045 observaverat,
2782 984 2859 1037 sic
2886 995 3043 1037 antea
3061 984 3309 1040 scribens
3331 1002 3344 1040 :
3364 986 3454 1037 τὸν
3475 986 3658 1054 μωρὸν

2083 1077 2306 1145 ὸῖδαμεν
2337 1075 2542 1128 Σάνναν
2571 1076 2854 1129 καλεῖσθαι
2906 1077 2981 1138 ὡς
3009 1077 3115 1128 ἀπό
3145 1093 3292 1140 τινος
3314 1079 3508 1147 κυρίου
3538 1079 3658 1130 6V6-

2089 1186 2274 1238 ματος.
2309 1168 2540 1224 Stultum
2582 1171 2775 1224 scimus
2804 1169 3039 1224 Samiam
3083 1171 3260 1223 vocari
3318 1181 3570 1240 tanquam
3623 1188 3656 1223 a

2083 1262 2310 1330 quodam
2360 1263 2574 1331 proprio
2650 1263 2877 1316 nomine.
2932 1260 3102 1328 Cujus
3159 1261 3237 1315 rei
3288 1271 3480 1316 testem
3529 1264 3659 1315 facit

2084 1351 2247 1421 579
2268 1351 2551 1412 Cratinum
2587 1355 2881 1412 comicum,
2915 1354 2985 1406 ita
3005 1355 3265 1408 continue
3286 1355 3618 1420 subjungens
3643 1372 3656 1408 :

2085 1445 2194 1498 Καὶ
2238 1445 2550 1513 παράγεται
2602 1447 2869 1512 Κρατῖνος
2930 1445 3212 1512 κωμῳδῶν
3268 1443 3510 1497 τοιοῦτον
3567 1447 3658 1497 τὸν

2082 1534 2394 1604 Θεοδοτίδην
2423 1535 2649 1588 Σάνναν.
2691 1535 2826 1600 Quia
2857 1551 2990 1589 vero
3039 1535 3356 1589 Eustathius
3407 1546 3659 1589 constan-

2087 1635 2167 1680 ter
2200 1627 2339 1680 hanc
2368 1641 2553 1681 vocem
2593 1642 2712 1681 cum
2746 1627 2948 1695 duplici
2990 1645 3026 1697 μ
3071 1627 3280 1687 scribit,
3329 1626 3467 1681 forte.
3494 1627 3571 1682 sie
3595 1644 3656 1679 ea

2082 1718 2223 1787 apud
2253 1716 2662 1788 Pachymerem,
2695 1719 2794 1772 etsi
2823 1719 2983 1772 ambo
3036 1718 3194 1773 codd.
3229 1718 3418 1787 optimi
3455 1718 3494 1792 Β
3527 1729 3582 1772 et
3617 1719 3657 1769 Α

2087 1811 2433 1866 concorditer
2463 1827 2584 1865 cum
2612 1811 2775 1865 unico
2809 1828 2846 1879 μ
2869 1811 3131 1872 scribant,
3170 1811 3513 1863 emendanda
3541 1810 3659 1863 fne-

2089 1902 2176 1953 rit.
2211 1898 2505 1955 Vaticanus
2548 1902 2722 1955 solitaa
2758 1901 2858 1956 sibi
2890 1901 3125 1953 licentim
3157 1902 3207 1953 iu
3260 1901 3362 1955 hoc
3393 1916 3506 1969 pra:
3553 1916 3659 1954 car-

2090 1990 2221 2044 teris
2241 1992 2416 2060 capite
2445 1992 2752 2060 indulgens,
2786 2009 2908 2046 cum
2947 1992 3050 2046 alia
3087 1994 3287 2060 passim
3323 1994 3377 2046 in
3425 2008 3492 2048 eo
3519 1993 3658 2046 scri-

2090 2090 2180 2149 pta
2228 2084 2409 2138 verbis
2438 2085 2636 2153 quibus
2687 2083 2845 2138 libuit
2887 2084 3066 2148 effert,
3113 2087 3221 2137 tum
3277 2085 3330 2137 in
3368 2084 3471 2137 hac
3527 2100 3659 2143 voce

2088 2175 2346 2242 quiddam
2403 2178 2738 2243 καινοτομεί.
2803 2175 2894 2231 Sic
2926 2177 3073 2230 enim.
3126 2177 3286 2230 habel
3319 2194 3333 2230 :
3372 2176 3658 2250 Μὰκουθοι

2087 2283 2232 2328 τινες
2253 2267 2426 2330 ὄντες.
2460 2267 2690 2322 Videtur
2718 2280 2900 2323 autem
2930 2284 2994 2322 ex
3020 2269 3122 2324 alia
3151 2269 3362 2337 oiigine
3397 2271 3534 2324 hanc
3563 2285 3659 2324 vo-

2089 2369 2206 2409 cem
2238 2360 2542 2419 accersere,
2585 2374 2686 2412 nec
2717 2358 2818 2412 viri
2853 2359 3143 2428 singularis
3175 2359 3300 2411 olim
3341 2359 3506 2414 fuisse
3557 2377 3659 2413 no-

2092 2462 2214 2500 men
2260 2450 2541 2517 proprium
2573 2465 2888 2518 agnoscere,
2946 2451 3038 2504 sed
3077 2460 3424 2520 propagatam
3468 2463 3660 2520 putare

2088 2555 2153 2593 ex
2184 2541 2350 2595 verbo
2383 2543 2618 2611 μακοᾷν,
2672 2544 2815 2611 quod
2865 2541 3169 2613 Hesychius
3199 2546 3424 2612 exponit
3479 2561 3660 2615 παρα-

2089 2631 2327 2699 φρονεῖν,
2371 2634 2793 2701 προσποιείσοαι
2828 2639 2903 2703 μὴ
2937 2635 3176 2697 ἀκούειν,
3208 2638 3461 2702 desipere,
3497 2638 3661 2690 simu-

2089 2719 2200 2773 lare
2224 2737 2278 2774 se
2310 2738 2412 2774 non
2442 2725 2651 2777 audire.
2686 2723 2752 2778 Et
2783 2725 2924 2780 hanc
2976 2727 3322 2794 potissimum
3358 2730 3658 2784 secundam

2088 2812 2412 2881 dissimulati
2445 2815 2663 2869 auditus
2698 2817 2979 2871 notionem
3033 2819 3160 2876 huic
3192 2819 3271 2874 sic
3314 2836 3342 2874 a
3373 2837 3431 2875 se
3459 2823 3659 2876 decur—

2091 2913 2200 2959 tato
2232 2891 2495 2960 vocabulo
2520 2907 3200 2976 imputandioccasionem
3240 2912 3472 2968 fortasse
3499 2930 3653 2968 sum-

2090 2995 2262 3064 pserit
2292 3013 2355 3050 ex
2399 3015 2485 3060 eo,
2516 3000 2659 3068 quod
2691 3001 2852 3069 paulo
2883 3003 3142 3071 superius
3171 3004 3372 3074 legerat
3397 3007 3539 3074 apud
3561 3023 3661 3060 au-

2090 3100 2316 3153 ctorem,
2353 3093 2717 3159 patriarcham
2774 3109 2896 3148 cum
2953 3097 3163 3167 synodo
3220 3099 3287 3154 ab
3327 3098 3659 3167 imperatore

388 3231 392 3233 _
421 3175 682 3240 stissimo,
713 3194 871 3247 quem
901 3171 946 3234 si
1000 3182 1330 3266 nominaret,
1381 3202 1492 3242 non
1528 3192 1859 3263 μακαρίτην,
1893 3195 1983 3248 se.|

2094 3187 2417 3244 provocatos
2445 3181 2510 3234 ad
2538 3183 2682 3236 serio
2713 3184 3064 3254 cogitandum
3123 3188 3189 3242 de
3233 3189 3471 3244 ineunda
3536 3207 3658 3246 cum

427 3269 698 3339 μακάριον
728 3271 956 3336 diceret,
985 3253 1174 3328 verum
1211 3276 1276 3331 de
1305 3277 1412 3332 isto
1434 3253 1605 3334 altero
1649 3253 1738 3351 qui
1791 3253 1981 3355 viginti

417 3361 637 3414 circiter
664 3363 821 3418 annis
847 3364 996 3435 prius
1029 3367 1362 3438 decesserat,
1397 3377 1711 3429 memoriam
1755 3379 1836 3432 sui
1872 3380 1986 3434 lau-

421 3450 654 3505 dabilem
681 3455 1016 3525 relinquens.
1954 3463 1962 3470 ’

491 3547 885 3614 Μαμάκουθος
919 3551 994 3620 (1)
1028 3567 1082 3620 ρ.
1131 3553 1253 3608 569.
1323 3556 1598 3627 Vituperat
1654 3562 1740 3616 hic
1776 3561 1983 3635 Pachy-

421 3649 602 3689 meres
634 3640 1002 3706 patriai-chum
1059 3653 1116 3698 et
1177 3647 1468 3713 antistites,
1502 3651 1592 3718 qui
1625 3655 1672 3706 ei
1736 3656 1983 3716 aderant.

418 3726 565 3791 quod
621 3744 730 3782 non
781 3733 982 3787 acriter
1041 3735 1356 3792 obstiterint
1393 3741 1580 3808 prima!
1621 3749 1982 3814 propositioni

418 3820 877 3878 reconciliationis
935 3825 1190 3883 Ecclesiae
1223 3829 1424 3886 Graeca:
1467 3847 1589 3887 cum
1646 3835 1856 3900 Latina,
1906 3841 1984 3896 sic

419 3922 582 3960 suum
635 3909 875 3967 animum
930 3916 1226 3987 ostendens
1279 3920 1554 3976 schismati
1610 3926 1883 3982 addieum
1931 3943 1985 3985 et
2030 3919 2036 3926 ’

420 4013 674 4054 aversum
708 4018 737 4054 a
773 4017 929 4072 pace,
963 4015 1239 4077 utcunque
1291 4013 1438 4067 aliud
1489 4015 1776 4085 aliquando
1812 4022 1984 4076 simu-

422 4088 634 4145 laverit.
664 4093 1072 4162 Μαμακούθους
1102 4111 1282 4155 autem
1316 4101 1535 4160 Graecos
1566 4107 1687 4162 illos
1727 4113 1983 4178 praesules

420 4190 598 4248 vocat,
627 4185 878 4242 stultitiae
928 4189 1416 4260 illosinsimulans,
1453 4205 1512 4250 ut
1542 4202 1804 4264 ostendit,
1841 4206 1980 4272 quod

319 4339 330 4349 ἢ
422 4288 547 4330 mox
579 4275 824 4345 adjungit
855 4280 1012 4348 quasi
1056 4281 1366 4340 declarandi
1411 4290 1602 4357 gratia,
1645 4293 1983 4366 ἀναισθήτως

421 4365 530 4417 τῶν
558 4372 945 4438 πραττομένων
975 4372 1210 4441 ἔχοντες.
1266 4377 1322 4432 id
1369 4395 1532 4448 porro
1562 4385 1808 4445 vocabuli
1861 4405 1981 4443 nlu-

421 4466 606 4516 tuatus
627 4460 844 4516 videtur
890 4479 920 4516 a
949 4479 1048 4519 suo
1083 4465 1371 4536 ilesychio,
1425 4487 1585 4539 quem
1627 4473 1828 4535 librum
1881 4481 1980 4548 ipsi

2092 3268 2285 3323 Latina
2360 3271 2601 3328 Ecclesia
2685 3276 2978 3332 concordia
3032 3280 3370 3345 ἐπιπολαίως
3423 3285 3662 3354 ἀκηκοὲ-

2094 3378 2178 3411 ναι
2212 3363 2563 3432 perfunctorie
2595 3368 2830 3429 audisse,
2876 3378 2930 3421 et
2953 3384 3075 3424 eum
3109 3387 3225 3426 rem
3251 3384 3659 3438 aversarentur,

2093 3450 2201 3507 iton
2241 3464 2422 3515 tamen
2469 3459 2773 3523 obstitisse,
2823 3462 2918 3516 sed
2950 3463 3112 3532 quasi
3147 3464 3553 3520 dissimulantes
3604 3483 3662 3520 se

2093 3549 2405 3618 percepisse
2437 3552 2578 3616 tittod
2599 3553 2803 3608 dictum
2826 3553 3026 3618 fuerat,
3055 3563 3238 3609 astuto
3259 3557 3477 3632 silentio
3497 3557 3663 3611 lucri-

2094 3635 2290 3692 feeisse
2316 3639 2574 3694 invidiam
2600 3651 2696 3694 aut
2718 3643 3018 3710 periculum
3045 3645 3218 3712 palum
3237 3633 3561 3700 resistendi}
3586 3650 3658 3698 Οὐ

2092 3731 2198 3800 γὰρ
2219 3727 2283 3802 ἦν
2307 3734 2487 3794 αὐτοῖς
2501 3735 2839 3802 ἀντιστῆναι,
2858 3751 2958 3789 non
2973 3737 3109 3788 enim
3124 3737 3186 3791 iis
3202 3739 3371 3796 inerat
3388 3742 3662 3794 resistendi

2096 3823 2190 3874 ris.
2228 3821 2329 3876 Eos
2362 3833 2538 3876 tamen
2573 3840 2680 3878 non
2714 3842 2771 3879 se
2797 3828 3135 3881 continuisse
3166 3827 3304 3882 intra
3335 3831 3469 3884 fines
3498 3846 3659 3885 merae

2094 3912 2554 3969 dissimulationis
2577 3927 2670 3970 aut
2699 3918 2922 3983 silentii,
2964 3921 3056 3973 sed
3090 3929 3349 3988 prteterea
3380 3924 3565 3986 etiam,
3595 3937 3656 3979 ut

2093 4006 2408 4077 imperatori
2449 4011 2906 4080 gratificarentur,
2939 4013 3276 4082 significasse
3313 4018 3526 4084 placere
3549 4020 3653 4073 sibi

2094 4103 2422 4156 mentionem
2457 4106 2658 4160 illatam
2688 4109 2754 4160 ab
2785 4122 2850 4161 eo
2885 4108 3060 4176 pacis,
3105 4110 3393 4165 manifeste
3428 4113 3663 4169 allirmat

2093 4190 2305 4256 Noster,
2359 4205 2417 4249 ut
2467 4198 2808 4252 ostendimus
2855 4199 3106 4266 superius
3151 4201 3318 4256 verbo
3365 4203 3660 4269 κνώμενοι.

2093 4283 2272 4350 Quare
2337 4302 2444 4340 non
2488 4287 2609 4364 illos
2659 4289 3047 4358 μαμακούοους
3093 4301 3189 4346 aut
3227 4294 3531 4362 μακούθους
3583 4297 3663 4352 id-

2092 4377 2236 4430 circo
2267 4379 2506 4441 vocavit,
2559 4379 2624 4450 [P
2655 4380 2781 4452 599]
2839 4383 2984 4450 quod
3023 4383 3402 4439 simulaverint
3456 4401 3514 4441 se
3549 4403 3660 4443 non

2091 4468 2307 4532 audire,
2364 4470 2459 4525 sed
2501 4473 2643 4542 quod
2689 4473 3090 4529 declaraverint
3134 4477 3234 4531 sibi
3265 4479 3483 4547 probari
3514 4483 3659 4550 quod

422 4550 594 4604 fuisse
653 4549 972 4607 familiarem
1011 4571 1076 4609 ex
1135 4558 1256 4611 aliis
1317 4560 1448 4615 locis
1508 4562 1879 4635 intelligimtts.
1926 4571 1983 4628 lu
2022 4560 2525 4629 ορΐοροηθὺθιυτν
2576 4562 2720 4614 hall“
2763 4563 2898 4618 satis
2953 4565 3303 4632 PTOVidemes
3343 4568 3472 4637 quid
3528 4549 3661 4624 inde

421 4638 670 4710 llesyehii
695 4657 824 4696 vero
848 4642 1023 4701 lexico
1059 4642 1221 4698 hodie
1255 4645 1452 4714 legitur
1487 4651 1847 4720 Μαμάκυθσς,
1868 4673 1983 4722 μω-

355 4781 360 4785 ,
420 4731 540 4798 ρὸςρ
584 4730 785 4786 Verum
813 4747 911 4802 ego
942 4749 1050 4787 non
1102 4736 1290 4791 dubito
1344 4743 1473 4808 quin
1533 4742 1584 4794 in
1638 4759 1735 4798 suo
1776 4745 1984 4800 meliori

420 4822 717 4889 exemplari
756 4821 1116 4893 Pachymercs
1155 4827 1347 4898 legerit
1399 4833 1756 4900 μαμὰκουθος
1791 4853 1804 4889 :
1842 4838 1986 4892 unde

419 4913 512 4965 hic
541 4917 724 4982 posuit
751 4916 1118 4988 μαμάκουθοι.
1153 4919 1210 4989 ld
1240 4922 1434 4992 colligo
1466 4939 1529 4978 ex
1567 4926 1985 4996 Eustathio,qui

419 5005 508 5074 (ad
547 5021 597 5059 ν.
623 5007 724 5060 562
751 5015 806 5061 et
836 5007 940 5064 563
971 5010 1068 5065 Od.
1091 5029 1146 5076 κ,
1186 4996 1468 5085 Ἐλπήνωρ
1497 5017 1551 5068 δέ
1592 5035 1674 5080 τις
1704 5019 1830 5072 ἔσκε
1855 5021 1986 5073 νεώ-

391 5083 600 5161 τατος,
637 5097 759 5150 οὔτε
799 5118 850 5153 τι
885 5100 1003 5171 λίην
1031 5103 1264 5172 ἄλκιμος
1293 5083 1350 5158 ἐν
1380 5083 1604 5178 πολέμῳ
1637 5109 1761 5168 οὔτε
1791 5115 1984 5179 φρεσῖν

417 5181 549 5256 ᾗσιν·
573 5189 819 5258 ἀρηρώς)
868 5192 1070 5246 multos
1102 5209 1430 5251 enumerans
1483 5200 1728 5254 stultitiae
1760 5201 1984 5257 infamia

413 5278 678 5344 celebres,
697 5291 819 5351 post
838 5280 1098 5349 Sannam,
1115 5285 1430 5353 (lorcebum,
1454 5289 1735 5361 Margiten,
1753 5310 1984 5363 quorum

423 5371 711 5426 notissima
755 5374 1029 5430 dementia
1083 5377 1136 5430 in
1179 5382 1524 5447 proverbium
1557 5395 1612 5438 et
1639 5401 1878 5441 seomma
1910 5391 1983 5440 si-

416 5462 534 5520 mili
580 5464 711 5519 vitio
752 5465 1112 5524 laborantium
1166 5473 1465 5535 transierit,
1522 5474 1637 5530 bare
1693 5479 1982 5549 adiungit:

429 5555 664 5624 Ὁμοίως
703 5556 762 5609 δὲ
791 5560 884 5610 καὶ
918 5560 1008 5611 τὸν
1047 5562 1463 5631 Μαμμάκουθον
1489 5569 1579 5622 καὶ
1611 5569 1702 5620 τὸν
1757 5572 1986 5624 Μελιτιι

415 5645 514 5716 δην
541 5648 639 5701 καὶ
683 5647 773 5700 τὸν
809 5649 1183 5721 ’Λμφιετίδηη
1218 5655 1267 5708 οῖ
1319 5656 1595 5726 διαϐόητοι
1648 5663 1742 5713 ἐπὶ
1805 5663 1986 5740 μωρίᾳ

487 5820 564 5891 (Ι)
593 5821 670 5876 Cf.
708 5824 952 5882 Glossar.
990 5829 1217 5887 alterum
1245 5834 1346 5889 sub
1380 5837 1560 5898 verbo.

2090 4661 2518 4706 consecuturum
2541 4662 2708 4720 esset,
2747 4655 2939 4726 in‘quo
2968 4647 3122 4728 ponit
3157 4657 3443 4719 stultitiam
3470 4675 3660 4717 eorum

2091 4743 2195 4800 hoc
2228 4745 2395 4799 verbo
2428 4747 2840 4815 reprehensam.

2158 4836 2446 4902 Μανδύας
2473 4855 2525 4906 p.
2562 4837 2684 4892 9.62.
2721 4837 2952 4909 licsych.
2989 4841 3247 4905 Μανδύας
3274 4841 3414 4906 εἶδος
3445 4845 3660 4912 ἱματίου

2089 4925 2312 4994 Περσῶν
2341 4927 2657 4996 πολεμικόν.
2691 4927 2852 4982 Forte
2891 4929 3210 4998 πολεμικοῦ.
3236 4932 3560 4989 Eustathius
3594 4937 3660 4990 ad

2091 5016 2263 5084 Odur,
2299 5019 2400 5073 sub
2445 5021 2772 5090 principium
2812 5038 2827 5074 :
2867 5022 3048 5085 Αἴλιος
3085 5024 3359 5088 Διονύσιος
3390 5026 3538 5093 λέγει
3577 5029 3659 5081 ὅτι

2089 5112 2355 5178 Περσικὸν
2396 5110 2568 5179 ὄνομα
2615 5115 2708 5164 καὶ
2751 5113 2778 5164 ὁ
2823 5115 3082 5182 μανδύπς.
3144 5117 3328 5171 "Eous
3369 5118 3451 5178 δὲ,
3501 5121 3658 5189 φησι,

2087 5202 2330 5272 φαινόλῃ.
2361 5203 2452 5255 Ait
2490 5203 2672 5256 {Elius
2713 5203 2992 5275 Dionysius
3026 5206 3294 5262 Persicum
3331 5226 3437 5263 esse
3475 5228 3660 5267 nomen

2088 5295 2393 5362 mandyam.
2426 5293 2628 5356 Similis
2660 5305 2833 5349 autem
2859 5309 2931 5350 est
2966 5301 3186 5366 penum.
3220 5299 3439 5356 Veteres
3467 5304 3660 5367 glossa:

2089 5385 2375 5444 verborum
2406 5386 2565 5455 juris,
2592 5387 2830 5456 μανδύας
2873 5390 3109 5457 ἱμάτιον,
3141 5393 3200 5445 τὸ
3223 5392 3522 5464 λουρίκιον.
3555 5397 3659 5450 Sed

2089 5476 2206 5535 haec
2241 5488 2300 5531 ut
2331 5470 2463 5531 tiara
2503 5489 2558 5532 et
2593 5469 2696 5533 alia
2729 5495 2851 5534 cum
2890 5496 2977 5536 res
3007 5493 3118 5537 tum
3163 5485 3380 5539 nomina
3405 5487 3472 5539 ad
3502 5503 3658 5541 usum

2087 5583 2364 5622 sacrorum
2401 5579 2529 5624 sunt
2561 5573 2841 5627 translata.
2868 5573 3035 5629 Docet
3063 5575 3469 5632 eruditissimus
3503 5581 3661 5634 Pater

2087 5662 2229 5722 Goar
2251 5662 2312 5722 0.
2340 5663 2396 5717 P.
2420 5665 2589 5733 (notis
2612 5665 2676 5718 ad
2707 5665 2922 5728 Missam
2949 5668 3006 5724 S.
3033 5667 3259 5728 Joannis
3281 5671 3655 5741 Chrysostoun
