3992 6542
427 396 560 454 10ιὶῗῖ

1331 399 1390 456 Ρ.
1442 399 1734 458 ΡΟΞΞὶΝΙ
1783 401 2435 460 OBSERVATIONUM
2478 400 2622 459 LIB.
2672 398 2717 460 l.

3523 399 3646 464 10H

424 526 473 575 ιι.
505 509 587 560 sui
624 505 940 582 litnltolngii
975 506 1119 571 “5),
1163 508 1328 562 fuisse
1366 510 1652 578 mandyam
1686 509 1830 563 inter
1857 525 1994 580 .pon-
2023 526 2062 579 Α
2098 510 2365 580 virginum
2409 510 2777 579 patriciarum,
2811 508 3012 578 quibus
3053 507 3127 562 illi
3167 508 3422 581 deinceps
3453 524 3646 568 matro-

424 602 648 655 tilicales
672 612 850 655 vestes
873 600 927 654 id
956 600 1099 670 quod
1131 616 1356 670 cappant
1387 601 1502 656 sive
1535 603 1768 672 pluviale
1810 602 1989 658 Latini

423 693 855 747 Christianorum
885 694 1088 746 rituum
1141 693 1476 762 expositores
1521 704 1738 749 vocant.
1793 696 1838 748 Α
1883 707 1991 764 qua

424 801 520 840 nec
551 787 722 840 forma
753 801 856 840 nec
880 785 1102 840 notione
1126 786 1355 840 multum
1377 785 1532 841 abest
1563 787 1796 856 penula;
1828 802 1989 855 quam

423 879 484 930 ad
518 892 795 932 sacrorum
835 893 991 932 usum
1033 879 1143 948 jam
1189 887 1301 932 tum
1331 879 1400 932 ab
1429 878 1743 949 apostolicis
1773 893 1990 933 accom-

424 972 694 1025 modatam
734 971 1075 1040 temporibus
1106 987 1213 1025 non
1251 971 1525 1025 immerito
1556 971 1653 1024 viri
1689 970 1988 1025 doctissimi

422 1062 771 1130 suspicantur
811 1077 876 1116 ex
925 1060 1080 1116 Pauli
1114 1063 1234 1117 loco
1268 1060 1309 1117 ll
1350 1064 1416 1117 ad
1455 1064 1594 1116 Tim.
1632 1079 1703 1127 tv,
1739 1064 1826 1117 15.
1869 1061 1992 1116 Fuit

423 1165 682 1223 pra-terea
713 1156 976 1225 mandyas
1011 1156 1233 1226 prOpria
1283 1158 1677 1212 monachorum
1723 1158 1892 1212 vestis
1923 1172 1988 1211 ex

424 1249 664 1303 humeris
687 1249 757 1303 ad
793 1249 958 1318 pedes
991 1264 1168 1318 usque
1199 1247 1444 1303 deﬂuens
1467 1259 1522 1304 et
1546 1257 1717 1304 totum
1745 1250 1992 1304 ambiens

421 1356 638 1409 corpus,
693 1357 723 1394 a
782 1351 935 1409 parte
996 1341 1107 1395 sola
1167 1339 1428 1394 anteriori
1488 1350 1711 1411 aperta;
1775 1340 1988 1410 qualem

422 1433 582 1486 etiam
641 1433 693 1486 in
750 1433 986 1487 Ecclesia
1041 1430 1228 1488 Grteca
1282 1433 1518 1502 retinere
1564 1433 1619 1487 in
1673 1432 1987 1502 pontificatu

423 1524 586 1594 580
629 1525 663 1578 ii
697 1525 944 1580 solebant
976 1523 1067 1592 qui
1109 1533 1264 1577 erant
1303 1539 1368 1579 ex
1416 1500 1700 1578 monachis
1731 1525 1988 1594 prometi.

424 1617 496 1668 lix
527 1630 636 1685 quo
667 1629 868 1683 genere
894 1630 1017 1669 cum
1052 1625 1198 1668 esset
1223 1614 1490 1670 Arsenius
1513 1631 1577 1695 (ιιι
1619 1615 1992 1685 Apolloniensi

424 1708 758 1763 monasterio
813 1709 880 1762 ad
938 1709 1192 1762 thronum
1254 1707 1676 1776 patriarchalem
1735 1707 1865 1762 olim
1914 1721 1993 1761 as-

423 1809 692 1869 sumptus,
740 1810 799 1854 ut
841 1800 1004 1853 tradit
1047 1797 1316 1869 Gregoras
1353 1799 1390 1851 ι.
1423 1814 1521 1863 ιιι,
1557 1814 1667 1853 non
1700 1799 1896 1853 mirum
1949 1798 1992 1851 si

2093 603 2180 655 nis
2210 601 2370 671 ampli
2412 615 2473 655 ac
2509 600 2650 656 beati
2683 599 2882 654 forent.

2163 692 2681 762 Μεγαλοϐλαχῖται
2724 705 2778 760 p.
2817 691 2910 747 85.
2953 690 3008 744 ln
3045 691 3132 745 his
3171 691 3490 760 apponenda
3531 703 3647 762 post

2093 783 2272 834 καλῶν
2301 781 2764 836 distinctiuncula:
2796 779 2978 835 notula
3001 780 3122 842 fuit,
3147 794 3268 849 qoze
3289 795 3420 836 mss.
3443 781 3650 850 deerat;

2093 890 2160 928 ne
2188 873 2292 928 dici
2334 873 2613 928 videretur
2661 873 2928 927 Achillem
2970 871 3080 941 jam
3119 879 3231 926 tum
3281 887 3381 928 suo
3415 886 3653 942 tempore

2092 964 2376 1020 Phthiotas
2420 979 2552 1019 suos
2579 962 3056 1034 Megaloblachitas
3096 963 3420 1032 appellasse.
3469 963 3575 1019 Sed
3602 973 3652 1019 et

2092 1071 2215 1109 cum
2268 1055 2614 1126 participium
2647 1054 2832 1109 καλῶν
2878 1053 3072 1110 Joanni
3115 1053 3453 1126 adiungitur,
3499 1053 3551 1110 id
3588 1056 3653 1110 ita

2093 1144 2532 1215 intelligendum,
2566 1153 2626 1198 ut
2657 1157 2764 1197 non
2797 1143 2946 1198 solus
2982 1143 3056 1197 ita
3081 1158 3179 1199 eos
3217 1153 3442 1198 vocaret
3473 1161 3486 1198 :
3513 1159 3652 1199 eom-

2094 1236 2332 1290 muniter
2373 1235 2529 1306 581
2577 1235 2723 1288 enim
2769 1249 2829 1290 ea
2880 1243 3203 1304 tempestate
3255 1235 3559 1289 invaluerat
3601 1244 3657 1290 ut

2092 1329 2388 1383 Thessalia:
2463 1337 2720 1381 montana
2784 1327 2971 1398 Magno
3035 1326 3247 1382 Blachia
3314 1335 3652 1381 vocarentur.

2092 1421 2311 1474 Nicetes
2363 1420 2415 1474 in
2455 1419 2726 1474 Balduino
2778 1419 3035 1482 Flandro,
3087 1434 3141 1486 p.
3191 1418 3296 1472 515
3346 1417 3440 1472 ed.
3503 1416 3654 1470 Basil.

2093 1529 2184 1568 an.
2231 1513 2365 1568 i557
2403 1529 2420 1568 :
2462 1511 2586 1565 Ἐπὶ
2620 1512 2680 1564 δὲ
2721 1511 2930 1575 τούτοις
2964 1513 3060 1565 καὶ
3105 1510 3265 1572 ἄλλος
3303 1527 3390 1572 τις
3429 1509 3495 1563 τὰ
3538 1509 3659 1562 Osr-

2091 1605 2283 1668 ταλίας
2325 1605 2573 1674 κατέχων
2634 1603 2902 1672 μετέωρα,
2951 1602 2988 1656 ἃ
3042 1601 3138 1656 νῦν
3193 1599 3408 1671 μεγάλη
3466 1598 3657 1668 Βλαχῐα

2093 1697 2478 1767 κικλήσκεται.
2503 1697 2783 1765 τοπάρχης
2809 1688 2877 1763 ἦν
2906 1695 3012 1746 τῶν
3037 1678 3169 1746 ἐκεῖ.
3199 1693 3393 1764 Hujus,
3425 1692 3523 1761 qui
3538 1702 3659 1745 tem-

2095 1803 2228 1859 pore
2267 1787 2517 1842 Balduini
2554 1785 3014 1856 Megaloblaehitis
3051 1785 3481 1853 imperitaverat,
3527 1797 3658 1836 unus

426 1861 709 1962 intandyam
747 1893 914 1948 etiam
963 1903 1112 1947 extra
1151 1861 1334 1946 sacras
1383 1861 1635 1961 gestaret.
1661 1890 1990 1945 functiones.
2031 1861 2072 1914 Β
2097 1898 2128 1936 e
2155 1880 2568 1938 successoribus
2596 1880 2700 1934 fuit
2731 1879 2821 1932 hic
2854 1877 3091 1931 Joannes
3117 1875 3399 1931 Michaelis
3432 1876 3659 1944 despotae

422 1983 557 2037 Nam
583 1984 727 2038 civili
759 1994 814 2039 et
850 1983 1126 2038 ordinario
1161 1984 1358 2038 vestitu
1384 1983 1555 2038 fuisse
1586 1993 1716 2037 tunc
1747 1982 1994 2037 indutum

423 2075 595 2138 illum,
631 2090 753 2130 cum
806 2075 1062 2145 privatim
1115 2085 1172 2130 et
1216 2075 1556 2128 familiariter
1611 2074 1994 2143 imperatorem

423 2170 565 2222 domi
611 2183 724 2223 sua:
768 2168 1050 2234 inviseret,
1099 2183 1191 2223 res
1221 2167 1337 2236 ipsa
1385 2167 1570 2238 exigit.
1607 2166 1862 2221 Nondum
1909 2180 1997 2219 me

424 2260 654 2329 paenitet
694 2259 938 2327 μανδύαν
957 2275 1163 2314 sacram
1192 2261 1446 2330 penulam
1465 2261 1568 2316 hoc
1590 2261 1708 2315 loco
1733 2261 1995 2325 vertisse;

423 2363 478 2405 et
503 2353 594 2422 qui
631 2352 1022 2424 perpenderint
1050 2369 1172 2424 qua:
1203 2355 1270 2407 de
1301 2354 1514 2423 penula:
1541 2353 1714 2408 forma
1745 2361 1799 2408 et
1835 2369 1933 2407 usu
1968 2368 1998 2406 a

425 2444 704 2498 veteribus
731 2445 1042 2509 traduntur,
1073 2451 1130 2498 et
1159 2459 1219 2498 ea
1255 2460 1379 2498 cum
1419 2445 1634 2500 traditis
1664 2444 1731 2499 de
1761 2444 1999 2513 mandya

429 2538 781 2602 contulerint,
815 2538 957 2592 haud
985 2537 1236 2604 multum,
1277 2547 1336 2592 ut
1368 2553 1552 2608 spero,
1593 2539 1997 2610 repugnabunt.

429 2631 565 2686 Vide
602 2641 653 2686 et
685 2629 952 2686 Codinum
990 2629 1190 2700 saipius
1223 2645 1409 2686 vocem
1449 2630 1686 2701 μανδύας
1731 2643 2001 2698 usurpan-

431 2709 560 2780 tem.
1020 2762 1027 2768 -
1927 2711 1932 2714 ’

498 2815 888 2888 Μαρμούτζας
918 2830 971 2884 p.
1003 2814 1128 2872 98L
1156 2812 1520 2882 Μαρμούτζαν
1553 2811 1998 2882 προσωνόμαζον,

431 2911 841 2980 προσάπτοντες
904 2908 1075 2977 ὄνομα
1130 2906 1419 2976 Περσικόν.
1471 2905 1601 2959 Erat
1645 2903 1808 2974 igitur
1847 2904 2000 2973 Map-

433 3001 668 3070 μούτζας
698 3016 897 3056 nomen
932 2998 1112 3054 Persis
1151 2997 1451 3062 familiare;
1488 2995 1631 3066 quod
1664 2995 1718 3050 in
1751 3013 1812 3051 ea
1844 3011 2004 3066 gente

432 3095 584 3148 multi
615 3093 896 3163 proprium
929 3091 1214 3146 haberent.
1252 3089 1308 3144 Id
1330 3099 1509 3143 autem
1548 3089 1753 3144 idcirco
1776 3105 1803 3141 a
1837 3088 2003 3142 male-

2097 1973 2324 2038 nothus,
2357 1973 2425 2026 de
2470 1986 2579 2042 quo
2627 1970 2715 2024 hic
2761 1964 3141 2039 Pachymeres.
3205 1966 3455 2022 Meminit
3511 1965 3660 2019 etiam

2101 2065 2345 2136 μεγάλης
2379 2065 2614 2137 maxine
2645 2061 2910 2132 Georgius
2942 2061 3198 2131 Aeropol.
3235 2059 3369 2115 Hist.
3410 2068 3545 2114 sect.
3577 2057 3657 2120 15,

2098 2173 2153 2229 p.
2183 2157 2255 2212 25
2284 2156 2370 2211 ed.
2412 2155 2549 2227 Reg.
2581 2165 2636 2210 et
2670 2164 2803 2210 sect.
2839 2156 2930 2219 58,
2964 2172 3018 2225 p.
3053 2154 3142 2207 55.

2171 2250 2384 2305 Midea:
2425 2265 2480 2318 p.
2507 2248 2633 2302 478.
2666 2250 2741 2301 Τὸ
2777 2249 2833 2300 δὲ
2867 2248 2966 2318 τῆς
3009 2247 3191 2316 μάχης
3225 2273 3296 2288 —-
3327 2244 3432 2312 μὲν
3472 2243 3673 2323 ὲερεἰτο..

2101 2344 2225 2400 Ηενο
2249 2344 2406 2398 valde
2450 2341 2702 2413 perplexa
2745 2351 2892 2406 sunt,
2930 2355 3082 2394 more
3111 2353 3174 2392 ac
3201 2337 3389 2391 indole
3416 2333 3662 2394 auctoris,

2102 2451 2211 2491 non
2254 2449 2378 2489 raro
2419 2434 2662 2506 quaedam
2707 2431 2984 2487 dimidiata
3029 2427 3399 2500 congerentis.
3455 2424 3666 2481 Videtur

2101 2539 2282 2586 autem
2332 2527 2421 2584 hic
2458 2526 2772 2580 summatim
2819 2533 2875 2579 et
2903 2522 3114 2594 fastigia
3164 2535 3398 2590 carpens
3437 2517 3664 2573 iudicare

2103 2637 2224 2692 quze
2278 2629 2461 2676 essent
2519 2628 2647 2672 tunc
2707 2617 2987 2672 hominum
3051 2613 3283 2683 querela:
3335 2611 3409 2664 de
3463 2609 3664 2677 scriptis

2108 2713 2286 2767 Vreci.
2335 2712 2504 2766 Porro
2546 2724 2649 2764 vos
2702 2709 2883 2777 μέλεοι
2921 2707 2999 2761 sic
3048 2703 3121 2759 ibi
3173 2704 3405 2771 abrupta
3458 2701 3663 2770 pendet,

2105 2808 2321 2878 punctis
2349 2806 2532 2858 clausa
2579 2801 2633 2856 in
2669 2808 2901 2868 utroque
2935 2813 3018 2851 ms
3053 2796 3091 2850 Β
3121 2806 3174 2850 et
3215 2795 3257 2848 A
3301 2816 3313 2850 :
3348 2809 3481 2847 nam
3529 2790 3665 2843 Vati.

2106 2914 2274 2952 canus
2317 2898 2462 2954 hunc
2489 2895 2692 2958 locum,
2726 2901 2783 2946 ut
2815 2891 2927 2944 fere
2967 2899 3193 2944 caeteros
3217 2885 3487 2948 difﬁciles,
3521 2897 3665 2938 secu-

2110 3006 2200 3043 rus
2247 2987 2500 3042 transilit.
2546 2983 2775 3047 Μέλεον,
2825 2990 2884 3034 ιιι
2925 2991 3112 3035 notum
3154 2988 3266 3040 est,
3307 2975 3666 3045 significatis-

2109 3096 2348 3138 cassum;
2390 3081 2530 3130 unde
2569 3084 2625 3128 et
2655 3087 2855 3127 nomen
2893 3072 3082 3140 μέλεος
3111 3079 3228 3133 est,.
3246 3083 3449 3124 vanum
3491 3076 3546 3121 et
3585 3081 3665 3120 su-

428 3188 566 3240 dicis
586 3157 860 3240 Germano
891 3185 1298 3252 imponebatur,
1331 3180 1477 3250 quod
1511 3180 1578 3241 is,
1612 3190 1670 3233 ut
1700 3181 1860 3249 paulo
1884 3191 2004 3250 post
2035 3196 2077 3253 ί)
2113 3183 2501 3240 ιτετνθοιιηειιηι
2531 3180 2752 3221 sonans.
2781 3163 2836 3218 Si
2866 3161 3251 3253 emendatione
3283 3160 3559 3253 curandus
3588 3157 3665 3211 hic

429 3278 651 3340 dicitur,
681 3275 1030 3331 remotiorem
1056 3274 1324 3346 originem
1358 3272 1573 3344 generis
1605 3289 1633 3326 a
1665 3272 1840 3328 Gabra
1870 3275 2006 3328 urbe

432 3367 691 3430 Persidis,
741 3365 1186 3436 propinquiorem
1239 3379 1269 3418 ιι
1318 3364 1475 3420 Lazis
1521 3363 1768 3419 duceret.
1823 3363 2005 3419 Codex

431 3457 595 3512 Allat.
627 3454 996 3527 Μαρκουτζᾶν
1035 3455 1183 3525 legit,
1211 3469 1513 3526 anonymus
1557 3469 1685 3509 vero
1716 3471 1815 3509 ms.
1843 3471 2004 3525 quem

435 3549 666 3604 Allatius
721 3547 982 3602 exscrihit
1023 3545 1076 3600 in
1120 3547 1357 3602 Exercit.
1387 3554 1577 3601 contra
1614 3546 2004 3618 Creygtonum,

437 3659 488 3710 p.
538 3639 662 3705 605,
697 3636 1077 3708 Μαλχουτζάν.
1141 3637 1207 3692 Ει
1252 3638 1484 3692 fortasse
1535 3639 1886 3708 μαρκουτζᾶς
1947 3638 2014 3691 in.

436 3718 1042 3801 liarberino'legendutn
1067 3729 1185 3794 fuit,
1211 3729 1428 3786 fallente
1451 3731 1505 3783 in
1529 3744 1633 3785 ms.
1653 3730 2005 3786 similitudine

434 3825 810 3879 characterem
845 3841 884 3894 μ
911 3833 964 3878 et
999 3841 1033 3876 κ
1071 3821 1166 3892 (i).

505 3912 756 3981 Μάρπου
783 3931 834 3982 p.
857 3914 924 3968 28
951 3921 1006 3967 et
1031 3913 1152 3968 102.
1179 3913 1600 3983 Dyrrhachiensi
1630 3915 1885 3984 episcopo
1909 3928 2007 3984 pro

436 4007 698 4062 Michaele
727 4007 1028 4077 Palmologo
1073 4007 1250 4061 adhuc
1283 4007 1496 4074 privato
1533 4016 1589 4061 et
1637 4015 1752 4060 tum
1783 4005 2008 4076 pericli-

439 4110 586 4158 tante
623 4114 688 4152 ac
726 4097 957 4152 sollicito
985 4097 1158 4150 Deum
1191 4095 1372 4150 oranti
1412 4096 1598 4150 audita
1629 4111 1731 4150 vox
1772 4095 2006 4150 refertur

440 4190 736 4259 incognita,
782 4188 984 4242 nullam
1025 4185 1092 4240 ad
1130 4185 1369 4256 linguam
1403 4185 1704 4255 pertinens.
1749 4178 2003 4252 Harpen,

440 4297 603 4352 quam
641 4280 744 4336 sibi
793 4280 1073 4334 recitatam
1117 4276 1333 4331 Manuel
1381 4277 1670 4346 Disypatus
1713 4276 2006 4346 episcopus

438 4368 948 4428 Thessalonicensis
985 4369 1064 4422 sic
1091 4376 1177 4422 est
1215 4367 1624 4436 interpretatus,
1660 4374 1719 4419 ut
1754 4363 2002 4435 portendi

439 4484 533 4543 per
567 4481 687 4520 eam
721 4463 1006 4533 imperium
1040 4459 1286 4515 Michaeli
1315 4459 1521 4514 diceret
1549 4476 1563 4515 :
1595 4457 1822 4512 indicari
1859 4456 2002 4510 enim

439 4539 548 4614 isto
583 4555 873 4620 vocabulo,
911 4569 976 4607 ex
1021 4553 1215 4622 primis
1257 4567 1350 4606 sex
1395 4550 1781 4605 vocabulorum
1812 4548 2008 4602 litteris
2044 4539 2085 4593 Ι)

437 4651 781 4722 expassum;
846 4647 1103 4710 conflato,
1160 4647 1303 4700 hane
1362 4644 1687 4699 sententiam
1746 4643 2009 4697 divinitus

439 4755 715 4800 ostensam
763 4759 777 4797 :
817 4739 1047 4794 Michael
1091 4740 1359 4808 Augustus
1397 4737 1755 4791 Romanorum
1795 4733 2007 4787 Patara-

445 4841 593 4908 logus
623 4838 764 4893 o'cius
804 4834 1096 4890 vocabitur.
1136 4833 1226 4887 Sic
1253 4832 1447 4887 Latine
1493 4829 1863 4900 expressimus
1893 4842 2010 4882 ser-

443 4943 566 4985 vata
625 4931 1019 4985 elementorum
1065 4927 1291 4982 veritate
1339 4925 1428 4980 illa
1488 4925 1669 4980 Graeca
1725 4940 1740 4977 :
1799 4920 2011 4993 Μιχαὴλ

443 5021 576 5084 ἄναξ
617 5019 904 5089 Ῥωμαίων
950 5018 1313 5080 Παλαιολόγος
1346 5016 1510 5082 ὀξέως
1542 5015 1938 5085 ὑμνηθήσεται.

519 5111 604 5186 [Ρ.
628 5111 756 5184 400]
775 5113 1068 5181 Ματρὼνα
1094 5127 1146 5180 p.
1181 5111 1270 5164 33.
1288 5109 1548 5164 Matronae
1560 5121 1756 5162 nomen
1774 5106 1828 5160 in
1841 5103 2010 5159 veteri

446 5226 545 5264 ttsu
570 5206 939 5262 Romanorum
971 5216 1126 5261 sonat
1151 5204 1432 5258 mulierem
1465 5201 1744 5271 patriciam
1776 5207 1831 5253 et
1853 5205 2014 5268 gente

443 5299 702 5354 nobilem.
729 5296 979 5352 Clemens
1019 5295 1074 5348 in
1099 5294 1249 5347 Actis
1279 5292 1421 5346 Petri
1455 5308 1470 5345 :
1521 5290 1609 5352 Ὦς
1649 5289 1742 5342 καὶ
1787 5287 1894 5340 τῶν
1920 5287 2012 5339 εὑ-

443 5392 617 5462 γενῶν
642 5389 918 5458 γυναικῶν
945 5388 1040 5450 τὰς
1072 5385 1564 5456 περιφανεστέρας,
1588 5382 1683 5434 καὶ
1715 5381 1780 5444 ἃς
1808 5382 1836 5434 ὁ
1857 5379 2013 5446 λόγος

449 5482 738 5554 ματρώνας
765 5477 870 5536 οἶδε
893 5479 1095 5533 καλεῖν.
1120 5479 1210 5533 Ait
1233 5494 1358 5548 rrgo
1384 5475 1573 5532 Noster
1594 5475 1812 5529 solitum
1839 5471 2017 5526 Theo-

447 5579 642 5630 dorum
698 5577 999 5644 Augustum
1056 5572 1188 5625 viris
1234 5572 1396 5622 domo
1444 5567 1667 5622 mininte
1714 5564 2014 5627 nobilibus,

445 5680 702 5725 eat-terum
736 5665 878 5737 apttd
919 5680 980 5719 se
1019 5663 1289 5734 gratiosis,
1333 5659 1625 5716 conciliare
1670 5655 2016 5712 matrimonia

520 5850 596 5920 tl)
629 5847 711 5902 Cf.
743 5847 986 5901 Glossar.
1016 5845 1171 5898 alter.
1208 5860 1256 5896 v.
1285 5838 1693 5901 Μεσιτεὺοντες.

2112 3263 2259 3316 locus
2285 3267 2450 3323 esset,
2487 3265 2669 3327 posset
2699 3252 2923 3309 rescribi
2970 3252 3176 3324 μέλεον,
3204 3261 3263 3306 ιιι
3285 3250 3665 3319 intelligeretur

2109 3356 2356 3426 dogmata
2403 3347 2606 3402 moveri
2661 3343 2884 3401 frustra.
2929 3343 3224 3406 incassum,
3275 3335 3663 3408 intempestive.

2107 3435 2211 3502 Sed
2244 3443 2606 3502 nt'eliusi-itra
2639 3439 2798 3493 ullam
2833 3439 2884 3490 in
2922 3445 3173 3491 contextu
3204 3433 3561 3488 mutationem
3589 3432 3665 3484 in-

2109 3541 2411 3607 telligetnus
2432 3530 2847 3592 commemorari
2875 3528 3168 3589 summae
3197 3533 3251 3584 et
3277 3547 3373 3600 per
3401 3523 3664 3584 inﬁmatis

2111 3643 2318 3686 tantum
2343 3630 2662 3695 sententias,
2697 3643 2815 3698 quae
2847 3636 2975 3680 tunc
3011 3639 3103 3679 ore
3143 3622 3284 3693 vulgi
3319 3631 3512 3677 contra
3541 3619 3660 3674 Vec-

2107 3741 2230 3780 cutn
2273 3734 2324 3777 et
2357 3723 2407 3778 ei
2445 3721 2788 3776 adhaerentes
2822 3718 3190 3789 jactabantur,
3236 3715 3348 3768 haec
3398 3713 3661 3774 nimirum,

2110 3819 2302 3874 moveri
2323 3818 2387 3871 ab
2422 3817 2545 3885 ipsis
2573 3813 2925 3881 intempestive
2951 3810 3218 3878 dogmata.
3247 3805 3420 3859 Vanos
3455 3819 3559 3858 esse
3586 3803 3665 3854 ho-

2035 3890 2049 3904 .
2108 3911 2271 3963 ptines
2321 3917 2368 3961 et
2421 3906 2604 3959 inania
2635 3904 2904 3957 miscentes
2941 3900 3150 3969 jurgia,
3195 3907 3301 3952 etc.
3349 3894 3662 3966 Explerique

2109 4000 2439 4070 incompleta
2477 3997 2656 4052 oratio
2694 4003 2876 4063 pOSset
2908 3991 3200 4063 repetendo
3227 3989 3284 4041 τὸ
3315 3989 3396 4041 ὅτι
3432 3985 3664 4056 superius

2109 4093 2372 4163 positum.
2413 4090 2467 4142 in
2517 4088 2664 4141 hunc
2695 4083 2940 4148 modum,
2976 4085 3058 4136 ὅτι
3103 4079 3380 4135 κινοῦνται
3411 4078 3663 4148 δόγματα,

2107 4187 2190 4238 ὅτι
2230 4181 2414 4253 μέλεοι
2473 4183 2602 4240 εισι,
2632 4187 2740 4231 etc.
2777 4175 2898 4230 Mox
2934 4175 3126 4230 recitat
3161 4172 3322 4229 verba
3353 4173 3473 4242 ipsa
3501 4179 3665 4236 repre-

2111 4276 2467 4333 hendentium
2497 4273 2734 4328 Veccunt
2773 4281 2824 4324 et
2859 4283 3118 4338 sequaces
3157 4267 3276 4336 ejus
3321 4280 3336 4317 :
3375 4260 3509 4316 Εἶτα
3551 4259 3664 4329 ὑμῖν

2097 4370 2466 4517 ψὲφῗὶὲῗάὲῗίο
2518 4471 2570 4526 p.
2627 4453 2753 4508 552.
2820 4447 3130 4506 Chronicon
3201 4439 3662 4512 Constantinopol.

2118 4550 2424 4618 μεσὰζοντα
2461 4561 2659 4602 nomen
2711 4543 2988 4615 dignitatis
3037 4540 3302 4611 agnoscit,
3353 4552 3514 4606 quam
3555 4547 3662 4586 cum

2117 4642 2298 4711 magni
2344 4641 2516 4704 ducis,
2547 4637 2725 4708 magni
2776 4632 3057 4690 domestici
3088 4639 3143 4686 et
3177 4627 3582 4700 protostratoris
3619 4635 3666 4676 et

2118 4731 2518 4803 protovestiarii
2548 4728 2900 4799 dignitatibus
2922 4721 3274 4794 amplissimis
3303 4724 3597 4788 comparat,
3619 4723 3668 4767 et

2117 4841 2238 4880 eam
2270 4834 2400 4878 tunc
2430 4821 2687 4877 tributam
2722 4825 2987 4874 memorat
3024 4816 3242 4872 cuidam
3272 4812 3664 4868 Cantacuzeno.

2117 4932 2236 4986 qnte
2277 4924 2394 4968 erat
2432 4912 2636 4967 familia
2678 4926 2740 4966 ex
2783 4909 3072 4978 primariis.
3127 4905 3282 4961 Unde
3334 4900 3667 4971 intelligimus

2119 5007 2471 5074 magistratus
2499 5003 2552 5058 id
2580 5017 2776 5057 nomen
2807 5000 2976 5055 fuisse
3003 5001 3056 5053 in
3086 4993 3668 5064 ConstantinOpolitaua

2119 5098 2239 5151 aula
2280 5097 2337 5150 in
2378 5095 2573 5167 primis
2603 5091 2896 5164 splendidi,
2943 5092 3032 5146 cui
3069 5087 3419 5160 proportione
3455 5081 3668 5136 similent

2120 5181 2262 5260 apud
2287 5204 2417 5244 suos
2448 5188 2650 5243 Scrbos
2675 5186 2764 5240 hic
2786 5191 3120 5238 memoratus
3153 5179 3416 5248 Georgius
3449 5178 3667 5246 gereret.

2121 5282 2482 5352 Sequestrum'
2497 5277 2686 5332 Latine
2709 5276 2886 5330 dicere
2921 5281 3160 5344 poteratn
3195 5287 3207 5323 :
3237 5269 3336 5324 sed
3365 5282 3485 5320 cum
3511 5264 3596 5324 sit,
3619 5267 3670 5313 ut

2123 5375 2234 5430 dixi
2265 5382 2322 5429 et
2353 5371 2622 5427 Meursius
2657 5368 2932 5431 observat,
2969 5364 3248 5436 dignitatis
3279 5359 3504 5432 propria:
3531 5354 3666 5442 Grat-

2121 5481 2310 5523 eorum
2356 5478 2576 5524 nomen,
2625 5462 2879 5515 usitatum
2918 5457 3051 5529 ipsis
3097 5453 3409 5511 vocabulum
3450 5450 3670 5504 retinere

2123 5559 2290 5615 satius
2319 5567 2398 5612 est
2433 5554 2620 5608 visum
2643 5551 2741 5623 (2).
2864 5545 2866 5548 ’

2194 5649 2256 5721 [P
2285 5647 2409 5720 401]
2442 5643 2766 5702 Μεσοθινία
2786 5642 2877 5695 καὶ
2904 5638 3278 5695 Μεσοθινῖται
3303 5631 3488 5708 p.5l0.
3513 5629 3673 5686 Alizo-

2199 5832 2274 5902 t9.)
2306 5830 2387 5884 Cf.
2415 5828 2749 5883 Glossarium
2787 5824 3038 5877 alterum.
