3992 6538
375 403 515 473 1045

1739 406 2252 470 GLOSSABIUM.

3484 407 3630 473 tom

372 539 491 586 nas,
521 522 638 575 sive
669 530 725 572 ut
745 515 1059 571 Eustathius
1093 515 1444 572 scribendum
1477 513 1727 586 praecipit
1754 516 1951 586 pleris-
1979 521 2026 576 Α
2053 518 2219 580 dicta,
2251 516 2576 587 compendio
2612 516 2916 572 militariter
2949 517 3300 587 loquentibtts
3337 525 3448 572 tum
3491 514 3632 576 [οι-ιθ

372 630 479 683 que
529 629 640 667 non
689 609 1220 679 obtemperantibus,
1260 608 1569 673 llalizonos,
1627 617 1958 664 memoratos

372 707 633 772 llomcro,
652 705 946 770 Herodoto,
972 702 1245 770 Straboni,
1271 701 1547 772 Stephano
1566 711 1621 756 et
1639 701 1964 770 aliis,quan-

372 817 538 872 quam
575 816 698 854 cum
734 798 912 868 aliqua
939 797 1224 866 scripturae
1259 795 1545 857 varietate,
1581 792 1816 864 Scythia:
1843 793 1957 847 Eu-

374 871 573 963 ropaeis
599 891 853 962 populos,
875 888 1156 944 communi
1184 871 1404 944 Graecia:
1425 887 1737 957 Byzantina:
1761 900 1957 940 recen-

380 986 532 1040 tioris
552 984 781 1038 dialecto
807 979 1174 1036 Mesothinitas
1191 981 1368 1034 dictos
1393 979 1726 1033 credendum
1751 977 1958 1033 scilicet

378 1076 699 1146 Pachynieri
733 1084 837 1130 est.
891 1076 970 1129 Ad
1021 1071 1436 1140 intelligendam
1478 1079 1659 1124 autem
1709 1071 1828 1134 eius
1857 1085 1952 1139 ap-

379 1167 690 1240 pellationis
717 1168 983 1222 rationem
1019 1165 1280 1233 aﬂulgere
1310 1159 1471 1234 582
1507 1161 1647 1215 forte
1677 1161 1764 1214 lux
1797 1161 1956 1214 nobis

377 1276 411 1314 a
444 1257 620 1313 Plinio
657 1257 880 1327 poterit,
921 1254 1013 1324 qui
1054 1251 1092 1308 ι.
1139 1269 1208 1316 v,
1258 1267 1306 1306 c.
1349 1250 1417 1303 50
1455 1249 1790 1304 llalisernem
1828 1245 1953 1317 (nisi

379 1365 538 1403 error
573 1347 627 1401 in
663 1345 934 1416 scriptura
972 1347 1076 1411 est)
1118 1356 1307 1396 eorum
1348 1339 1625 1393 civitatem
1667 1334 1722 1388 in
1763 1349 1824 1388 ea
1861 1347 1954 1386 ora

379 1443 611 1497 collocat
651 1455 809 1510 quam
846 1433 988 1492 idem
1022 1433 1217 1490 deinde
1247 1447 1276 1487 c
1329 1429 1399 1486 52
1427 1446 1456 1484 a
1493 1428 1697 1499 Thynis
1736 1427 1954 1480 univer—

382 1548 496 1588 sam
525 1533 684 1586 docet
713 1530 1047 1590 habitatam;
1081 1525 1226 1580 unde
1260 1525 1403 1594 quod
1442 1521 1494 1575 in
1530 1521 1706 1574 ntcdia
1744 1519 1953 1589 Thynia

381 1627 568 1679 essent
599 1621 756 1675 facile
792 1619 1090 1688 Mesothyni
1125 1632 1152 1670 a
1188 1614 1394 1668 Graecis
1427 1612 1536 1667 dici
1575 1609 1870 1680 potuerint.
1909 1609 1953 1660 A

381 1731 491 1785 qua
522 1713 843 1786 etymologia
875 1711 918 1765 si
958 1709 1079 1776 quis
1115 1709 1405 1762 abhorreat
1439 1703 1508 1758 ob
1554 1702 1949 1770 discrepantem
1990 1699 1992 1703 ’

383 1805 710 1874 scripturam
759 1801 926 1864 vocis,
960 1797 1169 1881 'l‘liynia
1207 1811 1303 1866 per
1347 1812 1378 1865 y
1421 1793 1644 1862 scripta,
1677 1806 1705 1844 a
1753 1789 1949 1859 Thinia

2061 610 2298 675 usitato;
2325 609 2483 679 quale
2508 609 2756 665 adhiberi
2781 611 3050 680 hodieque
3075 610 3261 666 videre
3291 625 3379 666 me
3405 610 3629 668 memini

2059 703 2116 756 in
2145 701 2552 756 narrationibus
2597 702 2906 771 praeliorum
2938 712 3034 758 aut
3064 704 3534 775 oppugnationum
3569 704 3628 760 in

2057 801 2241 846 nostra
2269 791 2464 863 Gallia,
2489 792 2582 846 ubi
2606 791 2870 862 legiones,
2887 791 3147 849 Navarica
3172 797 3410 866 exempli
3437 809 3626 860 causa,

2057 883 2143 937 vel
2174 883 2590 946 Nortmannica.
2625 884 2866 939 Navarra
2901 894 2954 940 et
2977 885 3334 941 Nortmannia
3371 887 3478 942 dici
3515 902 3625 942 non

2057 990 2181 1029 raro
2205 977 2480 1047 leguntur.
2519 977 2637 1034 Jam
2677 977 2808 1033 satis
2826 979 3062 1033 cohaeret
3090 980 3230 1048 quod
3259 979 3498 1042 additur,
3533 981 3629 1034 καὶ

2055 1067 2236 1120 αὐτῶν
2263 1068 2602 1138 ὀπτιμάτων,
2633 1070 2689 1123 in
2725 1085 2834 1138 quo
2858 1071 3052 1124 modus
3074 1071 3188 1138 ipse
3218 1072 3472 1140 loquendi
3504 1087 3628 1139 gra-

2057 1156 2333 1212 dationem
2377 1158 2604 1219 indicat.
2629 1168 2688 1214 ut
2711 1159 2915 1228 aliquid
2949 1160 3182 1228 amplius
3204 1161 3332 1214 licet
3361 1160 3414 1214 in
3438 1160 3628 1215 eodem

2056 1238 2255 1319 genere
2289 1250 2578 1321 eptimates
2625 1251 2714 1305 isti
2767 1250 2936 1305 fuisse
2978 1250 3375 1321 intelligantur.
3422 1252 3628 1320 Nempe

2056 1356 2163 1392 non
2196 1341 2370 1394 solum
2405 1341 2700 1409 imperator
2727 1340 3044 1395 Michaelem
3079 1341 3240 1411 533
3265 1339 3626 1411 Palmologum

2055 1432 2248 1502 legioni
2285 1431 2600 1487 Halizonum
2637 1434 2978 1488 Mesothiniae
3011 1431 3168 1504 vulgo
3200 1443 3526 1500 nuncupata:
3553 1435 3631 1494 εἰς

2053 1523 2294 1591 κεφαλὴν
2315 1522 2523 1586 ἔταξεν,
2549 1525 2668 1576 meit
2695 1540 2757 1576 en
2783 1533 2931 1587 teste,
2963 1533 3022 1577 ut
3044 1522 3184 1578 Galli
3211 1523 3370 1576 hodie
3400 1522 3628 1592 loquun-

2055 1623 2161 1679 tur,
2210 1616 2314 1669 hoc
2351 1624 2455 1679 est,
2502 1616 2694 1669 ducem
2729 1615 3059 1685 praposuit;
3113 1615 3207 1670 sed
3248 1615 3436 1674 etiam.
3487 1616 3628 1684 quod

2053 1702 2502 1760 hones-ilicentius
2524 1705 2644 1770 fuit,
2677 1707 2903 1760 subesse
2932 1706 3110 1760 eidem
3147 1705 3318 1758 voluit
3345 1709 3628 1759 cohortem

2052 1796 2365 1864 ὁπτιμάτων
2387 1797 2608 1856 dictam.
2637 1797 2702 1850 de
2731 1811 2836 1865 qua
2873 1809 3005 1850 voce
3029 1796 3253 1858 videsis,
3291 1798 3481 1859 lector,
3510 1812 3631 1864 qua:

384 1896 1048 1968 Paeltymel‘imemoralfh
1072 1906 1233 1960 (Illam
1261 1888 1351 1941 ille
1371 1887 1572 1955 ubique
1593 1881 1953 1953 periscribit,
1990 1886 2028 1939 Β
2060 1889 2218 1958 paulo
2274 1888 2503 1942 inferius
2548 1889 2953 1943 adnotabtmus.
2995 1887 3105 1941 Non
3140 1890 3386 1942 omittam
3440 1889 3630 1940 admo-

383 1989 617 2058 accipiat
649 1986 793 2040 aliud
825 1983 1187 2052 veriloquium
1220 1981 1274 2033 in
1318 1975 1608 2033 Strabonis
1641 1973 1956 2029 testimonio

385 2080 692 2133 fundatum.
726 2077 774 2131 ls
816 2077 983 2141 enim,
1012 2073 1050 2130 ι.
1083 2089 1182 2127 xm
1207 2114 1221 2138 ,
1245 2071 1302 2125 in
1336 2067 1564 2124 Troadis
1591 2067 1959 2136 descriptione

385 2169 726 2225 Allazonium
759 2166 1018 2238 oppidum
1049 2162 1367 2217 Halizonum
1398 2162 1648 2226 istorum,
1681 2174 1818 2228 quos
1843 2157 1957 2222 alii,

389 2276 448 2318 ut
488 2262 742 2326 iudicavi,
792 2260 1079 2314 Allazonas
1121 2263 1337 2319 vocant,
1387 2253 1616 2308 collocat
1667 2252 1732 2306 ad
1771 2251 1958 2306 larvam

393 2354 581 2421 Alscpi
623 2343 802 2406 amnis
839 2372 852 2404 ς
899 2349 1024 2418 quia
1057 2347 1203 2402 enim
1239 2344 1323 2397 θεν
1353 2343 1507 2398 littus
1538 2342 1740 2399 Graecis
1780 2352 1959 2404 sonat,

391 2445 677 2500 llalizones
722 2445 862 2498 inter
903 2442 1084 2495 littora
1135 2437 1266 2493 hinc
1317 2435 1556 2491 (luminis
1599 2431 1784 2503 Esepi
1834 2432 1962 2486 hinc

389 2536 742 2606 Propontidis
769 2535 926 2588 sitam
951 2532 1226 2603 regionem
1258 2527 1562 2582 incolentes
1585 2525 1779 2580 merito
1805 2541 1963 2593 μεσο·

390 2631 592 2681 θινίται
633 2624 764 2682 dicti
817 2624 1040 2678 fuerint.
1075 2620 1184 2676 Nec
1225 2619 1528 2676 omittenda
1565 2633 1630 2672 ex
1672 2617 1962 2672 occasione

389 2720 685 2774 tieclaratio
712 2718 817 2772 loci
872 2716 1044 2770 ποειιί
1077 2714 1333 2776 auctoris,
1376 2729 1424 2766 c.
1463 2713 1517 2770 9.
1549 2711 1585 2764 1.
1631 2727 1670 2775 ι,
1715 2711 1798 2764 cui
1844 2727 1961 2778 qu;c

393 2806 762 2874 hicdiximus
797 2805 968 2859 facem
1017 2804 1328 2874 praeferunt.
1378 2799 1647 2856 Scribitur
1695 2801 1765 2854 ibi
1821 2802 1899 2856 sic
1945 2817 1959 2856 :

391 2897 526 2952 Τεᾶτε
557 2899 620 2966 δὴ
657 2899 751 2952 καὶ
780 2896 872 2951 τοῦ
915 2895 1286 2961 Παλαιολόγου
1314 2895 1392 2957 εἰς
1416 2893 1661 2963 κεφαλὴν
1696 2893 1958 2961 τεταγμέ-

391 3009 485 3043 νου
500 2989 826 3052 Μεσοθινεας
847 2989 939 3042 καὶ
962 2985 1142 3042 αὐτῶν
1161 2985 1479 3055 ὀπτιμάτων
1503 2985 1713 3038 ἐκείνου
1736 2987 1964 3054 πρηστὰ-

393 3081 602 3147 ξαντος,
635 3083 726 3134 καὶ
763 3083 832 3133 τὰ
861 3080 1032 3133 πολλὰ
1064 3080 1182 3134 κατ’
1231 3077 1443 3132 Ἰταλῶν
1479 3079 1832 3151 πράττοντος,
1853 3091 1960 3132 etc.

391 3173 653 3228 Narratur
712 3173 822 3227 illic
873 3169 1191 3226 Michaelem
1243 3169 1600 3240 Palaeologutn
1663 3179 1774 3222 tum
1838 3186 1958 3225 cmn

393 3266 630 3322 maxime
686 3283 750 3322 ac
813 3275 1036 3320 strenue
1089 3274 1371 3320 exerceret
1425 3257 1798 3330 praefecturam
1855 3263 1956 3318 sibi

391 3358 653 3414 creditam
703 3361 1065 3414 Romanarum
1101 3359 1383 3428 c0piarum
1423 3366 1612 3412 contra
1665 3356 1824 3411 Italos
1866 3371 1962 3425 pu-

391 3456 694 3525 gnantium,
747 3457 1012 3507 monitum
1061 3469 1091 3506 a
1135 3451 1269 3523 Coty
1327 3451 1562 3520 quodam
1614 3450 1684 3505 dc
1730 3449 1959 3506 consilio

395 3546 740 3615 iiuperatorFS
781 3560 1053 3600 exeiecare
1090 3545 1265 3614 ipsum
1304 3544 1549 3614 parantis
1584 3544 1785 3614 fugisse
1835 3559 1960 3598 cum

396 3641 668 3694 monitore
708 3640 760 3693 in
809 3640 1109 3695 Persidem.
1165 3639 1269 3694 Sed
1315 3639 1444 3708 quid
1498 3639 1602 3693 sibi
1652 3641 1765 3692 vttlt
1814 3637 1959 3706 quod

399 3730 730 3799 l’alaeologus
776 3730 856 3792 εἰς
917 3729 1160 3799 κεφαλὴν
1197 3731 1533 3799 τεταγμένος
1569 3728 1767 3783 dicitur
1799 3747 1961 3792 μεσο-

396 3819 571 3881 Οινέας
609 3816 701 3870 καὶ
741 3820 920 3870 αὐτῶν
960 3819 1319 3887 ὀπτιμάτωνῖ
1357 3819 1634 3872 Traditam
1685 3818 1757 3872 illi
1793 3817 1961 3874 fuisse

397 3906 686 3976 regendam
732 3905 1110 3961 Mcsothiniam
1155 3909 1488 3977 provinciam
1535 3909 1679 3963 nulla
1734 3926 1960 3976 usquam

398 3999 527 4052 alibi
562 4010 642 4054 cst
677 4000 903 4054 mentio.
937 3998 1378 4070 Etprovinciam
1412 4001 1499 4054 hic
1535 4000 1648 4054 sive
1687 4001 1960 4070 regionem

397 4091 725 4154 ΜεσοΟινίας
781 4093 1040 4147 vocabulo
1089 4093 1338 4156 indicari,
1371 4092 1461 4146 vix
1518 4091 1660 4147 ferat
1702 4092 1961 4146 continue

396 4185 649 4253 adjuncta
681 4186 887 4239 mentio
911 4188 1244 4255 optimatum,
1277 4195 1332 4240 et
1363 4186 1581 4255 quidem
1611 4203 1732 4240 cum
1763 4200 1962 4256 prono-

398 4277 549 4329 mine
596 4271 851 4344 ipsorum,
905 4277 997 4328 καὶ
1047 4276 1227 4328 αὐτῶν
1278 4275 1614 4346 ὀπτιμάτων.
1681 4276 1820 4341 Quid
1874 4275 1964 4330 hic

398 4367 645 4422 dicemus
682 4367 892 4422 ?Aliud
937 4383 1085 4431 sane,
1121 4376 1406 4438 postquam
1441 4368 1608 4422 multa
1655 4369 1961 4436 disquisivi,

399 4473 509 4514 non
537 4461 776 4514 occurrit
808 4459 912 4512 nisi
959 4459 1272 4529 μεσοθινίαν
1319 4460 1406 4514 hic
1455 4459 1580 4528 po—ui
1620 4475 1717 4527 pro
1750 4459 1963 4529 legione

2060 1995 2192 2036 nere
2223 1982 2365 2049 apud
2401 1979 2764 2050 Acropolitam
2799 1995 2850 2034 ε.
2883 1980 2953 2034 64
2993 1978 3130 2032 Hist.
3175 1978 3530 2039 Μεσοθυνίαν,
3565 1979 3631 2030 de

2059 2089 2168 2142 qua
2238 2073 2324 2126 hic
2375 2082 2580 2136 actum,
2616 2087 2740 2126 cum
2782 2089 2820 2126 υ
2861 2071 3044 2126 scribi.
3099 2070 3329 2124 Codices
3374 2070 3628 2138 I‘achym.

2061 2180 2183 2218 cum
2216 2183 2231 2216 ι
2261 2163 2586 2222 Μεσοθινίαν
2619 2171 2934 2218 constanter
2963 2161 3228 2216 scribunt.
3272 2160 3334 2232 [Ρ
3365 2161 3492 2231 402]
3523 2161 3632 2214 llos

2060 2271 2162 2310 nos
2214 2255 2605 2322 expressimus.
2661 2253 2754 2308 Sic
2795 2261 2849 2306 et
2887 2253 2942 2306 in
2990 2250 3365 2304 Tocharorum
3413 2261 3467 2304 et
3513 2250 3634 2303 aliis

2059 2327 2380 2418 quibusdam
2431 2345 2706 2401 vocabulis
2739 2345 3050 2413 Acropolita
3098 2360 3126 2396 a
3174 2344 3372 2397 Nostro
3424 2343 3632 2405 dilicrt,

2061 2455 2164 2494 nec
2199 2443 2369 2494 nostri
2396 2439 2585 2510 judicii
2615 2449 2698 2493 est
2721 2437 2954 2493 delinire
2987 2446 3107 2492 uter
3135 2436 3421 2491 erraverit.
3453 2436 3633 2500 Quare

2065 2547 2176 2586 rem
2201 2533 2463 2603 integram
2491 2532 2851 2600 relinquimus
2873 2547 2888 2586 :
2913 2529 3058 2598 quod
3090 2530 3394 2597 reperimus
3419 2529 3632 2580 damus.

2132 2623 2298 2678 Μέπε
2338 2640 2390 2692 p.
2428 2623 2552 2679 illi.
2598 2623 2686 2677 Ait
2719 2621 2875 2691 Mepe
2913 2621 3105 2676 Iberia:
3139 2620 3327 2674 Davidi
3364 2621 3546 2674 datam
3580 2620 3632 2672 in

2063 2734 2284 2776 uxorem
2332 2718 2492 2771 tiliam
2545 2718 2786 2787 spuriam
2819 2715 3065 2786 conjugis
3098 2715 3338 2784 despotic
3383 2711 3633 2767 Joannis.

2061 2810 2162 2864 libi
2193 2805 2346 2879 'quid
2397 2809 2742 2878 suspicemur
2804 2809 2949 2861 aliud
2999 2822 3158 2876 quam
3202 2820 3512 2874 supremam
3580 2806 3632 2857 in

2065 2902 2234 2956 Iberia
2267 2910 2587 2970 potestatem
2620 2899 2882 2955 vocabulo
2919 2898 3024 2953 isto
3060 2897 3358 2968 designari,
3399 2906 3458 2951 ut
3490 2898 3635 2952 sicut

2062 2997 2224 3050 cratis
2265 2996 2316 3050 in
2352 2994 2566 3057 St'rbia,
2597 2994 2776 3048 sultan
2818 2994 2870 3046 in
2904 2991 3127 3046 Perside
3169 2998 3298 3045 tunc
3327 2991 3632 3056 dicebatur,

2062 3087 2152 3153 qui
2200 3086 2362 3139 rebus
2401 3085 2511 3139 illic
2542 3091 2795 3152 praeerat,
2834 3079 2915 3136 sic
2958 3081 3238 3135 lherorum
3274 3081 3632 3135 Asiaticorum

2066 3187 2244 3232 rector
2269 3176 2419 3246 Mope
2447 3185 2752 3232 vocaretur.
2787 3175 2862 3229 De
2896 3191 3004 3245 quo
3031 3185 3208 3229 tamen
3249 3174 3479 3244 amplius
3512 3190 3636 3242 pro-

2061 3271 2276 3335 nuntio,
2314 3269 2490 3338 quoad
2531 3269 2740 3325 certius
2789 3268 2913 3339 ejus
2951 3267 3025 3323 rei
3083 3267 3459 3323 testimonium
3501 3283 3632 3336 sup-

2061 3371 2211 3433 petat
2242 3363 2342 3432 (l).

2129 3454 2483 3522 Μετάληψις
2529 3469 2584 3524 p.
2643 3453 2768 3509 561.
2819 3453 2906 3509 Ait
2978 3452 3248 3508 admissos
3299 3453 3364 3507 ad
3417 3466 3633 3504 onmem

2061 3549 2502 3602 communionem
2552 3562 2837 3602 sacrorum
2896 3547 3120 3600 Latinos
3166 3561 3195 3599 a
3234 3543 3433 3599 Grtecis
3481 3546 3634 3613 jussu

2064 3639 2426 3704 imperatoris.
2471 3638 2981 3694 reconciliationem
3012 3637 3386 3692 Ecclesiarum
3433 3650 3634 3705 procu-

2064 3732 2266 3794 rantis,
2313 3741 2537 3799 excepta
2586 3730 2908 3800 μεταλήψει,
2948 3745 3107 3798 quam
3145 3743 3253 3784 non
3300 3728 3637 3797 quaerebant.

2064 3819 2130 3874 Et
2160 3830 2340 3874 tamen
2373 3830 2532 3873 antea
2568 3819 2780 3874 dixerat
2805 3834 2901 3874 eos
2929 3818 3362 3872 conununicasse
3391 3820 3552 3871 etiam
3583 3817 3639 3868 ἐν

2065 3913 2366 3983 μεταλήψει
2387 3911 2480 3964 τοῦ
2507 3912 2651 3963 Οείου
2670 3913 2858 3979 ἄρτου,
2878 3911 2934 3962 ὃν
2971 3911 3265 3979 ἀντίδωρον
3291 3910 3559 3976 λέγουσιν,
3586 3911 3640 3963 in

2062 4004 2385 4072 perceptione
2417 4005 2556 4055 sacri
2579 4003 2756 4067 panis,
2791 4018 2942 4070 quem
2975 4001 3277 4054 antidorum
3309 3999 3506 4055 dicunt.
3537 4002 3637 4066 Qui

2063 4096 2221 4166 panis
2258 4110 2380 4148 cum
2438 4104 2854 4162 repraesentaret
2906 4093 3328 4151 Eucharistiam.
3382 4093 3638 4147 videntur

2063 4187 2227 4240 etiam
2261 4184 2435 4238 Latini
2474 4200 2582 4238 non
2625 4185 2925 4240 recusaturi
2963 4199 3081 4238 eam
3110 4199 3234 4238 cum
3268 4183 3469 4238 Grmcis
3507 4202 3632 4254 pcr-

2063 4278 2264 4346 cipere.
2301 4278 2564 4332 Nimirum
2599 4277 2904 4348 μετὰληψις
2933 4293 2999 4333 ex
3036 4293 3136 4332 usu
3163 4276 3477 4332 Cra-corum
3514 4295 3637 4348 pro-

2064 4371 2182 4440 prie
2234 4369 2502 4440 signitleat
2544 4371 2920 4439 sumptionem
2969 4370 3082 4444 vini
3139 4372 3470 4434 consecrati,
3523 4372 3640 4425 sive

2065 4459 2368 4531 specierum
2392 4457 2671 4530 sanguinis
2689 4458 2917 4524 Christi,
2950 4475 3114 4529 quam
3148 4461 3272 4515 ideo
3304 4462 3356 4514 in
3390 4476 3638 4516 commu-

396 4552 628 4622 qnadam
682 4562 776 4605 aut
819 4560 972 4619 parte
1019 4549 1390 4604 Romanarum
1445 4552 1727 4620 copiarum
1774 4568 1842 4607 ex
1897 4553 1962 4606 iis
1995 4573 2038 4628 ι)
2067 4554 2232 4606 nione
2284 4551 2416 4607 laica
2471 4551 2651 4606 Latini
2714 4568 2813 4604 non
2861 4553 3191 4622 quaerebant,
3240 4554 3341 4607 οὐκ
3384 4554 3636 4624 ἔχρῃζεν,

397 4643 628 4697 conﬂata
669 4643 930 4697 militibus
973 4643 1064 4712 qui
1111 4642 1471 4698 Mesothinita:
1518 4644 1721 4712 vulgari
1773 4643 1961 4714 lingua

396 4733 742 4792 dicebantur.
779 4735 898 4789 lloc
925 4734 1138 4789 videtur
1179 4750 1279 4789 nos
1308 4735 1506 4789 docere
1531 4745 1715 4789 noster
1748 4745 1961 4800 auctor,

396 4833 526 4882 dum
579 4827 672 4881 illo
735 4845 783 4881 ε.
842 4829 936 4894 27,
989 4830 1027 4882 l.
1081 4843 1132 4882 IV
1177 4829 1254 4883 sic
1298 4828 1538 4896 loquitur
1586 4843 1653 4882 ex
1711 4833 1966 4884 versione

397 4930 605 4984 nostra,
638 4921 704 4974 de
733 4920 992 4976 Romanis
1021 4936 1188 4992 agens
1221 4921 1392 4989 copiis
1421 4919 1768 4975 validissimis
1793 4920 1963 4976 Joan-

397 5014 482 5066 nis
545 5014 783 5083 despotze
837 5015 1024 5068 ductui
1088 5014 1368 5083 permissis
1419 5031 1432 5067 :
1491 5012 1837 5082 Con/labatur
1885 5015 1966 5067 hic

393 5097 649 5160 exercitus
672 5122 753 5164 ,επ
785 5106 1138 5174 differentibus
1164 5107 1463 5175 corporibus
1493 5087 1704 5159 et‘velut
1740 5106 1965 5174 collegiis

396 5197 623 5250 militum
657 5237 670 5250 .
711 5239 724 5251 .
759 5235 774 5250 .
809 5215 970 5251 unum
1013 5206 1127 5250 erat
1167 5199 1616 5268 Paphlagonicum
1665 5238 1680 5252 .
1714 5235 1729 5251 .
1767 5238 1780 5252 .
1816 5199 1964 5251 aliud

395 5294 591 5338 cumet
628 5287 797 5354 ipsum
842 5287 1175 5341 multitudine
1216 5298 1324 5341 tum
1356 5289 1405 5342 vi
1449 5298 1650 5342 et.arte
1708 5274 1964 5357 praestans

395 5375 601 5430 bellica.
637 5394 700 5435 ea:
747 5376 1117 5441 Halizonibus,
1168 5396 1293 5448 quos
1345 5376 1705 5433 Mesothinitas
1749 5380 1964 5450 vulgare

391 5469 538 5522 dicat
588 5470 806 5523 idioma.
861 5473 937 5524 En
970 5472 1100 5541 quid
1146 5471 1467 5527 Mesotbinia
1507 5472 1623 5528 haec
1674 5473 1962 5528 fueritcui

394 5571 526 5614 tunc
557 5563 879 5631 praepositus
913 5562 1138 5616 Michael
1175 5563 1501 5634 Palaeologns
1533 5565 1603 5618 ab
1638 5566 1964 5634 imperatore

393 5653 569 5708 fuerat
603 5671 618 5707 :
657 5669 764 5707 non
811 5655 978 5726 regio,
1023 5655 1116 5710 scd
1155 5656 1292 5726 legio
1329 5655 1607 5726 μεσοθινεα
1639 5656 1958 5728 l’acltymcri

466 5825 545 5895 (l)
571 5824 655 5882 Cf.
692 5827 1035 5884 Gloxsarium'
1061 5829 1306 5885 alterunt.

2064 4644 2208 4714 quod
2241 4660 2302 4698 ea
2333 4644 2436 4698 sibi
2463 4644 2715 4700 sciebant
2741 4645 3102 4700 interdictum
3133 4647 3238 4700 ritu
3271 4647 3637 4702 Occidentalis

2066 4735 2342 4790 Ecclesiae.
2376 4735 2566 4790 Docuit
2597 4747 2684 4789 me
2711 4736 2855 4790 hanc
2881 4737 3270 4806 proprietatem
3299 4739 3448 4792 meis
3475 4737 3637 4808 μετὰ.

2065 4829 2228 4898 ληψις
2260 4829 2344 4882 vir
2372 4826 2715 4897 pereruditus
2743 4837 2798 4880 et
2824 4827 2876 4881 in
2902 4829 3092 4898 primis
3117 4830 3298 4884 sciens
3321 4828 3634 4883 Graecorum

2067 4917 2269 4972 rituum
2299 4919 2535 4974 Jacobus
2585 4918 2727 4974 Goar
2752 4917 2816 4974 Ο.
2849 4920 2910 4974 Ρ.
2942 4919 3036 4988 qui
3071 4920 3214 4974 notis
3245 4919 3309 4972 ad
3341 4918 3634 4990 Liturgiam

2070 5007 2128 5060 S.
2153 5007 2378 5062 Joannis
2398 5007 2679 5078 Chrysost.
2700 5024 2754 5076 p.
2783 5009 2884 5062 150
2909 5005 3192 5078 Eucholog.
3236 5009 3399 5063 refert
3421 5009 3636 5063 Grzrcos

2067 5102 2120 5154 in
2154 5102 2264 5170 ipsa
2296 5102 2482 5155 altaris
2508 5102 2716 5157 concha
2747 5101 3043 5172 depingere
3087 5102 3381 5172 imaginem
3429 5103 3632 5158 Christi

2071 5192 2278 5248 Domini
2307 5195 2599 5262 pontiﬁciis
2624 5193 2869 5251 vestibus
2899 5194 3098 5259 ornati,
3129 5198 3432 5252 decussatis
3461 5199 3635 5252 mani-

2065 5293 2168 5347 bus
2217 5308 2410 5363 panem
2450 5303 2828 5349 consecratum
2873 5295 3083 5360 dextra,
3116 5296 3338 5349 calicem
3389 5312 3519 5351 vero
3563 5295 3636 5348 si-

2065 5387 2234 5438 nistra
2261 5385 2610 5454 prolerentis,
2644 5385 2906 5454 inscripto
2930 5386 2997 5440 ad
3024 5387 3302 5441 dexteram
3328 5397 3384 5440 et
3414 5401 3631 5440 sacrum

2064 5474 2267 5530 Christi
2293 5491 2494 5547 corpus
2523 5476 2788 5530 vocabulo
2827 5477 3137 5546 μετάδοσις,
3168 5478 3232 5531 ad
3275 5477 3462 5531 ltevam
3505 5491 3632 5531 vero

2064 5575 2119 5621 et
2153 5566 2374 5621 calicem
2410 5577 2591 5622 nostra
2623 5569 2726 5623 hac
2769 5585 2898 5623 voce
2933 5570 3256 5638 μετάληψις.
3291 5569 3427 5624 llinc
3460 5571 3627 5626 habe-

2066 5673 2184 5710 mus
2210 5657 2564 5728 μεταλήψεως
2604 5661 2924 5715 vocabulum
2962 5661 3249 5730 aliquando
3287 5663 3508 5732 proprie
3538 5678 3630 5717 ac-
