3992 6540
434 444 437 445 ν
472 384 612 452 1047

464 500 797 557 commodari
858 504 926 561 ad
985 512 1394 580 perceptionem
1451 518 1589 572 sacri

464 589 780 662 aliquando,
826 598 952 668 quia
988 609 1188 670 praeter
1223 604 1274 659 id
1309 609 1451 677 quod
1483 612 1757 680 superius,
1789 623 1848 668 ut
1874 615 2038 669 modo

461 681 843 774 admouebam,
877 691 1179 763 μετάληψις
1209 695 1524 768 adiungitur
1557 700 1638 773 τῷ
1682 701 1813 772 θείῳ
1863 704 2033 774 ἄρτῳ,

461 771 623 829 etiam
677 776 840 845 inira,
890 794 942 837 c.
976 781 1140 849 56,1.
1196 803 1271 855 ιἰ,
1325 771 1622 859 imperator
1681 771 2039 854 moribundus

459 865 662 924 dicitur
712 871 812 940 τὴν
873 873 1039 942 ἁγίαν
1108 881 1415 952 μετάληψιν
1478 884 2038 956 δέχεσθαιμνίάριιιι·

432 958 439 971 ”
459 967 642 1013 autem
687 960 935 1026 indicare
968 966 1080 1023 illic
1107 969 1402 1029 historicus
1439 975 1696 1040 voluisse,
1733 982 2037 1049 sumpsisse

459 1060 590 1107 tunc
617 1051 769 1108 illum
794 1056 1195 1116 Eucharistiam
1220 1080 1329 1133 quo
1361 1066 1523 1123 modo
1552 1069 1799 1124 solebant
1822 1088 2039 1129 sumere

459 1143 711 1201 morituri
743 1149 888 1218 apud
915 1148 1155 1221 Graecos,
1193 1155 1408 1213 hoc-est
1439 1161 1542 1215 sub
1572 1170 1803 1232 utraque
1831 1165 2035 1233 specie.

460 1233 595 1289 Nam
626 1236 790 1312 584
831 1258 1006 1313 teque,
1056 1247 1281 1318 opinor,
1330 1251 1397 1306 ad
1451 1260 1742 1324 utramque
1794 1242 2034 1326 speciem

457 1327 733 1395 pertinent
761 1346 1061 1392 memorata
1081 1340 1241 1407 paulo
1270 1342 1420 1411 prius
1447 1343 1691 1414 σύμϐολα
1713 1347 1808 1400 τοῦ
1832 1351 2039 1402 Δεσπο-

459 1417 614 1470 τικοῦ
647 1417 902 1478 θανάτου.
951 1424 1067 1481 Nisi
1102 1429 1241 1485 forte
1289 1432 1413 1502 quis
1448 1436 1756 1503 suspicetur
1795 1454 2039 1497 extremo

461 1506 723 1580 languore
756 1512 1200 1597 conﬂictantibus
1242 1523 1362 1578 dari
1392 1525 1604 1580 solitam
1646 1529 1870 1584 alteram
1917 1540 2036 1586 tan-

461 1613 575 1659 tum
612 1607 875 1675 speciem,
914 1626 1113 1683 nempe
1151 1614 1437 1688 liquidam,
1485 1636 1650 1693 quam
1697 1626 2037 1681 commodius

462 1700 894 1758 transmittereut
918 1718 1018 1774 per
1039 1705 1229 1763 fauces
1256 1712 1513 1767 catarrbo
1536 1715 1808 1777 obsessas.
1837 1726 1894 1772 et
1915 1719 2040 1775 ideo

462 1790 820 1861 μεταλήψεως
849 1795 1041 1863 solius,
1079 1798 1185 1854 hoc
1210 1811 1292 1857 est
1322 1802 1430 1858 vini
1470 1809 1772 1862 consecrati
1803 1823 2036 1864 conver-

1372 409 1436 471 P.
1480 410 1788 472 POSSI'NI
1831 413 2483 503 OBSERVATIONUM
2527 425 2673 486 LIB.
2716 426 2764 487 l.

3571 433 3696 507 tota

1648 520 1854 575 calicis.
1924 521 2039 575 Dixi
2075 538 2112 592 Α
2146 528 2328 604 autgin
2369 530 2421 582 id
2458 529 2615 587 facile
2634 534 3063 592 ‘discerueretur
3091 537 3145 592 in
3189 552 3348 595 causa
3386 549 3520 607 erat,
3558 545 3685 612 quod

2141 634 2338 675 manus
2359 630 2411 675 et
2436 621 2606 675 forma
2630 624 2933 681 l.tterarum
2950 626 3249 685 Andronici
3270 628 3349 686 sic
3380 634 3691 702 congruebat

2140 726 2264 765 cum
2294 723 2541 783 paterna,
2580 726 2643 771 ut
2680 719 2899 774 nonnisi
2936 737 3081 794 aegre
3126 723 3289 778 etiam
3321 739 3352 779 a
3394 726 3563 795 perito
3590 727 3690 784 dis-

2143 803 2512 872 tingueretur:
2546 807 2669 861 Ἐπὶ
2685 810 2939 865 τοσοῦτον
2957 813 3066 885 γὰρ
3091 815 3184 868 καὶ
3213 816 3477 885 παρέῖκτο
3494 821 3595 881 τοῖς
3608 821 3690 872 τού

2145 895 2352 965 πατρὸς
2386 897 2463 961 ὡς
2497 900 2571 969 μὴ
2606 901 2806 971 ῥᾳδίως
2827 902 3121 970 διαγνῶναι
3148 904 3291 976 ἔχειν
3325 907 3423 962 καὶ
3447 907 3535 962 τδν
3561 910 3689 983 είδὴ-

2143 1005 2297 1056 μονα.
2330 987 2597 1059 Gregoras
2621 992 2680 1059 (l.
2705 1009 2779 1058 iv,
2809 1009 2864 1064 p.
2890 994 2960 1050 52
2977 996 3064 1051 ed.
3091 996 3254 1053 Basil.
3277 1012 3371 1052 an.
3401 1000 3554 1069 1562)
3568 1001 3691 1056 refe.

2140 1095 2270 1133 rens
2319 1089 2570 1137 ornatum
2603 1082 2909 1157 insignibus
2939 1089 3159 1160 imperii
3187 1104 3218 1143 a
3244 1100 3402 1160 patre
3434 1090 3691 1148 Androni-

2139 1186 2259 1225 cum
2278 1172 2431 1227 addit
2455 1191 2470 1227 :
2507 1174 2803 1248 Ἐπέτρεψε
2829 1178 2876 1231 δ’
2898 1180 3048 1251 αὖτῷ
3075 1181 3103 1234 ὁ
3128 1182 3312 1254 πατὴρ
3338 1182 3498 1257 585
3528 1187 3614 1237 xui
3633 1186 3690 1239 δι’

2139 1263 2387 1335 ἑρυθρῶν
2427 1266 2771 1339 ὑπογράφειν
2806 1273 3157 1343 γραμμάτων
3186 1275 3611 1344 προστάγματα,
3638 1278 3690 1329 ού

2142 1356 2321 1423 μέντοι
2357 1358 2500 1428 μῆνα
2522 1360 2617 1413 καὶ
2646 1361 2899 1428 Ινδικτον,
2918 1364 3076 1435 ἀλλὰι
3107 1366 3451 1438 Ἀνδρόνικος
3473 1366 3690 1438 Χριστοῦ

2138 1446 2324 1517 χάριτι
2353 1449 2611 1520 βασιλεὺς
2655 1452 2964 1525 Ῥωμαίων.
3004 1458 3251 1512 Permisit
3283 1476 3407 1513 vero
3437 1461 3533 1528 ipsi
3558 1470 3713 1533 pater

2140 1540 2653 1598 edictissubscribere
2678 1546 2852 1602 rubris
2875 1547 3090 1615 litteris,
3114 1561 3364 1605 ceterum
3401 1553 3512 1605 sine
3536 1569 3692 1607 mense

2138 1640 2186 1685 et
2216 1633 2541 1690 indictione:
2583 1637 2694 1702 sed,
2729 1638 3058 1695 Andronicus
3104 1642 3305 1698 Christi
3338 1644 3513 1715 gratia
3551 1645 3692 1714 impe-

2138 1736 2286 1779 rator
2320 1726 2700 1807 Romanorym.
2733 1731 2860 1787 Haec
2890 1734 3199 1805 Gregoras;
3230 1752 3297 1791 ex
3329 1736 3528 1806 quibus
3557 1736 3692 1791 intel-

2139 1816 2271 1887 liges
2301 1819 2429 1888 quid
2459 1820 2529 1875 sit
2554 1822 2701 1891 quod
2725 1822 3089 1895 Pachymcres
3116 1827 3341 1897 scripsit
3375 1827 3691 1898 ὑπογράφειν

348 1902 355 1909 ’
458 1882 613 1990 δίιιιις
725 1881 924 1990 Citristi
949 1892 1292 1962 sanguinem,
1324 1893 1520 1952 factum
1549 1898 1639 1953 hic
1668 1901 2023 1964 mentionem,
2063 1895 2104 1951 Β
2138 1881 2451 1977 βασιλικῶς,
2475 1881 2799 1969 subscribere
2824 1881 2962 1988 re'gie
2994 1935 3011 1971 :
3036 1881 3282 1975 estveniin
3303 1881 3692 1990 ἱάδῠπογράᾧειν

459 1974 605 2043 quod
641 1977 692 2032 id
724 1978 900 2035 solum
932 1991 1044 2039 tum
1075 1985 1352 2056 Augustus
1382 1994 1710 2063 perceperit.
1744 1993 1876 2048 Nam
1906 1996 2033 2049 soli-

460 2074 547 2121 tos
564 2065 674 2137 jam
702 2069 830 2125 olim
855 2071 1076 2132 Graecos
1098 2077 1267 2136 fuisse
1292 2083 1511 2153 aegrotis
1533 2084 1587 2139 in
1617 2100 1743 2141 eum
1775 2088 1825 2141 vi
1857 2088 2031 2142 morbi

456 2164 659 2213 statum
690 2162 926 2221 redactis
948 2176 1009 2221 ut
1040 2184 1182 2239 aegre
1220 2172 1374 2240 panis
1406 2175 1618 2243 species
1650 2176 1929 2247 giutircnt,
1966 2193 2035 2231 ne

458 2248 581 2305 sine
605 2251 805 2310 viatico
828 2257 1064 2321 abirent,
1091 2263 1330 2330 speciem
1360 2265 1474 2319 vini
1500 2267 1811 2322 ministrare
1839 2272 2032 2331 solam.

456 2341 615 2397 docet
644 2342 839 2402 Petrus
882 2350 1174 2416 Arcadius,
1199 2353 1235 2409 l.
1275 2368 1333 2408 ιιι
1363 2356 1439 2411 De
1487 2360 1761 2412 concordia
1792 2359 2035 2413 Ecclesia:

460 2428 727 2489 Oriental.
757 2445 808 2489 et
834 2435 1161 2494 Occidental.
1190 2452 1324 2506 etc.,
1359 2459 1413 2512 p.
1463 2446 1586 2500 555.

525 2524 849 2594 Μετόχιον,
904 2543 958 2598 p.
989 2529 1117 2585 270.
1146 2531 1271 2603 Agit
1302 2535 1370 2588 de
1401 2536 1731 2591 domuncula
1769 2553 1893 2592 cum
1946 2554 2033 2592 sa-

456 2618 598 2674 cello
634 2619 743 2676 divi
786 2621 992 2678 Nicolai
1034 2625 1101 2679 ad
1142 2642 1296 2681 mare
1326 2627 1452 2695 sita,
1494 2645 1656 2699 quam
1694 2631 1825 2685 dicit
1864 2630 2035 2687 fuisse

459 2712 714 2781 μετόχιον
750 2714 851 2784 τῆς
897 2714 1106 2782 Ὀξείας
1144 2720 1460 2773 metocliium
1490 2720 1872 2777 Oxeaainsula:
1906 2724 2037 2778 Pro-

456 2802 716 2870 pontidis,
766 2805 833 2879 ad
884 2822 1047 2878 quam
1094 2809 1372 2879 deportari
1429 2812 1613 2875 iussus
1655 2792 2032 2884 expatriarcha

456 2896 742 2954 Arsenius.
802 2898 859 2954 In
913 2915 975 2955 ea
1026 2902 1277 2964 atdiculi.
1332 2904 1536 2974 quippe
1592 2907 1921 2962 imminente
1979 2908 2032 2961 in

458 2990 820 3047 rectissimum
874 2992 1004 3050 illuc
1050 2994 1361 3065 trajectum,
1405 3008 1502 3053 aut
1554 2998 1695 3055 l'orte
1745 3000 1909 3055 etiam
1967 3000 2034 3054 ad

460 3084 774 3139 monasterii
813 3083 1101 3151 Oscensis,
1144 3089 1231 3142 cui
1264 3090 1624 3146 addicebatur
1661 3107 1726 3147 eo
1765 3093 2037 3162 relegatus

458 3176 741 3240 Arsenius,
789 3176 880 3245 jus
927 3178 1342 3249 dominiumque
1389 3181 1719 3251 pertinente,
1766 3184 1947 3239 obiter
1990 3185 2036 3238 is
2070 3228 2108 3251 ,,

460 3267 744 3335 depositus
777 3277 883 3323 est.
907 3268 970 3322 L.
1005 3286 1037 3323 ν
1060 3309 1074 3333 ,
1112 3285 1162 3325 c.
1206 3272 1263 3336 2,
1314 3287 1515 3328 nomen
1565 3273 1708 3330 idem
1763 3275 1963 3330 iterum
2007 3292 2035 3329 a
2068 3266 2133 3289 “’“

458 3358 656 3414 Nostro
694 3359 757 3431 [l’
807 3361 937 3431 4051
988 3361 1279 3418 adhibetur
1319 3365 1372 3420 in
1424 3366 1511 3421 his
1562 3366 1779 3422 verbis:
1825 3369 1937 3439 Τὴν
1983 3368 2038 3421 δὲ

463 3453 629 3529 μονὴν
661 3453 879 3523 ἐκείνην
921 3454 1186 3524 (loquitur
1218 3456 1285 3509 de
1318 3458 1652 3513 monasterio
1681 3460 1826 3529 quod
1864 3459 2041 3514 fuerat

458 3526 795 3613 Blcmnsidm)
836 3549 901 3617 τῇ
947 3546 1039 3600 τοῦ
1088 3548 1353 3619 Γαλησίον
1381 3554 1515 3620 μονῇ
1572 3526 1907 3619 ὑποτεθῆναι
1959 3553 2040 3615 εἰς

463 3637 737 3707 μετόχιον.
778 3635 986 3693 Iudicat
1018 3642 1414 3696 monasterium
1459 3643 1605 3713 quod
1646 3642 1826 3697 fuerat
1857 3642 2037 3697 Biem-

461 3731 642 3798 midae,
677 3731 1049 3789 contribulem
1094 3742 1149 3788 et
1198 3735 1501 3805 subjectum
1555 3736 1890 3792 monasterio
1935 3734 2041 3790 Ga-

458 3825 604 3881 lesii.
633 3826 843 3896 Aliqua:
870 3827 1137 3898 religiosa:
1171 3827 1390 3882 iainiliae
1432 3829 1636 3885 habent
1661 3830 2040 3885 extraordina-

465 3921 572 3974 rius
622 3921 837 3986 domos,
893 3922 1140 3991 qua-dam
1192 3938 1314 3992 quae
1378 3934 1577 3979 vocant
1637 3918 1887 3993 hospitia,
1944 3923 2038 3979 ubi

444 4014 817 4069 idiverscutnr
852 4014 1064 4069 illarum
1112 4015 1348 4069 ministri
1385 4024 1480 4069 aut
1518 4014 1775 4087 religiosi,
1814 4015 1905 4085 qui
1945 4029 2045 4073 ne-

463 4110 593 4180 gotii
648 4124 811 4165 causa
859 4109 911 4163 iu
962 4110 1097 4165 locis
1151 4110 1258 4165 illis
1314 4111 1753 4181 peregrinantur.
1814 4107 2042 4165 Videtur

461 4197 593 4278 quid
620 4202 798 4256 simile
828 4216 962 4255 voce
987 4202 1239 4272 μετόχιον
1266 4203 1358 4258 hic
1393 4202 1686 4274 designari.

535 4292 915 4361 Μηνολογεῖν
953 4308 1004 4361 p.
1040 4292 1168 4347 3i9.
1209 4292 1322 4349 Hoc
1357 4293 1476 4349 loco
1519 4293 1839 4364 μηνολογεῖν
1878 4292 2045 4362 signi-

463 4385 592 4439 ﬂeat
637 4400 882 4439 mensem
929 4400 1207 4455 apponere
1265 4386 1660 4457 diplomatibus
1697 4396 1793 4440 aut
1838 4384 2046 4439 chartis

469 4478 665 4547 regiis:
700 4477 849 4546 quod
878 4477 980 4530 sibi
1011 4478 1106 4531 uni
1143 4478 1374 4532 Michael
1404 4479 1681 4550 Augustus
1708 4486 2043 4533 reservatum

2137 2001 2203 2065 δι’
2232 2002 2499 2073 ἐρυθρῶν,
2523 2005 2841 2062 subscribere
2869 2010 3040 2063 rubris
3056 2009 3265 2069 litteris.

2209 2097 2626 2165 Μνημονεύειν
2657 2099 2753 2153 καὶ
2788 2102 3188 2169 μνημόσυνον
3220 2117 3275 2172 p.
3321 2102 3448 2155 ὅτι.
3481 2100 3597 2157 Haec
3623 2102 3691 2158 oi—

2139 2185 2514 2242 ft-rcbantura
2544 2187 2748 2244 Graecis
2780 2206 2954 2261 papae,
2981 2192 3025 2245 si
3052 2192 3217 2245 vellet
3259 2193 3538 2247 abstinere
3562 2208 3588 2246 a
3609 2194 3686 2263 ju-

2140 2278 2327 2334 randis
2351 2277 2557 2335 Latinis
2577 2279 3106 2352 Constantinopolim
3137 2294 3266 2340 tunc
3296 2284 3686 2353 occupantibus.

2141 2370 2320 2425 Verbo
2340 2387 2446 2441 μνη
2456 2371 2705 2438 μονεύειν
2717 2373 3056 2444 signiﬁcatur
3068 2374 3326 2429 distincta
3350 2377 3548 2430 mentio
3562 2391 3583 2445 ι
3598 2390 3692 2443 ιρω

2141 2463 2192 2516 in
2228 2463 2401 2517 sacris
2434 2463 2747 2520 Graecorum
2783 2467 3019 2538 liturgiis
3050 2468 3263 2537 publice
3287 2484 3355 2522 ac
3398 2468 3690 2524 nominatim

2142 2554 2408 2609 facienda;
2448 2555 2569 2625 ipsa
2598 2572 2762 2626 porro
2789 2557 2908 2612 talis
2935 2560 3392 2614 commemoratio
3420 2559 3480 2611 τὸ
3509 2559 3691 2628 μνημό-

2141 2662 2296 2696 συνον
2341 2644 2594 2699 absolute
2635 2646 3014 2701 antonomasia
3069 2647 3481 2717 compendiaria
3517 2646 3692 2703 dicitur

2142 2738 2193 2807 in
2224 2740 2320 2790 hac
2351 2737 2597 2799 historia,
2619 2747 2680 2792 ut
2705 2738 2956 2806 superius
2984 2738 3218 2793 diximus
3243 2739 3415 2793 verbo
3434 2737 3689 2807 ἔκκλητον.

2140 2796 2222 2882 λὺ
2256 2829 2357 2884 hac
2382 2827 2607 2881 Romani
2635 2828 2906 2899 pontiﬁcis
2936 2830 3077 2882 inter
3105 2844 3257 2895 sacra
3305 2840 3679 2893 commemora-

2142 2922 2289 2974 tione
2317 2935 2413 2973 cur
2442 2928 2727 2990 tantopere
2755 2920 2925 2976 Graeci
2949 2921 3341 2984 abhorrerent,
3366 2936 3574 2977 causam
3596 2935 3685 2972 non
3757 2932 3767 2940 ‘

2140 3028 2260 3066 esse
2292 3013 2571 3082 sapienter
2602 3013 2845 3068 ostendit
2867 3014 3186 3083 imperator,
3229 3014 3323 3067 his
3366 3013 3484 3068 illos
3517 3026 3692 3083 urgens

2143 3103 2361 3158 verbis:
2408 3102 2546 3155 Τίνα
2574 3102 2621 3155 δ’
2646 3102 3162 3173 ἔχειάντικανονίαν
3210 3104 3245 3175 ἡ
3282 3102 3379 3155 ἐπ’
3422 3101 3689 3170 ἐκκλησίας

2144 3194 2396 3265 ἀναφορά
2429 3194 2524 3248 τοῦ
2571 3194 2838 3265 ὀνόματος
2889 3195 3151 3266 (subaudi
3199 3197 3415 3266 papae).
3470 3195 3595 3248 ὅπου
3634 3208 3686 3258 γε

2146 3289 2238 3341 καὶ
2292 3287 2366 3356 μὴ
2393 3286 2627 3351 πάππας
2670 3286 2828 3350 ὄντας
2851 3287 2972 3349 τοὺς
2998 3285 3188 3348 ἄλλους
3211 3286 3432 3355 ἀνάγκη
3471 3284 3690 3356 μετέχειν

2141 3377 2355 3431 τοιᾶσδε
2373 3378 2472 3447 τῆς
2503 3377 2811 3439 κοινωνίας,
2840 3379 2954 3439 τοῖς
2974 3376 3433 3447 ἐκκλησιάζουσιν
3464 3391 3687 3427 συνιστα-

2146 3469 2337 3540 μένους
2374 3468 2466 3522 τοῦ
2500 3468 2712 3541 ἱερέως.
2738 3469 2904 3534 Quasi
2935 3469 3141 3522 diceret
3171 3486 3183 3521 :
3216 3468 3362 3534 Quid
3398 3477 3592 3522 tantum
3615 3479 3689 3518 re—

2142 3559 2330 3632 fugitis
2366 3576 2396 3615 a
2427 3559 2761 3616 nominando
2800 3560 2943 3614 inter
2988 3574 3201 3614 sacrum
3253 3575 3418 3631 papa,
3467 3573 3582 3613 cum
3627 3555 3687 3608 ibi

2145 3653 2345 3707 multos
2370 3653 2527 3716 alios,
2561 3650 2802 3707 minoris'
2824 3653 3009 3720 utique
3041 3652 3346 3721 dignitatis,
3394 3648 3686 3704 nominatim

2144 3745 2373 3815 exprimi
2431 3761 2531 3800 usu
2581 3745 2711 3800 olim
2751 3746 2989 3814 legitimo
3037 3744 3372 3799 invalucrit?
3424 3740 3685 3798 Verissima

2144 3840 2264 3893 bare
2285 3847 2432 3893 sunt.
2466 3836 2601 3891 Nam
2645 3837 2697 3890 in
2726 3836 2966 3905 Liturgia
3002 3836 3172 3890 sancti
3216 3834 3451 3891 Joannis
3480 3834 3688 3904 Chryso-

2143 3930 2304 3986 stomi
2341 3928 2732 4000 bmclcgimus,
2768 3943 2820 3997 p.
2855 3928 2925 3981 78
2977 3927 3291 3997 Eucliolngii
3323 3945 3337 3982 :
3394 3923 3638 3979 Ἐνταῦθα
3662 3924 3686 3973 ὁ

2172 4024 2349 4093 ἱερεὺς
2377 4019 2712 4091 μνημονεύει
2742 4011 2815 4073 ὧν
2836 4019 2979 4073 θέλει
3004 4018 3223 4083 ζώντων
3262 4020 3359 4073 καὶ
3382 4017 3687 4072 τεθνεώτων.

2156 4114 2330 4183 ’Υπὲρ
2361 4111 2580 4177 ζώντων
2600 4110 2771 4179 λέγει.
2809 4110 2981 4179 ’Υπὲρ
3020 4110 3321 4181 σωτηρίας,
3354 4109 3686 4176 ἐπισκέψεως,

2146 4206 2391 4274 ἀφέσεως
2417 4203 2525 4257 τῶν
2560 4202 2849 4274 ἁμαρτιῶν
2895 4202 2987 4256 τοῦ
3017 4202 3202 4255 δούλου
3231 4200 3325 4253 τοῦ
3348 4197 3482 4253 Θεοῦ
3508 4198 3689 4255 δεῖνος.

2148 4299 2247 4352 Hic
2274 4296 2520 4349 sacerdos
2552 4295 2787 4348 meminit
2820 4310 3043 4363 quorum
3086 4294 3195 4347 vult
3223 4293 3459 4350 vivorum
3486 4301 3530 4344 et
3575 4302 3691 4341 mor-

2150 4398 2381 4441 tuorum.
2406 4385 2511 4439 Pro
2534 4384 2659 4438 riuis
2687 4385 2835 4438 dicit.
2856 4381 2963 4436 Pro
2985 4383 3157 4437 salute
3181 4422 3195 4447 ,
3232 4383 3544 4449 proiectione
3563 4387 3606 4431 et
3624 4391 3691 4429 re-

2152 4478 2398 4532 missione
2426 4487 2758 4546 peccatorum
2789 4475 2923 4529 εει-υἱ
2961 4475 3053 4528 Dei
3083 4474 3149 4528 Ν.
3181 4453 3255 4527 lin
3300 4484 3360 4527 ut
3400 4467 3687 4526 nominatim

467 4571 661 4634 voluit,
730 4568 1054 4623 nominatim
1109 4570 1389 4639 excipiens
1448 4585 1516 4624 ne
1580 4569 1635 4624 id
1695 4569 2045 4624 Andronicus
2081 4573 2124 4626 D
2152 4570 2358 4624 mentio
2390 4569 2523 4623 litin
2556 4582 2713 4623 sacro
2741 4554 3060 4636 quorumvis
3089 4566 3156 4624 ad
3203 4565 3489 4618 arbitrium
3536 4572 3690 4615 sacer-

465 4665 629 4727 lilus,
687 4678 851 4733 quem
906 4663 960 4716 in
1023 4664 1237 4731 imperii
1304 4663 1641 4718 consortium
1698 4662 2041 4725 admittebat,

465 4755 647 4812 facere
683 4754 895 4811 se‘vivo
924 4764 1129 4826 posset.
1164 4756 1320 4811 Unde
1352 4754 1494 4810 idem
1518 4753 1715 4809 Noster
1747 4755 1801 4809 in
1831 4754 2045 4809 Andro-

467 4850 594 4907 nico
624 4849 789 4920 (quod
819 4848 967 4904 aliud
1002 4863 1163 4920 Opus,
1202 4848 1310 4905 Deo
1340 4850 1526 4912 dante,
1558 4863 1684 4903 mox
1716 4848 1966 4918 edemus)
1997 4848 2040 4902 l.

467 4963 507 5007 i,
539 4958 590 4999 c.
628 4943 680 5009 i,
720 4951 907 4999 narrat
947 4957 1072 4998 eum
1128 4953 1251 5013 post
1286 4943 1454 5012 patris
1488 4941 1768 4997 Michaelis
1811 4950 2043 4995 mortem

467 5038 708 5109 primum
732 5036 789 5092 in
821 5037 1029 5109 scripto
1050 5036 1213 5106 jussu
1239 5035 1384 5107 regio
1408 5034 1661 5089 mensem“
1676 5035 1995 5105 apposuisse
2024 5050 2038 5085 :

468 5132 597 5203 ἄρτι
654 5128 890 5201 πρώτως
951 5122 1467 5201 μηνολογησὰμενος
1521 5128 1873 5198 πρόσταγμα.
1926 5128 2046 5191 Quo

470 5220 663 5279 eodem
714 5221 920 5289 scripto
966 5220 1036 5275 ad
1084 5219 1453 5289 patriarcham
1503 5218 1713 5288 perlato
1744 5218 1819 5272 ait
1867 5218 2044 5283 illum,

474 5329 597 5370 cum
631 5328 780 5368 mors
808 5312 1092 5368 llicbaclis
1121 5312 1412 5375 celaretur,
1450 5309 1770 5381 Pachymeri
1804 5308 1905 5365 sibi
1943 5309 2043 5378 ipsi

477 5406 619 5460 forte
667 5404 866 5458 astanti
903 5403 1108 5473 regiam
1142 5402 1286 5455 illam
1321 5396 1569 5456 cli‘artam
1597 5400 1835 5464 dedisse,
1880 5399 2046 5464 Ἐρω-
2087 5419 2096 5429 ·

471 5497 582 5552 τῶν
614 5498 664 5549 εί
692 5496 854 5558 αὐτὶς
894 5494 1007 5565 ἔχοι
1041 5493 1243 5563 γνῶναι
1279 5492 1777 5564 διαστοχασάμενος
1808 5483 1871 5544 οὗ
1897 5505 2048 5553 τινος

473 5590 540 5643 ἂν
563 5587 650 5659 εἴη
678 5589 739 5640 τὸ
762 5586 1144 5659 μηνολόγημα,
1162 5585 1414 5650 Querens
1442 5567 1566 5637 num
1598 5599 1702 5652 qua
1736 5582 1843 5650 ipse
1868 5581 2045 5650 conje-

474 5691 626 5735 ctura
670 5687 811 5732 certo
841 5686 1009 5747 posset
1055 5675 1358 5747 dignoscere
1400 5676 1549 5741 cuius
1578 5691 1736 5728 manu
1774 5689 2047 5743 expressus

472 5772 665 5829 mensis
705 5779 854 5825 esset.
907 5768 963 5823 Si
1017 5768 1164 5823 enim
1226 5768 1521 5824 Andronici
1567 5782 1693 5823 esse
1738 5773 2042 5830 constaret,

475 5874 688 5938 certum
746 5862 887 5917 foret
926 5868 1309 5932 argumentum
1344 5859 1546 5916 obiisse
1586 5858 1925 5929 Michaelcm.
1966 5858 2047 5915 Ne

2155 4665 2317 4717 (lotis.
2354 4663 2413 4717 Ρ.
2462 4662 2661 4717 deinde
2718 4660 2814 4714 79:
2865 4660 2923 4713 ὐ
2968 4660 3027 4713 δὲ
3088 4659 3268 4730 ἱερεὺς
3303 4658 3533 4725 ὲκφωνεῖ
3561 4669 3574 4683 ·
3613 4650 3688 4705 Ἐν

2155 4753 2391 4823 πρώτοις
2419 4752 2711 4821 μνήσθητι,
2732 4750 2926 4819 Κύριε,
2959 4749 3053 4803 τοῦ
3084 4748 3487 4820 πανιερωτάτου
3514 4759 3689 4815 iur-90-

2156 4846 2371 4898 πολίτου
2401 4844 2561 4914 ἡμῶν
2589 4842 2682 4896 τοῦ
2711 4843 2902 4906 δεῖνος.
2956 4841 3209 4897 Sacerdos
3253 4857 3373 4895 uero
3421 4838 3690 4892 exclamat:

2154 4938 2235 5010 [Ρ.
2267 4937 2334 4991 40
2349 4936 2392 5009 ί]
2444 4937 2507 4991 1η
2548 4937 2732 5007 primis
2779 4945 3058 5000 memento,
3090 4933 3340 5000 Domine,
3374 4922 3690 4987 sacratissimi

2155 5031 2500 5100 metropolita:
2526 5030 2694 5083 nostri
2745 5028 2815 5084 N.
2867 5028 3110 5094 Quilibet
3160 5028 3322 5098 igitur
3364 5025 3631 5096 episcopus
3666 5031 3691 5068 a

2158 5122 2439 5178 sacerdote
2488 5123 2542 5176 in
2593 5121 2814 5177 dimcesi
2871 5122 2991 5190 eius
3017 5120 3330 5175 celebrante
3374 5117 3584 5173 nomine
3616 5128 3695 5166 ex-

2158 5229 2349 5286 presso
2396 5222 2749 5277 memoratur.
2787 5212 2927 5279 Quin
2960 5212 3148 5276 etiam,
3202 5220 3259 5267 ut
3309 5226 3429 5265 mox
3484 5206 3691 5271 additur,

2158 5308 2302 5361 idem
2336 5307 2511 5365 boans
2540 5305 2776 5361 liabetur
2806 5305 3045 5375 simplici
3085 5304 3354 5361 sacerdoti
3402 5312 3455 5357 et
3490 5301 3696 5369 impera-

2158 5400 2391 5454 toribus.
2428 5398 2519 5453 Sic
2544 5399 2689 5452 enim
2719 5399 3009 5452 ascribitur
3038 5415 3051 5452 :
3082 5395 3192 5450 Καὶ
3229 5398 3258 5450 ὁ
3296 5396 3538 5455 διάκονος
3581 5386 3694 5458 πρὸς

2157 5493 2222 5561 τῇ
2274 5488 2413 5560 θύρᾳ
2470 5487 2603 5550 στὰς
2663 5488 2848 5554 λέγει’
2902 5486 3009 5539 Τοῦ
3065 5486 3239 5550 δεῖνος
3315 5479 3692 5551 πανιερωτάτον

2162 5581 2561 5651 μητροπολίτού
2615 5581 2647 5651 ἢ
2697 5578 3021 5642 ἐπισκόπου,
3071 5580 3219 5642 ὅστις
3252 5578 3315 5632 ἂν
3341 5573 3399 5647 ᾖ,
3451 5573 3540 5628 καὶ
3574 5568 3693 5635 ὑπὲρ

2156 5672 2253 5725 τοῦ
2283 5674 2749 5743 προσκομίζοντοξ
2800 5672 2869 5724 τὰ
2918 5670 3051 5738 ἅγια
3096 5670 3245 5741 δῶρα
3293 5667 3460 5722 ταῦτα
3498 5659 3695 5718 νεύλαόε-

2156 5766 2353 5841 τὰστου
2418 5764 2609 5835 ἱερέως
2658 5762 2754 5816 τοῦ
2819 5762 3023 5833 δεῖνος’
3081 5762 3221 5837 ὑπὲρ
3288 5758 3554 5830 σωτηρίας
3605 5750 3695 5804 τῶν

2158 5857 2565 5912 εύσεὸεστάτων
2601 5861 2693 5910 καὶ
2736 5854 3119 5923 θεοιρυὶάκτων
3154 5854 3414 5925 βασιλέων
3446 5847 3590 5920 ἡμῶν
3615 5842 3695 5896 καὶ
