3992 6528
278 409 416 472 1049

1638 369 2150 471 dLOSSAtUU-M.

3385 391 3520 457 1050

273 527 491 576 πάντων
515 523 609 574 καὶ
640 522 852 578 πατῶν.
893 523 958 578 '0
992 523 1150 595 χορός
1175 525 1320 580 ’Καὶ
1353 528 1567 582 πάντων
1605 529 1700 582 καὶ
1740 547 1841 580 παι

1947 525 2128 579 Ionem
2165 527 2528 581 obedientiam
2564 527 2618 580 in
2675 531 2978 595 posterum.
3024 519 3117 575 sed
3157 533 3220 573 ea
3276 507 3515 587 prompti

275 614 414 666 σῶν.
451 611 518 666 Et
547 614 800 668 diaconus
839 615 909 668 ad
939 616 1162 685 ianuam
1193 629 1339 672 stans
1368 620 1602 674 dicit:...
1650 619 1717 673 Et
1750 636 1847 688 pro

273 705 519 773 oﬂ'erente
538 722 692 759 sacra
721 723 936 760 munera
970 709 1080 763 Iure
1111 712 1456 764 devotissimo‘
1476 713 1745 766 sacerdote
1774 712 1845 777 Ν,

275 811 372 862 pro
400 797 575 848 salute
602 797 933 865 piisimorum
966 808 1016 852 et
1039 817 1068 852 a
1105 800 1214 854 Deo
1256 803 1637 855 custoditorum
1683 803 1847 871 impe-

273 897 515 940 ratorum
569 897 889 956 nostrorum,
950 902 1000 946 et
1052 904 1357 948 cunctorum
1409 907 1456 949 et
1513 905 1844 949 cunctarum.

275 972 484 1028 Chorus
516 978 702 1043 repetit
733 993 752 1032 :
783 977 851 1032 Et
898 991 1206 1035 cunctorum
1259 994 1308 1036 et
1355 995 1681 1039 cunctarum.
1711 984 1845 1050 Quia

274 1066 420 1122 eiiim
473 1066 862 1137 imperatorum
926 1071 1090 1144 586
1149 1076 1414 1129 vocabulo
1470 1077 1746 1144 Augustus
1793 1085 1848 1130 et

275 1157 518 1227 Augusta
547 1173 672 1214 cum
703 1161 915 1219 .liberis
947 1179 1134 1218 eorum
1176 1167 1640 1235 significabantur,
1681 1168 1845 1222 adde-

273 1247 435 1301 batur
466 1249 567 1304 ista
593 1251 879 1323 utriusque
905 1269 1064 1310 sexus
1087 1258 1386 1326 expressio.

345 1340 505 1394 Μνία
542 1357 598 1411 p.
648 1343 774 1398 9.93.
820 1345 940 1427 Non
997 1349 1174 1403 solum
1233 1350 1348 1420 alga
1384 1359 1437 1404 et
1471 1366 1710 1417 muscus,
1754 1353 1844 1405 sed

272 1431 536 1501 quidquid
566 1434 821 1492 innatans
850 1440 1005 1510 aquis
1037 1441 1367 1497 soliditatem
1415 1453 1640 1512 aspectu
1689 1460 1843 1497 men-

277 1524 414 1577 titur
454 1528 769 1594 quamdam,
805 1532 976 1600 μνίων
1014 1534 1280 1588 vocabulo
1311 1533 1846 1607 designatur,quan-

277 1626 390 1667 tum
425 1630 489 1670 ex
524 1620 740 1674 collatis
757 1619 1034 1692 llesychii,
1069 1625 1269 1692 Suidzr,
1299 1624 1550 1695 Oppiani,
1591 1627 1846 1683 Nicandri

273 1718 331 1760 et
355 1707 584 1763 aliorum
617 1712 749 1766 locis
773 1715 934 1768 datur
958 1715 1206 1787 intelligi.

343 1802 579 1868 Μόρεον
610 1819 663 1872 p.
697 1804 822 1860 £80.
866 1807 994 1873 Quae
1041 1810 1172 1863 olim
1233 1812 1640 1883 Peloponnesus
1695 1817 1844 1871 dice-

275 1889 456 1957 batur,
517 1908 636 1948 eam
681 1897 841 1953 hodie
895 1893 1066 1954 Graeci
1120 1903 1281 1973 vulgo
1332 1909 1571 1960 Moream
1626 1917 1840 1964 vocant.

276 1982 508 2053 Videtur
530 1994 708 2040 autem
744 1988 1094 2060 Pachymeris
1124 2004 1282 2048 :etate
1312 1995 1377 2047 τὸ
1405 1997 1619 2064 Μόρεον
1657 1996 1798 2050 dicta

273 2077 421 2130 unde
443 2089 498 2132 et
527 2077 666 2132 hanc
703 2095 890 2136 vocem
923 2085 1296 2153 supplevimus
1343 2087 1397 2141 in
1427 2086 1619 2143 lacuna
1653 2090 1846 2158 capitis

273 2167 309 2222 9
341 2169 585 2236 ejusdem
609 2172 704 2227 lib.
732 2189 815 2228 tu.
853 2176 933 2229 Ad
965 2193 1125 2247 quem
1153 2179 1328 2236 locum
1360 2183 1482 2238 vide
1513 2194 1693 2238 notas.
1737 2185 1846 2238 Ali-

272 2259 403 2314 cubi
436 2270 612 2316 tamen
639 2263 1001 2334 Pochymeres
1030 2272 1248 2338 Μορέαν
1289 2275 1514 2330 scribit:
1573 2280 1664 2332 sed
1715 2297 1847 2336 con-

273 2353 510 2408 stantius
539 2355 591 2408 in
619 2367 816 2413 neutro
847 2359 896 2412 id
931 2363 1252 2419 vocabulum
1289 2378 1534 2438 usurpat.

343 2449 628 2514 Μόσυνες
659 2466 715 2521 p.
763 2450 892 2506 5H.
927 2451 1053 2509 Scio
1082 2457 1216 2512 alios
1238 2461 1536 2530 scriptores
1565 2466 1841 2537 Mosynm,

270 2552 382 2590 non
434 2538 682 2608 Mosynas
729 2544 828 2599 hos
891 2548 1122 2617 p0pulos
1195 2565 1428 2607 vocare:
1495 2563 1672 2611 tamen
1722 2577 1842 2614 cum

271 2629 485 2681 Μόσυσι
536 2648 641 2686 non
692 2637 864 2704 possit
915 2654 1086 2694 essea
1143 2655 1293 2698 recto
1330 2646 1608 2715 Μόσυνοι,
1665 2652 1760 2706 sed
1814 2669 1844 2707 a

272 2721 544 2784 Μόσυνες,
578 2725 700 2793 plus
735 2741 928 2796 sapere
955 2746 1116 2799 quam
1154 2749 1309 2788 meus
1340 2747 1532 2792 auctor
1562 2743 1733 2796 nolui.
1786 2801 1791 2807 ,

342 2816 704 2907 Μρυγούλιοι
732 2834 785 2888 p.
820 2819 942 2875 5M.
971 2819 1198 2878 Videtur
1225 2827 1406 2881 dicere
1437 2825 1532 2883 eos
1565 2849 1700 2900 quos
1748 2833 1846 2907 By-

272 2905 476 2960 zantini
519 2907 798 2967 Tocharos
845 2926 1128 2983 vocarent,
1177 2919 1416 2988 ἰρευτηηι
1471 2905 1841 2983 Tocharoruin

274 3012 378 3050 usu
408 3008 462 3051 et
491 2997 671 3070 lingua
703 3001 972 3076 Mugulios
1001 3009 1108 3063 dici
1147 3015 1522 3069 consuevisse.

341 3092 686 3158 Μυριοστύς
718 3109 771 3163 ρ.
802 3095 926 3152 470.
982 3097 1096 3153 Hoc
1133 3101 1456 3157 vocabulum
1512 3109 1846 3176 μυριοστύας

269 3183 350 3236 sic
381 3184 639 3239 scribitur
681 3186 731 3239 in
770 3187 985 3244 duobus
1028 3207 1184 3256 mss.,
1240 3192 1503 3250 Vaticano
1533 3203 1840 3257 omittente.
1871 3179 1914 3235 ε

270 3275 530 3332 Flectitur
555 3280 810 3336 videlicet
836 3297 865 3336 a
895 3294 1046 3338 recto
1081 3288 1402 3354 μυριοστύς.
1437 3289 1557 3354 Quo
1601 3307 1710 3346 non
1743 3296 1842 3349 du-

267 3369 406 3432 bito,
435 3370 537 3425 etsi
572 3371 700 3425 alibi
732 3374 1039 3443 exemplum
1069 3393 1173 3430 non
1207 3381 1410 3448 reperi,
1466 3383 1596 3450 quin
1636 3383 1844 3457 Pachy-

266 3475 448 3514 tneres
497 3463 734 3532 μυριάδα
787 3466 1074 3536 signiticet,
1127 3471 1270 3524 sicut
1311 3489 1358 3526 c.
1397 3474 1485 3539 58,
1519 3476 1550 3529 Ι.
1594 3494 1664 3540 vr,
1710 3481 1838 3532 ἐκα-

215 3632 222 3635 _
261 3553 470 3605 τοςτύπ
513 3557 818 3609 centuriam
849 3560 1105 3640 appellat,
1136 3563 1214 3615 sic
1251 3565 1499 3620 scribens
1549 3585 1563 3622 :
1619 3571 1705 3632 Ἐς
1758 3573 1840 3626 ὅτι

264 3645 519 3699 πλεῖστον
569 3652 793 3717 συχναῖς
863 3652 1189 3708 ἐκατοστύσι
1247 3657 1546 3724 διείληπτο.
1614 3663 1679 3716 Et
1723 3668 1840 3735 ejus

260 3737 490 3804 aequalis
545 3739 775 3808 scriptor
838 3742 1102 3815 Georgius
1183 3748 1490 3817 Acropolita
1541 3752 1838 3822 ἔχι).εοστύα

260 3828 552 3883 chiliadem
587 3833 831 3887 nominat
881 3835 934 3887 in
986 3837 1071 3891 his
1102 3840 1278 3894 verbis
1302 3857 1355 3909 p.
1386 3842 1418 3895 4
1448 3845 1536 3898 ed.
1569 3846 1697 3916 Reg.
1728 3865 1742 3901 :
1774 3851 1836 3901 Οἱ

259 3919 318 3971 δὲ
347 3917 643 3989 αὐτομόλοι
703 3923 840 3994 πρὸς
889 3925 1017 3987 τοὺς
1062 3929 1355 3999 πολεμίους
1389 3935 1627 4004 χωροῦσι
1673 3939 1840 4006 χιλιο-

261 4009 426 4071 στύες
458 4011 665 4066 πολὶαὶ.
703 4012 805 4068 Ubi
831 4026 984 4071 recte
1013 4019 1363 4077 doctissimus
1414 4023 1682 4095 interpres
1731 4028 1838 4083 Leo

259 4100 492 4155 Allatius
524 4102 838 4171 χιλιοστύας
862 4105 1068 4171 πολλάς
1095 4111 1309 4166 reddit:
1348 4115 1514 4168 multa
1554 4117 1744 4170 millia.
1819 4154 1821 4156 ς

332 4195 524 4247 Νοσιά
553 4211 604 4264 p.
641 4196 768 4252 515.
808 4198 1143 4254 Vocabulum
1175 4206 1357 4259 νοσιάν
1390 4208 1470 4260 sic
1505 4209 1648 4264 clare
1700 4213 1836 4265 scri-

261 4285 414 4339 bitur
443 4286 494 4339 in
524 4288 683 4348 codd.
720 4289 942 4349 Barber.
983 4303 1031 4346 et
1067 4278 1244 4348 Vatic;
1292 4298 1599 4356 Allatianus
1657 4313 1834 4358 autem

264 4378 480 4433 videtur
507 4379 686 4452 legere
715 4386 941 4447 νοετάςε
990 4386 1083 4440 sed
1117 4403 1180 4441 ex
1235 4391 1448 4445 caeteris
1489 4409 1705 4463 quoque
1748 4413 1837 4449 ve-

263 4473 443 4544 stigiis
474 4474 758 4530 titubantis
783 4477 890 4531 illic
925 4481 1116 4533 calami
1148 4482 1282 4536 satis
1310 4496 1536 4554 apparet
1591 4505 1830 4544 errorem
1873 4522 1909 4572 Ι)

259 4581 384 4621 e~se
415 4581 479 4620 ac
513 4567 738 4622 omnino
766 4570 1181 4626 rescribendum
1213 4574 1413 4644 ubique
1435 4580 1640 4634 νοσιάν.
1680 4581 1834 4636 Vide-

236 4668 355 4714 .tur
385 4668 567 4711 autem
603 4658 757 4712 νοσιὰ
782 4660 1016 4729 positum
1051 4677 1078 4714 a
1124 4661 1456 4735 Pachymere
1486 4674 1837 4738 συγκοπικώς

260 4764 361 4818 pro
409 4747 646 4810 νεοσσία,
693 4763 815 4816 qua:
851 4747 952 4820 [Ρ.
982 4750 1134 4822 405]
1187 4769 1284 4824 vox
1327 4754 1595 4825 signiﬁcat
1650 4761 1835 4814 nidum

260 4858 381 4894 cum
410 4839 568 4910 pullis
595 4841 953 4910 implumibus.
989 4842 1382 4915 Perstringitur
1426 4850 1568 4917 enim
1611 4867 1835 4919 prover-

261 4934 392 4988 biali
431 4933 788 4990 similitudine
840 4935 1168 4990 conﬁdentia
1213 4937 1551 5003 Latinorum,
1600 4944 1690 5012 qui
1726 4945 1836 4999 llo-

261 5026 526 5087 maniam,
560 5026 662 5080 hoc
711 5035 796 5080 est
850 5027 1194 5096 imperatoris
1241 5029 1834 5102 Constanthmpolitani

252 5119 524 5174 ditionem
561 5121 897 5179 universam,
927 5128 1033 5172 tam
1071 5120 1226 5175 facile
1249 5138 1307 5176 se
1337 5125 1836 5192 comprehensurus

254 5220 545 5282 sperarent
569 5228 732 5281 quam
767 5211 1066 5266 ludibunde
1093 5228 1122 5265 a
1155 5212 1292 5267 forte
1330 5215 1641 5271 incurrcnte
1690 5202 1829 5271 tolli-

255 5318 351 5360 tur
381 5305 717 5359 avicularum
749 5319 940 5357 recens
987 5306 1102 5358 ovis
1163 5307 1508 5360 exclusarum
1540 5317 1651 5361 tota
1703 5325 1827 5364 cum

251 5401 376 5468 ipso
409 5398 536 5450 nido
573 5396 797 5450 iatnilia.
1295 5379 1319 5405 ‘

329 5491 727 5557 Οὶκειόχειρος
757 5506 811 5558 p.
842 5488 965 5543 497.
1007 5491 1083 5544 De
1137 5491 1416 5549 Muzalone
1449 5496 1605 5550 malis
1635 5497 1832 5552 inﬂexo

245 5584 323 5639 ad
354 5583 768 5650 obsequendum
798 5583 1132 5651 imperatori.
1160 5583 1292 5649 Qua:
1334 5587 1442 5640 sint
1492 5589 1608 5641 ist-.e
1633 5590 1831 5643 οἰκειόο

249 5700 429 5754 χειροι
490 5681 782 5750 ἀσφάλειαι
840 5681 1234 5738 divinandum:
1291 5699 1415 5738 nam
1468 5685 1598 5739 illud
1634 5689 1831 5740 οἰκειᾶ-

249 5793 436 5847 χειρον
473 5775 598 5829 alibi
632 5789 737 5828 non
772 5774 969 5843 reperi.
1005 5774 1155 5830 Licet
1202 5778 1412 5847 epinari
1475 5780 1711 5838 voluisse
1758 5784 1828 5833 si-

255 5867 522 5937 gniﬁcare
552 5876 859 5927 auttorcm,
883 5881 990 5920 non
1021 5867 1195 5922 solum
1234 5869 1589 5940 spopondisse
1648 5869 1826 5925 Μιιῑεια

1950 618 2194 687 obsequii
2226 620 2556 674 documenta
2587 617 2642 670 in
2667 631 2902 685 prtesens
2926 614 3260 673 exhibuisse,
3313 625 3432 678 quae
3461 606 3521 660 Ii-

1951 706 2074 761 dem
2114 709 2330 763 abunde
2360 710 2600 763 facercnt
2628 707 2788 778 587
2807 705 3089 777 sponsioni
3119 713 3174 758 et
3205 697 3519 770 imperatori

1951 809 2158 854 metum
2189 817 2416 857 onmem
2447 802 2775 864 adimerent,
2830 815 2900 854 ne
2927 797 3208 866 promissis
3249 795 3338 848 ille
3372 800 3521 861 post-

1950 893 2168 946 modum
2203 911 2311 948 non
2364 897 2565 950 staret.
2607 893 2727 948 Sint
2757 906 2884 962 ergo
2941 889 3280 958 οἰκειόχειροι
3341 883 3518 952 accpe-

1952 983 2116 1049 λειαι,
2150 988 2438 1041 cautiones
2466 996 2520 1040 et
2543 985 2865 1041 securitates
2910 981 3064 1052 quasi
3111 980 3238 1033 (1³10
3291 976 3519 1045 Ρῖῧηθτθ

1950 1089 2012 1128 ex
2048 1078 2281 1146 propriis
2317 1078 2368 1132 in
2406 1088 2748 1134 antecessum
2780 1071 3177 1147 repraesentatis
3201 1067 3520 1139 spondentis

1948 1165 2142 1222 ciliciis
2163 1179 2421 1239 acceptae.

2018 1261 2211 1326 Ὀξεῖα
2250 1277 2307 1331 p.
2353 1260 2476 1314 385.
2507 1261 2624 1314 Duo
2660 1257 2748 1312 hic
2773 1263 2900 1310 sunt
2958 1251 3223 1322 adjectiva
3260 1247 3519 1302 feminina

1950 1360 2071 1414 sine
2107 1358 2223 1412 suis
2275 1353 2655 1414 substantivis,
2699 1347 3023 1418 supplendis
3060 1343 3317 1398 videlicet
3380 1357 3409 1395 a
3443 1342 3518 1395 le-

1949 1463 2119 1512 ctore,
2162 1457 2222 1503 ut
2255 1447 2315 1502 tit
2366 1461 2492 1500 cum
2545 1443 2742 1514 frigida
2795 1440 3121 1509 simpliciter
3154 1437 3379 1508 ponitur
3417 1450 3517 1505 pro

1949 1539 2088 1613 aqua
2129 1539 2342 1610 frigida.
2373 1537 2504 1594 Voci
2544 1536 2931 1606 χρυσόπαστος
2966 1531 3187 1586 videtur
3218 1545 3285 1584 ex
3320 1537 3518 1582 aucto-

1950 1636 2030 1689 ris
2079 1640 2261 1686 mente
2293 1627 2669 1699 subjungenda
2719 1624 2885 1696 ἐσθής
2941 1631 3034 1676 aut
3068 1620 3252 1687 ξυστις
3303 1636 3369 1674 cx
3409 1617 3520 1672 Eu-

1951 1726 2080 1780 bulo
2101 1724 2336 1784 comico,
2393 1721 2550 1791 cujus
2585 1719 2778 1774 Pollux
2824 1715 2981 1770 initio
3032 1713 3158 1771 libri
3202 1712 3342 1767 sexti
3386 1708 3525 1762 haec

1954 1820 2123 1872 refert
2186 1814 2354 1868 verba
2414 1830 2428 1865 :
2484 1813 2618 1871 Tati;
2684 1809 2892 1873 ξυσεῐσι
2947 1807 3067 1868 ταῖς
3126 1801 3525 1873 χρυσοπάστοις

1951 1906 2333 1976 στρώννυγται.
2356 1902 2594 1957 Verbum
2628 1897 2993 1968 στρώννυνται
3020 1895 3214 1964 ὲνδύτῃ
3239 1879 3523 1956 convenit,

1950 2014 2071 2069 quae
2100 1968 2402 2067 stra‘gulum
2436 2003 2530 2048 aut
2565 1994 2854 2046 instratum
2908 2001 3225 2058 supremum
3266 1993 3384 2038 erat
3414 1998 3524 2036 ara:

1949 2090 2222 2152 maxime,
2257 2095 2434 2141 utsuo
2470 2086 2592 2138 loco
2638 2083 3001 2137 declaramus.
3037 2075 3320 2131 Vocabulo
3369 2073 3520 2137 ὀξεῖα

1949 2181 2200 2250 equidem
2239 2179 2414 2248 βαφήν
2443 2175 2816 2244 οτιίψιίινογὶη]
2848 2187 2914 2226 cx
2950 2167 3223 2225 Eustathii
3249 2167 3370 2220 loco
3394 2180 3520 2218 mox

1949 2271 2314 2327 describenth
2347 2271 2516 2323 verbo
2557 2267 2889 2330 ὀξὺλευκοςε
2949 2279 3014 2316 ex
3043 2275 3149 2330 quo
3197 2258 3522 2328 intelligitur

1950 2366 2130 2428 ὀξεῖαν
2163 2363 2345 2432 βαφὴν
2379 2376 2591 2414 roseam
2613 2373 2737 2412 esse.
2773 2359 3091 2411 tincturam.

2032 2457 2371 2520 Ὀξύλευκα
2407 2469 2464 2523 p.
2493 2452 2618 2507 52%.
2646 2449 2795 2504 Verti
2829 2466 2856 2502 e
2893 2465 3042 2503 roseo
3086 2446 3361 2502 candentia
3397 2443 3526 2496 insi-

1949 2549 2094 2618 gnia,
2143 2548 2340 2601 doctus
2389 2546 2458 2601 ab
2512 2541 2800 2597 Eustathio
2845 2541 2912 2595 ad
2942 2539 3043 2594 Od.
3077 2558 3134 2604 κ,
3169 2539 3259 2593 ubi
3290 2552 3415 2590 cum
3459 2549 3525 2588 ex

1948 2645 2302 2699 Chmremone
2325 2640 2601 2695 retulisset
2629 2639 2710 2690 ὅτι
2727 2635 2926 2697 κοινῶς
2958 2635 3059 2703 μὲν
3095 2633 3162 2685 τὰ
3193 2631 3332 2699 ἄνθη
3361 2629 3524 2695 ἔαρος

1947 2736 2113 2789 τέκνα
2148 2734 2431 2796 ἐκάλεσεν,
2461 2732 2606 2794 tam;
2629 2713 2695 2784 ‘5:
2743 2729 2810 2782 τὰ
2840 2729 2968 2800 ῥόδα
3000 2725 3280 2794 ὀξυφεγγῆ
3314 2724 3408 2777 καὶ
3433 2721 3524 2775 ta-

1937 2846 2042 2898 -po;
2073 2828 2448 2896 τιθηνήματα,
2482 2812 2562 2878 sic
2593 2823 2858 2877 continuo
2886 2820 3140 2876 admonet
3176 2834 3188 2870 :
3227 2816 3398 2870 Ἔνθα
3423 2816 3523 2885 ὅρα

1948 2921 2007 2974 τὸ
2041 2901 2321 2988 ὀξυφεγγῆ
2351 2920 2625 2988 χρήσιμον
2654 2916 2714 2969 ὃν
2745 2917 2824 2976 εἰς
2857 2915 2916 2967 τὸ
2954 2913 3148 2982 νοῆσαι
3172 2908 3525 2980 tabi/opaci];

1947 3014 2127 3078 ὀξείας
2165 3011 2365 3081 βαφῆς.
2405 3010 2498 3064 Ubi
2551 3009 2764 3062 observa
2818 3022 2992 3060 vocem
3026 3003 3304 3072 ὀξυφεγγῆ
3343 3001 3524 3054 utilem

1949 3109 2018 3161 ad
2031 3106 2424 3174 intelligendum
2447 3119 2691 3171 quautam
2709 3116 2826 3154 vere
2845 3101 2910 3152 sit
2929 3099 3157 3151 tinctura
3172 3112 3330 3166 quam
3343 3094 3526 3158 ὀξεῖαι

1950 3199 2247 3252 nominant.
2315 3195 2527 3260 Quibus
2559 3193 2739 3247 verbis
2783 3192 2916 3245 satis
2955 3189 3162 3244 indicat
3195 3189 3378 3252 ὀξςῖαν
3429 3185 3524 3254 βα.

1948 3291 2056 3359 φήν
2089 3288 2306 3342 trahere
2336 3284 2542 3354 aliquid
2576 3301 2606 3338 e
2643 3284 2824 3338 colore
2860 3282 3090 3352 vigentis
3120 3296 3278 3344 rosm,
3318 3289 3404 3331 aut
3430 3295 3524 3347 pu—

1950 3381 2056 3434 tius
2073 3379 2327 3434 eumdcm
2349 3376 2528 3446 ipsum
2567 3389 2708 3429 esse.
2750 3373 3096 3443 ltaquejure.
3129 3370 3351 3441 opinor,
3400 3385 3522 3423 meo

1947 3473 2242 3538 ὀξύλευκον
2275 3486 2396 3524 sunt
2459 3469 2856 3537 interpretatus
2900 3481 2926 3520 θ
2962 3481 3111 3518 roseo
3143 3466 3392 3519 candens.
3420 3461 3526 3516 Ne-

1946 3581 2052 3635 que
2099 3565 2202 3617 tale
2251 3564 2420 3616 fuisse
2461 3559 2676 3628 imperii
2731 3557 2903 3628 gradu
2941 3555 3188 3611 inferiori
3239 3569 3267 3607 a
3299 3555 3520 3623 despota

1947 3656 2260 3727 participati
2313 3655 2530 3723 insigne
2573 3667 2775 3706 novum
2817 3662 2921 3712 est,
2959 3664 3082 3705 cum
3128 3661 3180 3703 et
3219 3649 3420 3701 rubeus
3469 3655 3523 3699 ct

1947 3750 2235 3810 candidus,
2289 3764 2355 3801 ex
2392 3747 2592 3815 quibus
2619 3731 2924 3809 didieuxo;
2981 3743 3178 3796 mistus
3225 3751 3324 3802 est,
3362 3739 3524 3792 ambo

1949 3840 2110 3908 regia:
2142 3837 2431 3908 potestatis
2464 3836 2843 3890 characterem
2903 3848 3002 3888 usu
3063 3831 3290 3900 antiquo
3325 3831 3520 3896 pra-te-

1946 3943 2092 3988 rant.
2128 3927 2316 4002 utique
2369 3917 2491 3984 cu'm
2529 3943 2773 4000 purpura
2833 3927 2886 3980 in
2931 3936 3081 3980 veste
3114 3924 3284 3995 regia,
3317 3923 3523 3976 candor.

1945 4027 1999 4080 in
2029 4026 2337 4079 diademate
2365 4023 2870 4077 commendaretur.
2899 4018 3004 4073 Sed
3037 4025 3093 4070 et
3127 4017 3391 4070 habemus
3413 4013 3517 4068 Pa-

1943 4117 2221 4187 chymeris
2253 4116 2427 4184 ipsius
2448 4113 2825 4168 testimonium
2865 4111 2969 4164 hoc
2994 4108 3354 4169 conﬁrmans,
3381 4107 3417 4159 l.
3443 4123 3518 4170 \‘t,

1943 4228 1994 4264 e.
2032 4212 2122 4272 5-5,
2159 4207 2250 4262 ubi
2295 4223 2417 4262 cum
2456 4205 2736 4282 retulisset
2785 4203 3517 4268 decrevisseimperatorem

1942 4317 2145 4358 ornare
2208 4299 2471 4355 Joannem
2520 4299 2827 4368 principem
2887 4295 3178 4358 Lazarum,
3230 4301 3518 4362 postquam

1944 4397 1992 4450 ei
2032 4395 2196 4448 tiliam
2234 4392 2528 4446 Eudociam
2563 4381 2973 4458 destiondisset,
3032 4385 3339 4454 insignibus
3396 4400 3519 4453 quo;

1944 4488 2316 4541 tribuerentur
2330 4485 2571 4552 despotis
2595 4499 2691 4536 usu
2712 4483 2847 4537 aulae
2866 4480 3515 4547 Constantinopolitame,

1947 4595 2070 4632 mox
2100 4579 2187 4632 illa
2209 4579 2322 4648 ipsa
2345 4577 2579 4648 insignia
2599 4578 2840 4644 despoltt‘
2867 4585 3023 4630 vocat
3050 4575 3116 4626 τὰ
3140 4576 3201 4626 ἐκ
3232 4571 3518 4642 πορφύρας

1938 4672 2155 4741 δίχροα,
2191 4671 2443 4723 bicoloria
2481 4685 2545 4722 ea:
2578 4686 2831 4738 purpura,
2857 4669 2961 4722 hoc
2986 4675 3092 4730 est,
3129 4676 3188 4718 ιιι
3225 4665 3312 4718 hic
3342 4662 3519 4731 loqui-

1941 4775 2050 4827 tur,
2084 4765 2376 4829 ὀξύλευκα,
2413 4779 2476 4817 ea:
2499 4764 2726 4816 candido
2750 4772 2797 4815 et
2826 4777 2976 4814 roseo
3004 4761 3183 4812 misla.

2024 4857 2362 4925 Ὀπτιμᾶτοι
2398 4870 2452 4924 p.
2486 4855 2578 4908 Ἡ.
2615 4854 2807 4908 Docuit
2860 4869 2959 4907 nos
2992 4852 3203 4921 pridem
3256 4849 3516 4902 eruditis-

1939 4951 2113 5004 simus
2166 4948 2428 5017 Rigaltius
2477 4946 2530 4999 in
2573 4945 2869 5006 Glossario,
2931 4943 3074 5010 quod
3143 4939 3257 5008 ipse
3309 4938 3514 4990 didice-

1939 5054 2022 5097 r:.t
2070 5043 2137 5095 ab
2198 5041 2516 5094 auct0ribus
2569 5037 2780 5091 idoneis
2849 5035 2917 5088 ibi
2956 5032 3210 5094 laudatis,
3274 5029 3511 5098 δπτιμᾶ-

1938 5154 2065 5197 τους
2119 5149 2309 5188 vocem
2365 5147 2483 5187 esse
2539 5141 2896 5190 castrensmn,
2951 5135 3163 5179 eertum
3203 5139 3374 5194 genus
3422 5129 3518 5180 aut

1940 5229 2188 5281 ordinem
2247 5226 2479 5279 militum
2540 5223 2870 5290 signantem.
2934 5217 3088 5273 Unde
3152 5224 3302 5270 tanto
3342 5213 3517 5282 magis

1941 5318 2345 5372 conﬁrmantur
2383 5331 2506 5384 qua:
2533 5314 2599 5367 de
2629 5311 2903 5365 vocabulo
2931 5308 3226 5379 pacoOuvta
3247 5309 3512 5371 legionem

1939 5410 2335 5464 anlcubortem
2371 5407 2450 5461 sic
2485 5405 2825 5458 nominatam
2887 5402 3164 5456 indicante
3191 5404 3358 5466 supra
3411 5411 3516 5453 suo

1937 5502 2056 5554 loco
2087 5500 2345 5554 diximus.
2380 5495 2443 5569 [P
2473 5495 2600 5567 $06]
2632 5495 2869 5548 Omnino
2895 5494 2987 5547 illo
3015 5492 3368 5563 Pachymeris
3393 5490 3515 5545 loco

1939 5593 2218 5648 Michaelis
2261 5590 2551 5659 Palmologi
2604 5589 2860 5643 militaris
2891 5578 3097 5640 Italico
3124 5593 3318 5639 navata
3373 5584 3514 5638 bello

1937 5689 2209 5740 indicatur
2239 5701 2423 5753 opera.
2462 5684 2622 5740 Unde
2671 5683 2761 5736 illa
2797 5681 2960 5735 verba
3022 5679 3090 5732 τὰ
3149 5679 3316 5731 πολλὰ
3384 5677 3508 5729 κατ’

1948 5780 2166 5832 Ὶτῂῶν
2206 5779 2539 5847 πράττοντος
2601 5776 2666 5830 de
2704 5775 2970 5827 industria
3005 5774 3084 5828 sic
3137 5771 3298 5837 verti,
3346 5780 3402 5821 ut
3449 5773 3515 5822 de

1938 5870 2143 5926 l:t‘lliCiS
2171 5869 2290 5938 ejus
2332 5885 2440 5940 quo
2490 5870 2555 5924 de
2619 5871 2794 5940 agitur
2831 5867 3164 5922 facinoribus
3199 5875 3510 5919 sermonem
