3992 6544
582 372 714 439 1051

1493 379 1561 444 P.
1601 379 1906 468 POSSINI
1945 377 2604 450 OBSERVATlONUM
2647 387 2797 451 LIB.
2834 390 2884 457 Ι.

3655 399 3765 470 1052

574 488 667 543 hic
698 502 821 545 esse
854 488 1024 545 lector
1064 490 1349 564 intelligat.
1400 494 1659 561 Quaenam
1683 513 1814 552 vero
1860 508 1915 555 et
1939 515 2006 553 ex
2036 514 2146 568 quo

2250 497 2467 555 videtur
2498 502 2779 561 Pontanus
2806 518 3093 564 assecutus
3117 509 3278 566 initio
3304 511 3388 567 sui
3422 510 3766 591 Cantacuzeni,‘

579 576 747 649 588
775 594 974 650 genere
1019 579 1300 637 hominum
1352 585 1553 640 cohors
1595 586 1712 644 hare
1740 589 1951 661 legiove
2001 588 2148 655 opti-

576 680 782 724 malum
807 669 953 726 dicta
985 672 1035 725 in
1075 672 1324 729 Romano
1352 684 1485 733 tunc
1534 689 1684 736 esset
1705 682 1975 745 exercitu.
2008 682 2150 739 ditii-

577 760 684 815 cile
711 762 956 818 divinatu
991 764 1060 834 sit
1086 765 1138 817 in
1173 766 1508 835 scriptorum
1538 770 1663 838 ejus
1700 772 1967 842 temporis
1989 789 2054 828 ea
2077 774 2149 830 de

579 869 638 907 re
675 853 910 909 silentio.
950 855 1093 911 Fieri
1152 860 1331 928 potuit
1367 870 1427 917 ut
1476 864 1689 920 nobiles
1742 866 2037 922 voluntarii
2091 878 2150 924 ct

579 961 679 1000 suo
704 953 924 1016 sumptu
950 949 1245 1005 militantes
1271 954 1351 1007 sie
1382 954 1814 1022 appellarentur.
1854 958 1948 1028 qui
2000 959 2146 1029 npti-

579 1044 787 1090 matum
833 1039 1156 1101 vocabulum
1190 1042 1354 1097 domo
1385 1044 1649 1101 all‘errent
1690 1048 1955 1103 indicium
1989 1061 2149 1107 nata-

580 1125 711 1180 lium
736 1126 1095 1196 patriciorum
1126 1144 1441 1189 autreusus
1472 1136 1778 1193 domestici.
1806 1137 2147 1197 Forteetiam

576 1219 668 1286 qui
698 1219 991 1276 militarem
1017 1223 1392 1280 fortitudinem
1418 1230 1811 1298 experimentis
1834 1232 2149 1290 illustribus

578 1310 924 1380 probassent,
976 1314 1032 1368 in
1097 1324 1306 1386 certam.
1362 1318 1590 1375 honoris
1643 1324 1817 1393 gratia
1882 1326 2149 1396 segregati

574 1402 845 1474 legionem
913 1406 1017 1463 hoc
1082 1409 1510 1481 designabantur
1563 1415 1823 1483 nomine;
1868 1419 2150 1489 quomodo

574 1502 771 1549 auctor
803 1500 1323 1569 estOlympiodurus
1350 1503 1400 1558 in
1428 1504 1717 1578 Excerptis
1735 1508 2021 1566 Pbotianis
2040 1512 2149 1566 τῶν

587 1588 936 1656 Ῥοόογαΐσου
964 1592 1180 1655 Γότθων
1208 1596 1334 1660 τοὺς
1365 1600 1715 1668 κεφαλὼτας,
1746 1603 1924 1673 capita
1950 1606 2064 1676 ipsa
2091 1613 2146 1661 et

579 1682 1065 1748 praestantissimos
1098 1700 1350 1756 quosque
1376 1689 1620 1748 Gotthici
1657 1697 1935 1750 exercitus
1981 1712 2145 1766 quem

577 1767 838 1825 ductabat
896 1770 1275 1844 Rodogaisus,
1333 1781 1632 1847 optim:=tos
1687 1783 1803 1837 sive
1855 1786 2148 1854 optimates

575 1858 747 1916 fuisse
788 1872 1032 1919 vocatos.
1087 1865 1363 1924 ilabemus
1418 1874 1580 1927 etiam
1611 1891 1678 1929 ex
1723 1877 1996 1945 Mauritio,
2029 1882 2065 1933 l.
2106 1898 2144 1935 ll
2184 1845 2221 1898 Β

577 1956 839 2029 Strateg.,
902 1977 954 2016 e.
1004 1964 1058 2028 5,
1118 1979 1567 2037 unumquemque
1619 1971 1944 2039 Optimatum
2004 1973 2149 2028 mili-

578 2060 686 2104 tetu
720 2052 822 2106 s:bi
848 2058 1239 2124 obsequentem
1267 2076 1454 2117 secum
1477 2061 1723 2129 duxisse,
1754 2065 1847 2135 qui
1896 2065 2147 2136 ἅρματος
2173 2065 2175 2067 ’

573 2154 822 2199 armatus
855 2146 1161 2207 dicebatur.
1214 2155 1370 2219 Quod
1427 2156 1609 2226 ipsum
1645 2168 2029 2229 argumentum
2063 2168 2149 2216 est

572 2241 974 2299 excellentioris
1000 2260 1165 2315 supra
1185 2248 1377 2317 vulgus
1408 2250 1638 2306 militum
1678 2251 1960 2322 dignitatis
2001 2254 2149 2307 ὀπτι-

577 2335 790 2402 μάτων,
827 2337 893 2392 ad
921 2353 1086 2407 quam
1127 2341 1352 2411 respicit
1402 2358 1508 2397 vox
1548 2344 1731 2398 αὐτῶν
1756 2345 1843 2400 hic
1886 2345 2150 2416 aPachy-

572 2433 725 2482 tuere
751 2430 950 2497 posita,
981 2431 1231 2488 indicans
1251 2435 1585 2503 superiorem
1622 2437 1852 2492 honoris
1873 2447 1934 2508 et
1957 2439 2150 2510 digna-

572 2519 743 2575 tiranis
765 2522 996 2591 gradum
1031 2528 1087 2579 in
1120 2526 1444 2596 praefectura
1468 2529 1795 2607 optimatum
1812 2545 1976 2602 supra
2010 2548 2149 2603 prte-

576 2610 844 2667 fccturam
876 2613 1212 2672 Mesmbiniae
1233 2618 1422 2676 fuisse.
1523 2609 1529 2614 ’

643 2703 865 2759 uocem
907 2723 965 2776 p.
1024 2709 1150 2764 322.
1206 2711 1431 2768 Videtur
1481 2713 1573 2770 bic
1636 2730 1777 2783 nove
1826 2728 2146 2784 usurpatum

575 2795 850 2866 adjective
876 2801 1197 2856 vocabulum
1228 2804 1411 2861 οὐδέσι
1455 2808 1513 2863 in
1552 2811 1667 2865 dat.
1700 2811 1900 2881 plurali
1937 2811 2007 2867 ab
2056 2813 2147 2866 οὺο

570 2888 683 2951 δεῖς
708 2889 775 2944 ad
809 2891 1227 2961 signiﬁcandum
1287 2897 1426 2954 viles
1475 2900 1839 2958 homunculus
1895 2905 1963 2959 de
2016 2903 2148 2961 fzece

572 2983 749 3051 plebis
781 3000 846 3038 ac
874 2987 1058 3042 nihili.
1104 2988 1243 3043 Nam
1274 2994 1389 3055 τοῖς
1441 2994 1623 3048 οὐδέσι
1676 2998 1865 3052 statim
1917 3000 2147 3070 Opponit

577 3076 874 3145 μεγάλους.
920 3080 1000 3135 sic
1039 3082 1379 3155 subjungens
1426 3101 1443 3139 :
1503 3087 1758 3158 μεγάλων
1809 3092 1902 3144 ἐπὶ
1930 3094 2146 3158 satiant;

573 3254 713 3329 lesii‘,
769 3257 1109 3316 Gtrmanum
1168 3266 1539 3334 patriarcbam
1584 3271 1868 3341 alloquens
1890 3275 2004 3330 ait:
2033 3275 2140 3330 Καί

578 3363 673 3401 σου
704 3349 1065 3422 ὀλιγωροῦσιν
1090 3355 1168 3417 ὡς
1201 3357 1456 3427 μηδενός.
1501 3361 1600 3417 llic
1635 3380 1854 3436 quoque
1886 3368 2142 3434 pusitive,

575 3446 637 3491 ut
683 3437 762 3494 sic
798 3440 1014 3510 loquar,
1054 3454 1353 3515 usurpatur
1384 3448 1445 3501 τὸ
1489 3451 1681 3520 μηδείς
1737 3470 1752 3506 :
1790 3470 1983 3520 nempe
2032 3472 2143 3510 non

570 3546 759 3595 verus,
780 3533 873 3586 sed
904 3534 1148 3592 introsus
1178 3548 1232 3593 et
1258 3542 1526 3610 suppositi
1538 3543 1641 3599 tius
1672 3548 1980 3616 patriarcha
2009 3549 2145 3604 Gor-

569 3639 766 3679 manus
802 3626 1122 3684 habebatur.
1149 3629 1261 3687 Hoc
1291 3634 1547 3704 cXpritnit
1577 3647 1761 3693 noster
1783 3640 1950 3696 verbo
1971 3642 2144 3697 nullus

575 3719 787 3788 μηδείς.

645 3813 881 3879 Παπίας
937 3830 989 3884 ρ.
1026 3815 1148 3871 350.
1214 3818 1291 3873 De
1322 3835 1517 3891 magno
1547 3810 1714 3894 papia‘
1757 3826 1839 3880 sic
1878 3825 2140 3895 Codinus,

573 3920 625 3958 c.
653 3903 706 3967 5,
737 3923 792 3959 ιι.
834 3907 905 3961 54
942 3925 955 3959 :
995 3907 1053 3962 '0
1091 3909 1265 3980 μέγας
1306 3916 1562 3970 mnta:
1596 3918 1701 3987 (sic
1751 3919 1898 3972 enim
1927 3921 2141 3981 scribit.

571 3996 910 4052 cumNoster
945 4015 980 4053 rt
1002 4003 1232 4071 simplex
1260 4007 1448 4076 ponat)
1490 4003 1603 4079 εἶχε
1662 4011 1761 4079 μὲν
1791 4011 1957 4065 πάλαι
2011 4012 2144 4083 ὑπη-

573 4087 762 4157 ρεσίαν
783 4091 1210 4159 ἀνεπίγνωστον,
1237 4095 1333 4149 νῦν
1369 4097 1426 4151 δὲ
1449 4100 1730 4167 οὐδεμίαν·
1760 4101 1982 4172 Magnus
2008 4120 2142 4173 pap-

569 4178 688 4245 pias
710 4179 890 4233 habuit
908 4181 1031 4235 olim
1061 4186 1407 4241 ministerium
1432 4190 1775 4260 incognitum,
1807 4210 1943 4247 nunc
1963 4206 2141 4251 autem

572 4270 801 4327 nultum.
839 4272 1044 4329 Tamen
1079 4276 1357 4336 Pontanus
1388 4292 1577 4338 noster
1602 4285 1669 4339 ad
1697 4286 2139 4343 Cantacuzenum

572 4362 737 4418 docet
768 4379 833 4417 ex
859 4363 1071 4419 Zonara
1102 4382 1358 4439 magnum
1387 4374 1638 4442 pappiam
1665 4377 1868 4430 dictum
1906 4378 2138 4445 iudicem

570 4453 721 4508 illum
751 4472 1022 4510 summum
1059 4458 1128 4513 ad
1161 4474 1322 4529 quem
1355 4467 1879 4522 commentarienses
1908 4470 1972 4524 de
2008 4487 2133 4540 per-

2255 593 2423 665 589
2447 611 2510 651 ex
2545 598 2701 665 cujus
2734 601 3012 655 sententia
3034 601 3386 672 interpretor,
3411 606 3761 681 υιιιὶιί,παρα.

2252 683 2599 754 κοιμώμενον
2637 687 2740 745 hoc
2790 688 2915 745 loco
2967 689 3206 747 cubiculi
3252 693 3575 763 praelectum,
3608 715 3763 772 nempe

2223 776 2613 860 imperatorii,
2650 781 2766 836 sive
2798 791 2860 837 ut
2901 782 3180 839 interdum
3207 783 3432 849 dicitur.
3471 791 3599 845 sacri
3639 797 3760 849 cubi-

2251 869 2384 924 culi.
2420 868 2557 936 Quia
2592 887 2724 929 vero
2770 874 2933 945 hujus
2957 886 3074 931 erat
3125 876 3362 934 cilicium
3401 882 3650 939 excubare
3684 901 3761 939 no-

2249 969 2342 1015 ctu
2371 961 2691 1032 imperatori
2723 974 2819 1022 aut
2837 968 3084 1023 excubiis
3133 982 3394 1039 praeesse,
3446 980 3758 1048 παρακοιμώ.

2255 1067 2417 1120 μενος
2467 1063 2699 1109 vocatur
2751 1057 2876 1127 plus
2940 1059 3283 1130 signiﬁcante
3334 1064 3588 1121 vocabulo
3635 1083 3759 1137 quam

2250 1155 2430 1217 sonet,
2457 1145 2599 1201 haud
2633 1148 2701 1203 ad
2759 1149 3267 1218 interpretationem
3323 1155 3605 1212 sulletturo
3636 1174 3760 1216 ercu-

2252 1238 2450 1293 bitoris
2470 1240 2713 1306 nomine,
2751 1241 2815 1315 jP
2836 1242 2965 1315 ιθη
2993 1245 3144 1314 quod
3184 1260 3342 1315 aque
3376 1249 3543 1304 cuivis
3565 1251 3760 1308 cohortis

2250 1329 2474 1399 vigilum
2525 1333 2777 1411 gregario
2827 1339 3175 1395 conveniret.
3221 1338 3593 1412 Pachymeres,
3633 1343 3664 1398 l.
3702 1364 3759 1411 ιι,

2250 1435 2303 1476 c.
2346 1421 2411 1475 12
2446 1441 2459 1480 :
2513 1423 2603 1491 Ἐξ
2638 1408 2814 1495 αὐτῆς
2843 1428 3058 1498 πέμπιι
3089 1429 3185 1482 τὸν
3225 1431 3321 1484 τοῦ
3348 1408 3590 1496 κοιτῶνος
3617 1408 3757 1505 nepa;

2251 1513 2598 1585 κοιμώμενον
2634 1517 2723 1571 τὸν
2757 1517 3039 1583 βασιλικὸν
3076 1523 3383 1578 Βασίλειον.
3418 1526 3494 1579 Ειι
3528 1535 3581 1581 ιιι
3617 1528 3761 1599 singu-

2252 1607 2350 1662 lari
2398 1609 2618 1665 u0n.lne
2647 1610 2873 1667 eliertur
2905 1613 3007 1669 hoc
3036 1630 3236 1670 nomen
3257 1630 3541 1687 personam
3562 1619 3761 1675 indicans

2250 1707 2630 1768 praestantem,
2657 1701 2992 1774 majorisque
3018 1706 3303 1774 dignitatis
3340 1722 3501 1777 quam
3545 1721 3757 1779 quautam

2250 1793 2430 1866 capiat
2457 1794 2793 1851 excubitoris
2822 1779 3051 1867 simplex
3085 1800 3311 1853 mentio.
3336 1797 3757 1858 Videturoﬂicium

2250 1883 2426 1940 simile
2466 1885 2586 1954 ejus
2630 1887 2776 1956 quod
2821 1887 2877 1942 in
2927 1890 3051 1943 aula
3113 1888 3358 1945 Romana
3418 1890 3572 1947 hodie
3610 1904 3761 1948 vocant

2251 1987 2481 2031 ntaestro
2511 1979 2567 2032 di
2582 1993 2821 2044 camera,
2844 1990 2901 2037 et
2918 1982 2972 2036 in
2989 1982 3191 2038 Gallica
3216 1986 3442 2050 premier
3455 1985 3762 2055 gentilitatum

2248 2069 2313 2123 de
2342 2070 2394 2124 la
2425 2072 2696 2127 cltambre.
2740 2072 2850 2138 Sed
2903 2083 2960 2130 et
3010 2078 3518 2148 napaxozptbpsvov
3563 2081 3761 2149 generale

2249 2164 2523 2219 interdum
2571 2166 2893 2223 vocabulum
2928 2180 3072 2235 esse,
3108 2182 3305 2225 omnes
3338 2171 3575 2226 indicans
3600 2173 3676 2240 qui
3712 2189 3758 2227 ex

2249 2254 2430 2314 cilicio
2445 2255 2497 2309 in
2524 2255 2777 2313 cubiculo
2796 2258 3151 2328 imperatorio
3168 2260 3462 2315 stationem
3481 2261 3757 2317 ordinariam

2250 2347 2550 2414 habebant,
2586 2350 2916 2422 intelligitur
2974 2366 3038 2407 ex
3100 2352 3167 2408 iis
3216 2367 3341 2423 quae
3398 2353 3759 2435 adnotantusad

2252 2457 2441 2497 vocem
2469 2442 2755 2511 σφενδόνη.
3048 2496 3053 2500 .

2324 2535 2847 2602 Παραπληκτίζειν
2876 2550 2927 2607 p.
2972 2536 3100 2593 572.
3136 2537 3212 2592 Ex
3263 2537 3477 2592 abunde
3526 2544 3757 2607 perspecta

2249 2627 2479 2683 notione
2529 2627 2922 2682 vocabulorum
2962 2629 3261 2700 παραπλήξ
3317 2640 3374 2685 et
3425 2628 3758 2700 παράπληκτκ

2248 2720 2403 2776 licuit
2460 2721 2825 2789 signiﬁcatum
2884 2721 3139 2778 divinare
3206 2722 3755 2789 verbimpanlnni-

2250 2810 2366 2877 ζειν
2418 2812 2826 2882 lexicographis
2874 2812 3190 2882 vulgaribus
3236 2806 3431 2870 indicti
3471 2823 3519 2869 et
3565 2826 3755 2868 tamen:

2248 2915 2444 2961 sancto
2472 2896 2734 2974 Gregorio
2770 2904 3119 2961 Nazianzeno
3149 2909 3420 2975 usurpati.
3455 2906 3596 2974 cujus
3620 2906 3755 2961 locum

2246 2999 2485 3053 Joannes
2512 2996 2826 3061 Parastron,
2848 2998 2940 3067 qui
2971 2998 3060 3052 hic
3082 2998 3610 3067 loquensinducitur,
3635 2997 3756 3051 tacito
3816 3002 3819 3009 '

2245 3093 2487 3147 auctoris
2518 3091 2739 3145 nomine
2767 3091 2983 3146 recitat.
3015 3091 3251 3146 Sanctus
3297 3093 3445 3147 enim
3482 3092 3562 3145 ille
3608 3093 3756 3144 doctor

474 3173 481 3181 ‘
568 3167 925 3235 τεταγμένων
950 3169 1012 3222 τὸ
1034 3171 1324 3243 πρότερον.
1358 3173 1420 3228 L.
1444 3191 1527 3238 Ill,
1553 3192 1604 3233 c.
1628 3178 1717 3243 18,
1741 3179 2015 3252 Iosephus
2039 3183 2144 3238 Ga-

2247 3184 2510 3241 Oratione
2536 3184 2605 3240 de
2641 3183 2846 3253 Spiritu
2880 3196 3071 3241 sancto
3099 3196 3228 3241 ante
3249 3187 3505 3243 medium.
3526 3198 3633 3241 cum
3649 3186 3757 3238 hanc

2251 3275 2630 3346 proposuisset
2682 3276 3168 3347 interrogationem
3222 3277 3461 3332 haeretici
3492 3276 3756 3330 l’neumatn-

2248 3367 2450 3433 maelii,
2484 3369 2579 3430 Τίς
2615 3363 2710 3421 οὖν
2740 3369 2774 3435 ἡ
2816 3368 3186 3437 ἐκπόρευσιςς
3233 3384 3354 3438 qua:
3396 3370 3547 3439 igitur
3570 3377 3631 3442 est
3663 3382 3756 3433 pro-

2247 3461 2414 3514 cessio
2450 3460 2470 3512 ‘l
2511 3459 2807 3526 respondet
2845 3477 2860 3513 :
2918 3459 3053 3512 Εἰπὲ
3096 3459 3163 3512 σὺ
3193 3462 3298 3529 τὴν
3352 3456 3652 3528 ἁγεννησίαν
3687 3457 3755 3509 τοῦ

2248 3551 2483 3621 Πατρδς,
2525 3550 2682 3618 κάγὼ
2710 3550 2809 3620 τὴν
2837 3549 3095 3620 γέννησιν
3146 3550 3244 3605 τοῦ
3272 3551 3409 3605 Υῑοῦ
3443 3552 3755 3620 φυσιολογήσιυ

2246 3644 2340 3697 καὶ
2364 3646 2462 3713 τὴν
2486 3645 2814 3712 ὲκπῦρευσιν
2844 3642 2939 3696 τοῦ
2970 3644 3314 3714 Πνεύματος.
3352 3643 3580 3699 Edissere
3596 3654 3642 3696 tu
3660 3643 3754 3696 mihi

2245 3735 2751 3803 ingenerabilitatem
2778 3734 2979 3798 Patris,
3020 3745 3069 3790 et
3126 3751 3220 3808 rgo
3271 3738 3639 3808 generationem
3658 3732 3754 3786 Filii

2245 3826 2506 3879 enarrabo
2537 3834 2585 3880 et
2606 3826 2988 3893 procruionem
3012 3825 3270 3893 Spiritus.
3299 3826 3438 3882 Tum
3461 3822 3654 3881 subdit:
3675 3823 3755 3877 Kal

2248 3917 2778 3987 παραπληκτίσομιν
2824 3918 2993 3987 ἄμφω
3032 3918 3115 3981 εἰς
3153 3917 3294 3971 Θεοῦ
3329 3921 3592 3989 μυστήρια
3618 3931 3755 3986 παρα-

2247 4007 2566 4070 κύπτοντες.
2599 4008 2666 4063 Et
2693 4009 3018 4064 insanienti“
3057 4008 3213 4063 ambo
3246 4008 3302 4063 in
3326 4011 3420 4065 Dei
3446 4010 3664 4082 mysteria
3679 4009 3752 4061 int-

2246 4101 2509 4154 mittentcs
2537 4099 2734 4153 oculos.
2768 4099 2848 4154 Ita
2869 4100 3135 4156 scribitur
3153 4100 3243 4156 hic
3274 4100 3434 4157 locus
3483 4102 3533 4155 in
3560 4100 3750 4156 editione

2244 4207 2393 4247 more
2445 4191 2629 4249 Grzeca
2664 4193 2966 4249 Basileensi
3024 4194 3155 4248 annl
3196 4190 3357 4256 l550,
3398 4209 3448 4263 p.
3476 4193 3592 4256 221,
3624 4210 3667 4247 v.
3711 4189 3751 4253 ι,

2242 4276 2406 4357 longe
2455 4284 2648 4340 melius
2697 4300 2861 4355 quam
2922 4285 2976 4339 in
3042 4283 3340 4341 Parisiensi
3385 4283 3751 4347 Graec-Latina,
3818 4356 3823 4363 ἡ

2243 4377 2334 4432 ubi
2389 4376 2940 4447 παραπληκτήσομιν
2969 4376 3168 4449 legitur
3196 4376 3355 4448 quasi
3404 4390 3470 4432 ex
3518 4374 3749 4445 παραπλη·
3820 4376 3823 4383 λ

2242 4467 2406 4533 attito,
2439 4467 2584 4536 quod
2620 4475 2830 4521 rectum
2852 4482 2963 4523 non
3001 4476 3117 4537 est.

570 4547 724 4602 Sonis
761 4562 977 4602 reorum
1012 4558 1066 4605 et
1095 4567 1352 4620 numero,
1384 4555 1452 4609 de
1495 4558 1759 4624 qualitate
1790 4561 2136 4631 delictorum,

2314 4559 2648 4627 Παροχεύς,
2682 4575 2739 4628 p.
2788 4559 2916 4615 155.
2948 4560 3053 4613 Τὸν
3092 4560 3282 4630 μέντοι
3310 4576 3379 4629 γε
3409 4558 3648 4632 πρύτανιν
3660 4553 3751 4607 τού-

570 4639 637 4705 dc
662 4640 973 4696 clausorum
1015 4645 1297 4702 ordinibus
1334 4647 1538 4705 referre
1563 4649 1853 4708 debebant.

644 4737 1180 4808 Παρακοιμὼμενος
1211 4756 1266 4811 p.
1294 4742 1417 4798 206.
1450 4745 1546 4798 ‘Ov
1579 4747 2075 4817 παρακοιμὼμενος
2112 4749 2141 4802 ὀ

569 4827 792 4895 κρατῶν
814 4820 949 4896 εἶχε,
991 4838 1047 4882 et
1076 4830 1242 4900 paulo
1268 4842 1392 4903 post
1419 4834 1514 4887 καὶ
1546 4836 1640 4889 τὸν
1691 4840 2104 4910 παρακοιμώμε
2123 4870 2141 4883 -

569 4935 659 4970 νον
689 4919 1010 4988 Μακρηνὸν.
1043 4923 1281 4994 Apparet
1312 4941 1378 4981 ex
1408 4927 1493 4981 his
1514 4927 1677 4983 ollicii
1708 4930 1875 4991 aulici
1933 4932 1985 4985 id
2043 4948 2140 4988 vo-

569 5010 825 5065 cabulum
858 5027 980 5068 esse
1013 5031 1029 5080 ;
1065 5016 1207 5072 unde
1238 5026 1294 5071 et
1326 5033 1450 5073 mox
1491 5036 1558 5074 eo
1597 5023 1717 5075 sine
1768 5024 1992 5092 proprio
2040 5042 2140 5080 no-

568 5105 721 5159 mine
759 5105 841 5159 vir
877 5105 1021 5162 idem
1052 5108 1394 5180 designatur.
1447 5111 1577 5165 dum
1612 5112 1832 5168 additur
1857 5110 1928 5185 ἦν
1978 5116 2026 5168 δ’
2052 5114 2141 5170 εὗ-

567 5195 812 5266 δοκιμῶν
864 5200 894 5251 ὁ
927 5200 1452 5271 παρακοιμώμενος.
1487 5204 1615 5257 Erat
1661 5219 1860 5275 nempe
1917 5206 2026 5272 hic,
2082 5218 2142 5263 ut

571 5287 814 5358 loquitur
869 5290 1135 5356 Codiuus,
1196 5295 1661 5350 cubiculariorum
1709 5305 1767 5351 et
1803 5296 2141 5367 epheborum

574 5384 924 5453 imperatoris
964 5395 1131 5453 caput
1166 5402 1179 5417 '
1227 5388 1282 5439 '0
1327 5386 1827 5459 παρακοιμώμσνος
1878 5388 1973 5443 τοῦ
2031 5408 2144 5444 κοι-

572 5476 743 5540 τῶνος
783 5477 1102 5548 εὑρίσκεται
1131 5478 1343 5551 κεφαλὴ
1371 5482 1481 5533 τῶν
1510 5481 1569 5533 ἐν
1595 5479 1673 5547 τῷ
1704 5482 1926 5534 κοιτῶνι
1955 5484 2144 5538 παιδο-

572 5569 793 5625 πούλων
829 5573 926 5626 καὶ
980 5574 1091 5627 τῶν
1123 5576 1514 5646 κοιτωναρίων.
1573 5575 1842 5639 Quocirca
1889 5577 2141 5645 equidem

572 5659 891 5728 pra-lectum
922 5663 1159 5719 cubiculi
1193 5665 1535 5731 Latinedixi,
1555 5667 1684 5722 licet
1712 5667 1955 5722 viderem
1987 5667 2143 5724 Wol-

575 5755 707 5807 lium
742 5754 794 5809 in
825 5759 1096 5827 excerpis
1131 5758 1385 5828 Grcgora:
1406 5761 1715 5831 subjunctis
1739 5761 2142 5820 cubicularium

576 5845 950 5916 interpretari.
983 5850 1089 5904 Sed
1123 5865 1303 5904 veram
1348 5850 1467 5922 ejus
1493 5850 1640 5906 vocis
1670 5849 1950 5951 notipncm
1975 5852 2142 5922 magis

2241 4665 2353 4703 των
2385 4649 2484 4704 καὶ
2514 4649 2767 4721 παροχέα
2793 4650 2872 4714 ὡς
2902 4649 3131 4705 δυνατὸν
3160 4652 3514 4723 δμεγάλυνεν.
3536 4642 3604 4704 lla
3621 4645 3747 4703 codd.

2242 4741 2360 4796 Bet
2393 4742 2457 4797 A.
2498 4742 2795 4798 Vaticanus
2827 4759 2932 4814 pro
2966 4744 3053 4798 bis
3095 4745 3262 4801 habet
3290 4748 3387 4799 καὶ
3420 4744 3506 4797 τὸν
3537 4752 3750 4811 γραμμα-

2243 4834 2579 4905 τοκομιστὴν
2617 4833 2948 4903 ὲμεγάλυνε.
3003 4834 3379 4906 Praeterquam
3413 4850 3561 4890 error
3604 4839 3674 4885 est
3710 4828 3748 4878 in

2244 4927 2523 4994 scriptura
2548 4924 2575 4978 θ
2618 4923 2911 4982 intrusoin
2941 4925 3124 4980 locum
3160 4927 3279 4980 vin
3315 4940 3447 4982 voce
3472 4933 3745 4995 γραμματο-

2245 5017 2538 5087 κομιστὴν.
2594 5017 2761 5071 etiam
2816 5017 3052 5083 videtur,
3105 5028 3167 5073 ut
3201 5035 3310 5073 nou
3367 5030 3488 5072 raro
3531 5013 3651 5069 solet
3687 5008 3752 5107 hic

2246 5108 2605 5179 interpolator
2656 5108 2841 5178 potius
2876 5124 3040 5180 quam
3097 5110 3404 5179 descriptor
3436 5105 3749 5174 Pacbymerisi

2242 5201 2526 5256 aberrasse
2543 5216 2573 5255 ι
2598 5210 2782 5255 mente
2809 5200 3048 5255 auctoris
3075 5218 3090 5254 :
3120 5202 3214 5272 qui
3239 5216 3365 5257 cum
3387 5200 3512 5256 dicit
3536 5197 3751 5266 πρύτανιν

2243 5296 2450 5349 τούτων
2479 5294 2576 5348 καὶ
2632 5296 2883 5365 παροχια.
2952 5295 3387 5367 μεγαλυνθῆναι,
3417 5301 3667 5348 auctorem
3713 5289 3753 5335 tl

2244 5389 2595 5460 praebitorem
2630 5389 2828 5444 horum
2873 5388 3284 5455 magniﬁcatum
3331 5388 3495 5444 fuisse
3521 5385 3583 5439 ab
3619 5382 3753 5448 impe-

2245 5491 2451 5545 ratore,
2478 5496 2587 5537 non
2619 5482 2739 5539 vult
2764 5481 3079 5551 significare
3114 5481 3292 5552 ipsum
3324 5479 3534 5551 prrmio
3557 5470 3753 5530 atiecis‘e

2248 5576 2584 5639 tabellarios,
2647 5576 2743 5647 qui
2799 5575 2985 5629 laetum
3049 5574 3301 5630 nuntium
3368 5570 3637 5627 attulerant
3683 5561 3750 5629 (de

2247 5671 2502 5726 mercede
2557 5671 2762 5741 quippe
2812 5669 2933 5724 istis
2978 5669 3283 5724 liberaliter
3340 5664 3591 5738 persoluta
3634 5655 3748 5755 dixe:

2248 5774 2332 5819 rat
2395 5773 2553 5819 antea
2605 5782 2619 5817 :
2684 5765 2793 5817 Καὶ
2848 5761 3123 5816 ἀντεδίδου
3187 5761 3287 5829 μὲν
3350 5759 3454 5811 τῶν
3507 5756 3657 5820 λόγων
3699 5757 3749 5795 τα

2249 5855 2469 5924 μείζω),
2504 5856 2601 5911 sed
2653 5854 2737 5910 vel
2774 5855 2884 5927 agit
2924 5854 2992 5909 de
3031 5854 3269 5920 Casam,
3320 5851 3409 5923 qui
3448 5864 3548 5904 rem
3587 5847 3750 5901 tantm
