  <div class='ocr_page' id='page_1' title='image "/cluster/home/n/w/nwhite01/storage/ocr_20150623/143/hvd.32044019208321/564.png"; bbox 0 0 3992 6520; ppageno 0'>
   <div class='ocr_carea' id='block_1_1' title="bbox 234 397 372 462">
    <p class='ocr_par' dir='ltr' id='par_1_1' title="bbox 234 397 372 462">
     <span class='ocr_line' id='line_1_1' title="bbox 234 397 372 462; baseline 0.007 -2"><span class='ocrx_word' id='word_1_1' title='bbox 234 397 372 462; x_wconf 69' lang='lat'><strong>1053</strong></span> 
     </span>
    </p>
   </div>
   <div class='ocr_carea' id='block_1_2' title="bbox 1591 399 2111 463">
    <p class='ocr_par' dir='ltr' id='par_1_2' title="bbox 1591 399 2111 463">
     <span class='ocr_line' id='line_1_2' title="bbox 1591 399 2111 463; baseline 0.008 -5"><span class='ocrx_word' id='word_1_2' title='bbox 1591 399 1933 459; x_wconf 75' lang='lat' dir='ltr'><strong>GLOSSAR</strong></span> <span class='ocrx_word' id='word_1_3' title='bbox 1950 403 1961 457; x_wconf 93' lang='lat' dir='ltr'><strong>l</strong></span> <span class='ocrx_word' id='word_1_4' title='bbox 1978 402 2111 463; x_wconf 78' lang='grc' dir='ltr'><strong>ΗΜ.</strong></span> 
     </span>
    </p>
   </div>
   <div class='ocr_carea' id='block_1_3' title="bbox 236 510 3477 585">
    <p class='ocr_par' dir='ltr' id='par_1_3' title="bbox 236 510 3477 585">
     <span class='ocr_line' id='line_1_3' title="bbox 236 510 3477 585; baseline 0.001 -20"><span class='ocrx_word' id='word_1_5' title='bbox 236 513 472 566; x_wconf 76' lang='lat' dir='ltr'><strong>feliciter</strong></span> <span class='ocrx_word' id='word_1_6' title='bbox 498 510 827 582; x_wconf 74' lang='lat' dir='ltr'><strong>fortiterque</strong></span> <span class='ocrx_word' id='word_1_7' title='bbox 853 522 1161 582; x_wconf 88' lang='lat' dir='ltr'><strong>peregerat,</strong></span> <span class='ocrx_word' id='word_1_8' title='bbox 1193 512 1279 566; x_wconf 90' lang='lat' dir='ltr'><strong>cui</strong></span> <span class='ocrx_word' id='word_1_9' title='bbox 1310 522 1596 581; x_wconf 74' lang='lat' dir='ltr'><strong>propterea</strong></span> <span class='ocrx_word' id='word_1_10' title='bbox 1624 528 1683 567; x_wconf 89' lang='lat' dir='ltr'><strong>se</strong></span> <span class='ocrx_word' id='word_1_11' title='bbox 1711 514 1802 566; x_wconf 87' lang='lat' dir='ltr'><strong>de-</strong></span> <span class='ocrx_word' id='word_1_12' title='bbox 1831 528 1874 580; x_wconf 76' lang='grc' dir='ltr'>Α</span> <span class='ocrx_word' id='word_1_13' title='bbox 1905 517 2277 572; x_wconf 68' lang='lat' dir='ltr'><strong>sanctimonia?</strong></span> <span class='ocrx_word' id='word_1_14' title='bbox 2303 518 2606 579; x_wconf 85' lang='lat' dir='ltr'><strong>hominem,</strong></span> <span class='ocrx_word' id='word_1_15' title='bbox 2644 514 3049 585; x_wconf 75' lang='lat' dir='ltr'><strong>suspicionibus</strong></span> <span class='ocrx_word' id='word_1_16' title='bbox 3098 512 3477 583; x_wconf 65' lang='lat' dir='ltr'><strong>impudicititei</strong></span> 
     </span>
    </p>
   </div>
   <div class='ocr_carea' id='block_1_4' title="bbox 234 602 1803 674">
    <p class='ocr_par' dir='ltr' id='par_1_4' title="bbox 234 602 1803 674">
     <span class='ocr_line' id='line_1_4' title="bbox 234 602 1803 674; baseline 0 -17"><span class='ocrx_word' id='word_1_17' title='bbox 234 604 367 657; x_wconf 87' lang='lat' dir='ltr'><strong>bere</strong></span> <span class='ocrx_word' id='word_1_18' title='bbox 398 602 755 671; x_wconf 81' lang='lat' dir='ltr'><strong>proﬁteretur</strong></span> <span class='ocrx_word' id='word_1_19' title='bbox 771 604 1069 674; x_wconf 73' lang='lat' dir='ltr'><strong>imperator</strong></span> <span class='ocrx_word' id='word_1_20' title='bbox 1091 620 1402 659; x_wconf 83' lang='lat' dir='ltr'><strong>successum</strong></span> <span class='ocrx_word' id='word_1_21' title='bbox 1424 603 1589 673; x_wconf 81' lang='lat'><strong>590</strong></span> <span class='ocrx_word' id='word_1_22' title='bbox 1613 604 1803 668; x_wconf 90' lang='lat' dir='ltr'><strong>istum,</strong></span> 
     </span>
    </p>
   </div>
   <div class='ocr_carea' id='block_1_5' title="bbox 235 697 1805 763">
    <p class='ocr_par' dir='ltr' id='par_1_5' title="bbox 235 697 1805 763">
     <span class='ocr_line' id='line_1_5' title="bbox 235 697 1805 763; baseline 0 -12"><span class='ocrx_word' id='word_1_23' title='bbox 235 706 293 751; x_wconf 77' lang='lat' dir='ltr'><strong>et</strong></span> <span class='ocrx_word' id='word_1_24' title='bbox 324 697 444 763; x_wconf 81' lang='lat' dir='ltr'><strong>ejus</strong></span> <span class='ocrx_word' id='word_1_25' title='bbox 476 698 738 753; x_wconf 88' lang='lat' dir='ltr'><strong>virtutem</strong></span> <span class='ocrx_word' id='word_1_26' title='bbox 788 714 851 754; x_wconf 89' lang='lat' dir='ltr'><strong>ac</strong></span> <span class='ocrx_word' id='word_1_27' title='bbox 900 700 1157 754; x_wconf 89' lang='lat' dir='ltr'><strong>merit-um</strong></span> <span class='ocrx_word' id='word_1_28' title='bbox 1189 715 1259 753; x_wconf 86' lang='lat' dir='ltr'><strong>eo</strong></span> <span class='ocrx_word' id='word_1_29' title='bbox 1301 699 1528 753; x_wconf 84' lang='lat' dir='ltr'><strong>nomine</strong></span> <span class='ocrx_word' id='word_1_30' title='bbox 1559 699 1805 753; x_wconf 79' lang='lat' dir='ltr'><strong>celebra-</strong></span> 
     </span>
    </p>
   </div>
   <div class='ocr_carea' id='block_1_6' title="bbox 241 791 1805 862">
    <p class='ocr_par' dir='ltr' id='par_1_6' title="bbox 241 791 1805 862">
     <span class='ocr_line' id='line_1_6' title="bbox 241 791 1805 862; baseline 0.001 -18"><span class='ocrx_word' id='word_1_31' title='bbox 241 802 326 845; x_wconf 88' lang='lat' dir='ltr'><strong>ret</strong></span> <span class='ocrx_word' id='word_1_32' title='bbox 359 809 373 844; x_wconf 92' lang='lat'><strong>:</strong></span> <span class='ocrx_word' id='word_1_33' title='bbox 403 791 488 845; x_wconf 91' lang='lat' dir='ltr'><strong>vel</strong></span> <span class='ocrx_word' id='word_1_34' title='bbox 548 807 644 860; x_wconf 89' lang='lat' dir='ltr'><strong>per</strong></span> <span class='ocrx_word' id='word_1_35' title='bbox 692 807 855 847; x_wconf 90' lang='lat' dir='ltr'><strong>voces</strong></span> <span class='ocrx_word' id='word_1_36' title='bbox 907 792 1176 862; x_wconf 79' lang='grc' dir='ltr'><strong>πρύτανιν</strong></span> <span class='ocrx_word' id='word_1_37' title='bbox 1232 795 1322 845; x_wconf 77' lang='grc' dir='ltr'><strong>καὶ</strong></span> <span class='ocrx_word' id='word_1_38' title='bbox 1355 793 1598 862; x_wconf 74' lang='grc' dir='ltr'>παροχέα</span> <span class='ocrx_word' id='word_1_39' title='bbox 1638 793 1805 846; x_wconf 84' lang='lat' dir='ltr'><strong>Deum</strong></span> 
     </span>
    </p>
   </div>
   <div class='ocr_carea' id='block_1_7' title="bbox 237 882 1809 948">
    <p class='ocr_par' dir='ltr' id='par_1_7' title="bbox 237 882 1809 948">
     <span class='ocr_line' id='line_1_7' title="bbox 237 882 1809 948; baseline -0.001 -13"><span class='ocrx_word' id='word_1_40' title='bbox 237 882 796 936; x_wconf 87' lang='lat' dir='ltr'><strong>indicavitbonorum</strong></span> <span class='ocrx_word' id='word_1_41' title='bbox 832 882 1075 937; x_wconf 89' lang='lat' dir='ltr'><strong>omnium</strong></span> <span class='ocrx_word' id='word_1_42' title='bbox 1142 882 1375 945; x_wconf 81' lang='lat' dir='ltr'><strong>fontem,</strong></span> <span class='ocrx_word' id='word_1_43' title='bbox 1419 884 1507 936; x_wconf 91' lang='lat' dir='ltr'><strong>cui</strong></span> <span class='ocrx_word' id='word_1_44' title='bbox 1568 882 1809 948; x_wconf 87' lang='lat' dir='ltr'><strong>peculia-</strong></span> 
     </span>
    </p>
   </div>
   <div class='ocr_carea' id='block_1_8' title="bbox 238 950 1805 1045">
    <p class='ocr_par' dir='ltr' id='par_1_8' title="bbox 238 950 1805 1045">
     <span class='ocr_line' id='line_1_8' title="bbox 238 950 1805 1045; baseline 0 -20"><span class='ocrx_word' id='word_1_45' title='bbox 238 974 378 1028; x_wconf 87' lang='lat' dir='ltr'><strong>riter</strong></span> <span class='ocrx_word' id='word_1_46' title='bbox 408 982 688 1044; x_wconf 80' lang='lat' dir='ltr'><strong>acceptam</strong></span> <span class='ocrx_word' id='word_1_47' title='bbox 744 974 991 1030; x_wconf 82' lang='lat' dir='ltr'><strong>referens</strong></span> <span class='ocrx_word' id='word_1_48' title='bbox 1023 950 1130 1028; x_wconf 66' lang='lat' dir='ltr'><strong>taim</strong></span> <span class='ocrx_word' id='word_1_49' title='bbox 1169 975 1439 1045; x_wconf 80' lang='lat' dir='ltr'><strong>insignem</strong></span> <span class='ocrx_word' id='word_1_50' title='bbox 1484 974 1805 1028; x_wconf 83' lang='lat' dir='ltr'><strong>felicitatem</strong></span> 
     </span>
    </p>
   </div>
   <div class='ocr_carea' id='block_1_9' title="bbox 234 1066 1807 1137">
    <p class='ocr_par' dir='ltr' id='par_1_9' title="bbox 234 1066 1807 1137">
     <span class='ocr_line' id='line_1_9' title="bbox 234 1066 1807 1137; baseline -0.001 -17"><span class='ocrx_word' id='word_1_51' title='bbox 234 1082 363 1120; x_wconf 89' lang='lat' dir='ltr'><strong>eum</strong></span> <span class='ocrx_word' id='word_1_52' title='bbox 408 1067 856 1137; x_wconf 87' lang='lat' dir='ltr'><strong>magnilieaverit.</strong></span> <span class='ocrx_word' id='word_1_53' title='bbox 892 1066 1002 1122; x_wconf 80' lang='lat' dir='ltr'><strong>Hoc</strong></span> <span class='ocrx_word' id='word_1_54' title='bbox 1046 1067 1363 1121; x_wconf 77' lang='lat' dir='ltr'><strong>confirmari</strong></span> <span class='ocrx_word' id='word_1_55' title='bbox 1405 1076 1586 1134; x_wconf 84' lang='lat' dir='ltr'><strong>potest</strong></span> <span class='ocrx_word' id='word_1_56' title='bbox 1621 1083 1687 1120; x_wconf 78' lang='lat' dir='ltr'><strong>ex</strong></span> <span class='ocrx_word' id='word_1_57' title='bbox 1742 1066 1807 1119; x_wconf 89' lang='lat' dir='ltr'><strong>iis</strong></span> 
     </span>
    </p>
   </div>
   <div class='ocr_carea' id='block_1_10' title="bbox 235 1156 1808 1228">
    <p class='ocr_par' dir='ltr' id='par_1_10' title="bbox 235 1156 1808 1228">
     <span class='ocr_line' id='line_1_10' title="bbox 235 1156 1808 1228; baseline -0.004 -14"><span class='ocrx_word' id='word_1_58' title='bbox 235 1177 358 1228; x_wconf 78' lang='lat' dir='ltr'><strong>quze</strong></span> <span class='ocrx_word' id='word_1_59' title='bbox 381 1176 506 1213; x_wconf 79' lang='lat' dir='ltr'><strong>mox</strong></span> <span class='ocrx_word' id='word_1_60' title='bbox 533 1160 720 1215; x_wconf 85' lang='lat' dir='ltr'><strong>subdit</strong></span> <span class='ocrx_word' id='word_1_61' title='bbox 753 1176 769 1213; x_wconf 86' lang='lat'><strong>:</strong></span> <span class='ocrx_word' id='word_1_62' title='bbox 798 1159 1093 1213; x_wconf 85' lang='grc' dir='ltr'>Συνεκάλει</span> <span class='ocrx_word' id='word_1_63' title='bbox 1122 1160 1332 1220; x_wconf 79' lang='grc' dir='ltr'>πάντας</span> <span class='ocrx_word' id='word_1_64' title='bbox 1353 1161 1432 1220; x_wconf 78' lang='grc' dir='ltr'><strong>εἰς</strong></span> <span class='ocrx_word' id='word_1_65' title='bbox 1454 1156 1808 1227; x_wconf 76' lang='grc' dir='ltr'><strong>εὐχαριστίαν</strong></span> 
     </span>
    </p>
   </div>
   <div class='ocr_carea' id='block_1_11' title="bbox 237 1250 1808 1319">
    <p class='ocr_par' dir='ltr' id='par_1_11' title="bbox 237 1250 1808 1319">
     <span class='ocr_line' id='line_1_11' title="bbox 237 1250 1808 1319; baseline -0.002 -17"><span class='ocrx_word' id='word_1_66' title='bbox 237 1250 335 1302; x_wconf 80' lang='grc' dir='ltr'><strong>τοῦ</strong></span> <span class='ocrx_word' id='word_1_67' title='bbox 374 1250 720 1319; x_wconf 81' lang='grc' dir='ltr'>Κρείττονος,</span> <span class='ocrx_word' id='word_1_68' title='bbox 751 1250 1078 1305; x_wconf 80' lang='lat' dir='ltr'><strong>Provocabat</strong></span> <span class='ocrx_word' id='word_1_69' title='bbox 1124 1260 1331 1304; x_wconf 83' lang='lat' dir='ltr'><strong>cunctos</strong></span> <span class='ocrx_word' id='word_1_70' title='bbox 1361 1252 1428 1305; x_wconf 86' lang='lat' dir='ltr'><strong>ad</strong></span> <span class='ocrx_word' id='word_1_71' title='bbox 1456 1252 1658 1319; x_wconf 78' lang='lat' dir='ltr'><strong>gratius</strong></span> <span class='ocrx_word' id='word_1_72' title='bbox 1690 1251 1808 1303; x_wconf 83' lang='lat' dir='ltr'><strong>Nu-</strong></span> 
     </span>
    </p>
   </div>
   <div class='ocr_carea' id='block_1_12' title="bbox 236 1340 1807 1412">
    <p class='ocr_par' dir='ltr' id='par_1_12' title="bbox 236 1340 1807 1412">
     <span class='ocr_line' id='line_1_12' title="bbox 236 1340 1807 1412; baseline 0.001 -20"><span class='ocrx_word' id='word_1_73' title='bbox 236 1341 373 1393; x_wconf 79' lang='lat' dir='ltr'><strong>mim’</strong></span> <span class='ocrx_word' id='word_1_74' title='bbox 419 1342 674 1410; x_wconf 79' lang='lat' dir='ltr'><strong>agendas.</strong></span> <span class='ocrx_word' id='word_1_75' title='bbox 726 1340 794 1394; x_wconf 88' lang='lat' dir='ltr'><strong>Et</strong></span> <span class='ocrx_word' id='word_1_76' title='bbox 861 1341 1025 1410; x_wconf 91' lang='lat' dir='ltr'><strong>hujus</strong></span> <span class='ocrx_word' id='word_1_77' title='bbox 1073 1342 1454 1412; x_wconf 89' lang='lat' dir='ltr'><strong>gratulationis</strong></span> <span class='ocrx_word' id='word_1_78' title='bbox 1518 1341 1807 1396; x_wconf 86' lang='lat' dir='ltr'><strong>occasione</strong></span> 
     </span>
    </p>
   </div>
   <div class='ocr_carea' id='block_1_13' title="bbox 237 1430 1805 1503">
    <p class='ocr_par' dir='ltr' id='par_1_13' title="bbox 237 1430 1805 1503">
     <span class='ocr_line' id='line_1_13' title="bbox 237 1430 1805 1503; baseline 0.001 -20"><span class='ocrx_word' id='word_1_79' title='bbox 237 1430 425 1484; x_wconf 88' lang='lat' dir='ltr'><strong>habita</strong></span> <span class='ocrx_word' id='word_1_80' title='bbox 455 1433 671 1497; x_wconf 84' lang='lat' dir='ltr'><strong>concio,</strong></span> <span class='ocrx_word' id='word_1_81' title='bbox 706 1448 828 1503; x_wconf 59' lang='lat' dir='ltr'><strong>quae</strong></span> <span class='ocrx_word' id='word_1_82' title='bbox 852 1434 1029 1502; x_wconf 88' lang='lat' dir='ltr'><strong>capite</strong></span> <span class='ocrx_word' id='word_1_83' title='bbox 1056 1434 1303 1502; x_wconf 74' lang='lat' dir='ltr'><strong>sequenti</strong></span> <span class='ocrx_word' id='word_1_84' title='bbox 1330 1432 1611 1499; x_wconf 83' lang='lat' dir='ltr'><strong>recitatur.</strong></span> <span class='ocrx_word' id='word_1_85' title='bbox 1636 1432 1805 1485; x_wconf 90' lang='lat' dir='ltr'><strong>multa</strong></span> 
     </span>
    </p>
   </div>
   <div class='ocr_carea' id='block_1_14' title="bbox 242 1520 1809 1591">
    <p class='ocr_par' dir='ltr' id='par_1_14' title="bbox 242 1520 1809 1591">
     <span class='ocr_line' id='line_1_14' title="bbox 242 1520 1809 1591; baseline -0.001 -17"><span class='ocrx_word' id='word_1_86' title='bbox 242 1522 411 1574; x_wconf 84' lang='lat' dir='ltr'><strong>habet</strong></span> <span class='ocrx_word' id='word_1_87' title='bbox 461 1521 513 1574; x_wconf 90' lang='lat' dir='ltr'><strong>in</strong></span> <span class='ocrx_word' id='word_1_88' title='bbox 549 1523 689 1576; x_wconf 88' lang='lat' dir='ltr'><strong>hanc</strong></span> <span class='ocrx_word' id='word_1_89' title='bbox 736 1522 1086 1577; x_wconf 87' lang='lat' dir='ltr'><strong>sententiam.</strong></span> <span class='ocrx_word' id='word_1_90' title='bbox 1123 1522 1279 1587; x_wconf 82' lang='lat' dir='ltr'><strong>Quod</strong></span> <span class='ocrx_word' id='word_1_91' title='bbox 1318 1522 1405 1576; x_wconf 92' lang='lat' dir='ltr'><strong>hic</strong></span> <span class='ocrx_word' id='word_1_92' title='bbox 1462 1520 1809 1591; x_wconf 86' lang='lat' dir='ltr'><strong>peculiariter</strong></span> 
     </span>
    </p>
   </div>
   <div class='ocr_carea' id='block_1_15' title="bbox 237 1612 1810 1684">
    <p class='ocr_par' dir='ltr' id='par_1_15' title="bbox 237 1612 1810 1684">
     <span class='ocr_line' id='line_1_15' title="bbox 237 1612 1810 1684; baseline 0.001 -19"><span class='ocrx_word' id='word_1_93' title='bbox 237 1612 542 1667; x_wconf 89' lang='lat' dir='ltr'><strong>notandum</strong></span> <span class='ocrx_word' id='word_1_94' title='bbox 577 1614 750 1675; x_wconf 87' lang='lat' dir='ltr'><strong>venit,</strong></span> <span class='ocrx_word' id='word_1_95' title='bbox 774 1622 858 1668; x_wconf 89' lang='lat' dir='ltr'><strong>est</strong></span> <span class='ocrx_word' id='word_1_96' title='bbox 895 1630 996 1667; x_wconf 82' lang='lat' dir='ltr'><strong>vox</strong></span> <span class='ocrx_word' id='word_1_97' title='bbox 1036 1614 1308 1684; x_wconf 77' lang='grc' dir='ltr'>παροχεύς</span> <span class='ocrx_word' id='word_1_98' title='bbox 1336 1614 1536 1684; x_wconf 88' lang='lat' dir='ltr'><strong>posita,</strong></span> <span class='ocrx_word' id='word_1_99' title='bbox 1572 1622 1629 1667; x_wconf 92' lang='lat' dir='ltr'><strong>ut</strong></span> <span class='ocrx_word' id='word_1_100' title='bbox 1656 1614 1810 1667; x_wconf 88' lang='lat' dir='ltr'><strong>vide-</strong></span> 
     </span>
    </p>
   </div>
   <div class='ocr_carea' id='block_1_16' title="bbox 239 1704 1808 1773">
    <p class='ocr_par' dir='ltr' id='par_1_16' title="bbox 239 1704 1808 1773">
     <span class='ocr_line' id='line_1_16' title="bbox 239 1704 1808 1773; baseline -0.001 -16"><span class='ocrx_word' id='word_1_101' title='bbox 239 1714 351 1765; x_wconf 86' lang='lat' dir='ltr'><strong>tur,</strong></span> <span class='ocrx_word' id='word_1_102' title='bbox 390 1718 489 1772; x_wconf 89' lang='lat' dir='ltr'><strong>pro</strong></span> <span class='ocrx_word' id='word_1_103' title='bbox 515 1704 755 1772; x_wconf 82' lang='grc' dir='ltr'><strong>πάροχος</strong></span> <span class='ocrx_word' id='word_1_104' title='bbox 785 1704 1059 1773; x_wconf 73' lang='grc' dir='ltr'><strong>ργιτὸίιον,</strong></span> <span class='ocrx_word' id='word_1_105' title='bbox 1090 1704 1335 1773; x_wconf 83' lang='lat' dir='ltr'><strong>largitor.</strong></span> <span class='ocrx_word' id='word_1_106' title='bbox 1386 1704 1559 1773; x_wconf 85' lang='lat' dir='ltr'><strong>Cujus</strong></span> <span class='ocrx_word' id='word_1_107' title='bbox 1620 1704 1808 1758; x_wconf 67' lang='lat' dir='ltr'><strong>formae</strong></span> 
     </span>
    </p>
   </div>
   <div class='ocr_carea' id='block_1_17' title="bbox 240 1793 1808 1865">
    <p class='ocr_par' dir='ltr' id='par_1_17' title="bbox 240 1793 1808 1865">
     <span class='ocr_line' id='line_1_17' title="bbox 240 1793 1808 1865; baseline 0.002 -19"><span class='ocrx_word' id='word_1_108' title='bbox 240 1793 557 1861; x_wconf 78' lang='lat' dir='ltr'><strong>exemplum</strong></span> <span class='ocrx_word' id='word_1_109' title='bbox 582 1794 724 1848; x_wconf 84' lang='lat' dir='ltr'><strong>haud</strong></span> <span class='ocrx_word' id='word_1_110' title='bbox 764 1797 967 1863; x_wconf 86' lang='lat' dir='ltr'><strong>passim</strong></span> <span class='ocrx_word' id='word_1_111' title='bbox 998 1795 1261 1863; x_wconf 81' lang='lat' dir='ltr'><strong>reperias.</strong></span> <span class='ocrx_word' id='word_1_112' title='bbox 1285 1794 1510 1865; x_wconf 81' lang='lat' dir='ltr'><strong>Legitur</strong></span> <span class='ocrx_word' id='word_1_113' title='bbox 1542 1805 1721 1849; x_wconf 87' lang='lat' dir='ltr'><strong>tamen</strong></span> <span class='ocrx_word' id='word_1_114' title='bbox 1753 1804 1808 1849; x_wconf 91' lang='lat' dir='ltr'><strong>et</strong></span> 
     </span>
    </p>
   </div>
   <div class='ocr_carea' id='block_1_18' title="bbox 1910 607 3475 677">
    <p class='ocr_par' dir='ltr' id='par_1_18' title="bbox 1910 607 3475 677">
     <span class='ocr_line' id='line_1_18' title="bbox 1910 607 3475 677; baseline -0.003 -17"><span class='ocrx_word' id='word_1_115' title='bbox 1910 622 2072 675; x_wconf 87' lang='lat' dir='ltr'><strong>quam</strong></span> <span class='ocrx_word' id='word_1_116' title='bbox 2096 607 2140 662; x_wconf 92' lang='lat' dir='ltr'><strong>si</strong></span> <span class='ocrx_word' id='word_1_117' title='bbox 2174 608 2357 662; x_wconf 85' lang='lat' dir='ltr'><strong>fictum</strong></span> <span class='ocrx_word' id='word_1_118' title='bbox 2386 624 2451 662; x_wconf 90' lang='lat' dir='ltr'><strong>ex</strong></span> <span class='ocrx_word' id='word_1_119' title='bbox 2491 608 2648 677; x_wconf 80' lang='lat'><strong>591</strong></span> <span class='ocrx_word' id='word_1_120' title='bbox 2686 617 2833 662; x_wconf 89' lang='lat' dir='ltr'><strong>creta</strong></span> <span class='ocrx_word' id='word_1_121' title='bbox 2870 616 2924 661; x_wconf 90' lang='lat' dir='ltr'><strong>et</strong></span> <span class='ocrx_word' id='word_1_122' title='bbox 2961 608 3074 661; x_wconf 91' lang='lat' dir='ltr'><strong>luto</strong></span> <span class='ocrx_word' id='word_1_123' title='bbox 3099 620 3321 675; x_wconf 87' lang='lat' dir='ltr'><strong>corpus,</strong></span> <span class='ocrx_word' id='word_1_124' title='bbox 3366 619 3475 657; x_wconf 90' lang='lat' dir='ltr'><strong>non</strong></span> 
     </span>
    </p>
   </div>
   <div class='ocr_carea' id='block_1_19' title="bbox 1908 693 3479 754">
    <p class='ocr_par' dir='ltr' id='par_1_19' title="bbox 1908 693 3479 754">
     <span class='ocr_line' id='line_1_19' title="bbox 1908 693 3479 754; baseline -0.003 -1"><span class='ocrx_word' id='word_1_125' title='bbox 1908 710 2090 753; x_wconf 86' lang='lat' dir='ltr'><strong>autem</strong></span> <span class='ocrx_word' id='word_1_126' title='bbox 2116 714 2180 754; x_wconf 82' lang='lat' dir='ltr'><strong>ex</strong></span> <span class='ocrx_word' id='word_1_127' title='bbox 2211 714 2375 753; x_wconf 89' lang='lat' dir='ltr'><strong>carne</strong></span> <span class='ocrx_word' id='word_1_128' title='bbox 2397 709 2713 753; x_wconf 90' lang='lat' dir='ltr'><strong>concretum</strong></span> <span class='ocrx_word' id='word_1_129' title='bbox 2754 698 3059 752; x_wconf 84' lang='lat' dir='ltr'><strong>habuisset.</strong></span> <span class='ocrx_word' id='word_1_130' title='bbox 3091 693 3316 749; x_wconf 79' lang='lat' dir='ltr'><strong>Invenio</strong></span> <span class='ocrx_word' id='word_1_131' title='bbox 3338 695 3479 749; x_wconf 83' lang='lat' dir='ltr'><strong>allu-</strong></span> 
     </span>
    </p>
   </div>
   <div class='ocr_carea' id='block_1_20' title="bbox 1910 786 3469 861">
    <p class='ocr_par' dir='ltr' id='par_1_20' title="bbox 1910 786 3469 861">
     <span class='ocr_line' id='line_1_20' title="bbox 1910 786 3469 861; baseline -0.004 -18"><span class='ocrx_word' id='word_1_132' title='bbox 1910 791 2083 848; x_wconf 90' lang='lat' dir='ltr'><strong>siouis</strong></span> <span class='ocrx_word' id='word_1_133' title='bbox 2121 806 2233 845; x_wconf 89' lang='lat' dir='ltr'><strong>non</strong></span> <span class='ocrx_word' id='word_1_134' title='bbox 2268 806 2661 861; x_wconf 82' lang='lat' dir='ltr'><strong>usquequaque</strong></span> <span class='ocrx_word' id='word_1_135' title='bbox 2689 790 2955 844; x_wconf 85' lang='lat' dir='ltr'><strong>absimilis</strong></span> <span class='ocrx_word' id='word_1_136' title='bbox 2981 789 3293 857; x_wconf 80' lang='lat' dir='ltr'><strong>exemplum</strong></span> <span class='ocrx_word' id='word_1_137' title='bbox 3327 786 3469 854; x_wconf 87' lang='lat' dir='ltr'><strong>apud</strong></span> 
     </span>
    </p>
   </div>
   <div class='ocr_carea' id='block_1_21' title="bbox 1910 880 3479 953">
    <p class='ocr_par' dir='ltr' id='par_1_21' title="bbox 1910 880 3479 953">
     <span class='ocr_line' id='line_1_21' title="bbox 1910 880 3479 953; baseline -0.003 -18"><span class='ocrx_word' id='word_1_138' title='bbox 1910 882 2254 937; x_wconf 87' lang='lat' dir='ltr'><strong>Eustathium</strong></span> <span class='ocrx_word' id='word_1_139' title='bbox 2289 884 2376 953; x_wconf 91' lang='lat' dir='ltr'><strong>(ad</strong></span> <span class='ocrx_word' id='word_1_140' title='bbox 2402 884 2561 938; x_wconf 84' lang='lat' dir='ltr'><strong>Iliad.</strong></span> <span class='ocrx_word' id='word_1_141' title='bbox 2605 902 2621 937; x_wconf 86' lang='lat' dir='ltr'><strong>t</strong></span> <span class='ocrx_word' id='word_1_142' title='bbox 2654 899 2705 953; x_wconf 91' lang='lat' dir='ltr'><strong>p.</strong></span> <span class='ocrx_word' id='word_1_143' title='bbox 2733 883 2837 937; x_wconf 69' lang='lat'><strong>772</strong></span> <span class='ocrx_word' id='word_1_144' title='bbox 2865 884 2955 937; x_wconf 89' lang='lat' dir='ltr'><strong>ed.</strong></span> <span class='ocrx_word' id='word_1_145' title='bbox 2979 882 3161 951; x_wconf 78' lang='lat' dir='ltr'><strong>Rom.)</strong></span> <span class='ocrx_word' id='word_1_146' title='bbox 3200 880 3479 950; x_wconf 77' lang='lat' dir='ltr'><strong>explican-</strong></span> 
     </span>
    </p>
   </div>
   <div class='ocr_carea' id='block_1_22' title="bbox 1910 968 3481 1043">
    <p class='ocr_par' dir='ltr' id='par_1_22' title="bbox 1910 968 3481 1043">
     <span class='ocr_line' id='line_1_22' title="bbox 1910 968 3481 1043; baseline -0.008 -11"><span class='ocrx_word' id='word_1_147' title='bbox 1910 984 2018 1032; x_wconf 95' lang='lat' dir='ltr'><strong>tem</strong></span> <span class='ocrx_word' id='word_1_148' title='bbox 2078 976 2281 1030; x_wconf 73' lang='lat' dir='ltr'><strong>dictum</strong></span> <span class='ocrx_word' id='word_1_149' title='bbox 2344 976 2580 1030; x_wconf 85' lang='lat' dir='ltr'><strong>facetum</strong></span> <span class='ocrx_word' id='word_1_150' title='bbox 2658 974 2711 1028; x_wconf 91' lang='lat' dir='ltr'><strong>in</strong></span> <span class='ocrx_word' id='word_1_151' title='bbox 2777 984 3078 1043; x_wconf 82' lang='lat' dir='ltr'><strong>caupoiiem</strong></span> <span class='ocrx_word' id='word_1_152' title='bbox 3148 972 3241 1039; x_wconf 87' lang='lat' dir='ltr'><strong>qui</strong></span> <span class='ocrx_word' id='word_1_153' title='bbox 3290 968 3481 1023; x_wconf 87' lang='lat' dir='ltr'><strong>venale</strong></span> 
     </span>
    </p>
   </div>
   <div class='ocr_carea' id='block_1_23' title="bbox 1911 1059 3481 1120">
    <p class='ocr_par' dir='ltr' id='par_1_23' title="bbox 1911 1059 3481 1120">
     <span class='ocr_line' id='line_1_23' title="bbox 1911 1059 3481 1120; baseline -0.004 -3"><span class='ocrx_word' id='word_1_154' title='bbox 1911 1068 2098 1119; x_wconf 85' lang='lat' dir='ltr'><strong>vinum</strong></span> <span class='ocrx_word' id='word_1_155' title='bbox 2124 1066 2344 1120; x_wconf 89' lang='lat' dir='ltr'><strong>turbare</strong></span> <span class='ocrx_word' id='word_1_156' title='bbox 2394 1065 2607 1120; x_wconf 59' lang='lat' dir='ltr'><strong>fascium</strong></span> <span class='ocrx_word' id='word_1_157' title='bbox 2671 1064 3004 1119; x_wconf 86' lang='lat' dir='ltr'><strong>adinistione</strong></span> <span class='ocrx_word' id='word_1_158' title='bbox 3046 1063 3243 1117; x_wconf 87' lang='lat' dir='ltr'><strong>solitus</strong></span> <span class='ocrx_word' id='word_1_159' title='bbox 3269 1059 3481 1114; x_wconf 84' lang='lat' dir='ltr'><strong>audivit</strong></span> 
     </span>
    </p>
   </div>
   <div class='ocr_carea' id='block_1_24' title="bbox 1910 1150 3480 1226">
    <p class='ocr_par' dir='ltr' id='par_1_24' title="bbox 1910 1150 3480 1226">
     <span class='ocr_line' id='line_1_24' title="bbox 1910 1150 3480 1226; baseline -0.007 -16"><span class='ocrx_word' id='word_1_160' title='bbox 1910 1172 1938 1210; x_wconf 86' lang='lat' dir='ltr'><strong>a</strong></span> <span class='ocrx_word' id='word_1_161' title='bbox 1967 1158 2199 1225; x_wconf 87' lang='lat' dir='ltr'><strong>quodam</strong></span> <span class='ocrx_word' id='word_1_162' title='bbox 2240 1173 2253 1211; x_wconf 90' lang='lat'><strong><em>:</em></strong></span> <span class='ocrx_word' id='word_1_163' title='bbox 2287 1158 2377 1226; x_wconf 78' lang='grc' dir='ltr'><strong>Μὴ</strong></span> <span class='ocrx_word' id='word_1_164' title='bbox 2408 1156 2552 1210; x_wconf 81' lang='grc' dir='ltr'>ποίει</span> <span class='ocrx_word' id='word_1_165' title='bbox 2596 1156 2685 1209; x_wconf 79' lang='grc' dir='ltr'><strong>τὸν</strong></span> <span class='ocrx_word' id='word_1_166' title='bbox 2715 1154 2878 1208; x_wconf 81' lang='grc' dir='ltr'>Οἰνέα</span> <span class='ocrx_word' id='word_1_167' title='bbox 2914 1153 3098 1222; x_wconf 77' lang='grc' dir='ltr'>Πηλέα</span> <span class='ocrx_word' id='word_1_168' title='bbox 3124 1194 3137 1215; x_wconf 84' lang='grc'><em>,</em></span> <span class='ocrx_word' id='word_1_169' title='bbox 3175 1150 3257 1205; x_wconf 87' lang='lat' dir='ltr'><strong>Ne</strong></span> <span class='ocrx_word' id='word_1_170' title='bbox 3312 1150 3480 1219; x_wconf 76' lang='lat' dir='ltr'><strong>facias</strong></span> 
     </span>
    </p>
   </div>
   <div class='ocr_carea' id='block_1_25' title="bbox 1914 1243 3479 1318">
    <p class='ocr_par' dir='ltr' id='par_1_25' title="bbox 1914 1243 3479 1318">
     <span class='ocr_line' id='line_1_25' title="bbox 1914 1243 3479 1318; baseline -0.006 -16"><span class='ocrx_word' id='word_1_171' title='bbox 1914 1247 2156 1303; x_wconf 68' lang='lat' dir='ltr'><strong>(Eneum</strong></span> <span class='ocrx_word' id='word_1_172' title='bbox 2192 1249 2426 1303; x_wconf 80' lang='lat' dir='ltr'><strong>Peleum.</strong></span> <span class='ocrx_word' id='word_1_173' title='bbox 2458 1248 2611 1316; x_wconf 86' lang='lat' dir='ltr'><strong>Quod</strong></span> <span class='ocrx_word' id='word_1_174' title='bbox 2647 1259 2705 1303; x_wconf 91' lang='lat' dir='ltr'><strong>ut</strong></span> <span class='ocrx_word' id='word_1_175' title='bbox 2735 1247 3083 1318; x_wconf 81' lang='grc' dir='ltr'>εὐτραπέλως</span> <span class='ocrx_word' id='word_1_176' title='bbox 3119 1243 3479 1297; x_wconf 78' lang='lat' dir='ltr'><strong>salsedictum</strong></span> 
     </span>
    </p>
   </div>
   <div class='ocr_carea' id='block_1_26' title="bbox 1914 1332 3482 1406">
    <p class='ocr_par' dir='ltr' id='par_1_26' title="bbox 1914 1332 3482 1406">
     <span class='ocr_line' id='line_1_26' title="bbox 1914 1332 3482 1406; baseline -0.007 -11"><span class='ocrx_word' id='word_1_177' title='bbox 1914 1341 1986 1395; x_wconf 81' lang='lat' dir='ltr'><strong>ibi</strong></span> <span class='ocrx_word' id='word_1_178' title='bbox 2028 1351 2218 1395; x_wconf 83' lang='lat' dir='ltr'><strong>auctor</strong></span> <span class='ocrx_word' id='word_1_179' title='bbox 2242 1340 2446 1403; x_wconf 81' lang='lat' dir='ltr'><strong>laudat,</strong></span> <span class='ocrx_word' id='word_1_180' title='bbox 2481 1341 2559 1395; x_wconf 87' lang='lat' dir='ltr'><strong>sic</strong></span> <span class='ocrx_word' id='word_1_181' title='bbox 2582 1354 2847 1393; x_wconf 86' lang='lat' dir='ltr'><strong>enarrans</strong></span> <span class='ocrx_word' id='word_1_182' title='bbox 2882 1354 2893 1388; x_wconf 91' lang='lat'><strong>:</strong></span> <span class='ocrx_word' id='word_1_183' title='bbox 2924 1336 3015 1406; x_wconf 79' lang='grc' dir='ltr'><strong>Μὴ</strong></span> <span class='ocrx_word' id='word_1_184' title='bbox 3039 1336 3272 1406; x_wconf 82' lang='grc' dir='ltr'>τρυγίαν</span> <span class='ocrx_word' id='word_1_185' title='bbox 3298 1332 3482 1386; x_wconf 83' lang='grc' dir='ltr'>κυκῶν</span> 
     </span>
    </p>
   </div>
   <div class='ocr_carea' id='block_1_27' title="bbox 1912 1420 3484 1502">
    <p class='ocr_par' dir='ltr' id='par_1_27' title="bbox 1912 1420 3484 1502">
     <span class='ocr_line' id='line_1_27' title="bbox 1912 1420 3484 1502; baseline -0.007 -18"><span class='ocrx_word' id='word_1_186' title='bbox 1912 1433 2009 1485; x_wconf 80' lang='grc' dir='ltr'>καὶ</span> <span class='ocrx_word' id='word_1_187' title='bbox 2045 1433 2123 1496; x_wconf 79' lang='grc' dir='ltr'>τῷ</span> <span class='ocrx_word' id='word_1_188' title='bbox 2149 1432 2387 1502; x_wconf 77' lang='grc' dir='ltr'><strong>κρητῆρι</strong></span> <span class='ocrx_word' id='word_1_189' title='bbox 2440 1431 2819 1500; x_wconf 75' lang='grc' dir='ltr'>παραμιγνὺς,</span> <span class='ocrx_word' id='word_1_190' title='bbox 2862 1427 3163 1499; x_wconf 79' lang='grc' dir='ltr'>μετάῦαλλε</span> <span class='ocrx_word' id='word_1_191' title='bbox 3198 1425 3287 1478; x_wconf 76' lang='grc' dir='ltr'><strong>τὸν</strong></span> <span class='ocrx_word' id='word_1_192' title='bbox 3341 1420 3484 1475; x_wconf 71' lang='grc' dir='ltr'>οἶνον</span> 
     </span>
    </p>
   </div>
   <div class='ocr_carea' id='block_1_28' title="bbox 1908 1516 3485 1592">
    <p class='ocr_par' dir='ltr' id='par_1_28' title="bbox 1908 1516 3485 1592">
     <span class='ocr_line' id='line_1_28' title="bbox 1908 1516 3485 1592; baseline -0.006 -17"><span class='ocrx_word' id='word_1_193' title='bbox 1908 1523 1982 1584; x_wconf 80' lang='grc' dir='ltr'>ὼς</span> <span class='ocrx_word' id='word_1_194' title='bbox 2015 1525 2091 1584; x_wconf 71' lang='grc' dir='ltr'><strong>εἰς</strong></span> <span class='ocrx_word' id='word_1_195' title='bbox 2126 1525 2316 1592; x_wconf 66' lang='grc' dir='ltr'>πηλὸν,</span> <span class='ocrx_word' id='word_1_196' title='bbox 2429 1524 2576 1575; x_wconf 73' lang='grc' dir='ltr'><strong>δοκεῖ</strong></span> <span class='ocrx_word' id='word_1_197' title='bbox 2606 1520 3039 1591; x_wconf 72' lang='grc' dir='ltr'>παρωνομάσθαι</span> <span class='ocrx_word' id='word_1_198' title='bbox 3096 1517 3485 1585; x_wconf 68' lang='grc' dir='ltr'>παιγνημνενως</span> 
     </span>
    </p>
   </div>
   <div class='ocr_carea' id='block_1_29' title="bbox 1907 1612 3481 1686">
    <p class='ocr_par' dir='ltr' id='par_1_29' title="bbox 1907 1612 3481 1686">
     <span class='ocr_line' id='line_1_29' title="bbox 1907 1612 3481 1686; baseline -0.006 -17"><span class='ocrx_word' id='word_1_199' title='bbox 1907 1619 1935 1669; x_wconf 82' lang='grc' dir='ltr'>ὁ</span> <span class='ocrx_word' id='word_1_200' title='bbox 1965 1616 2289 1686; x_wconf 75' lang='grc' dir='ltr'><strong>Πηλεύς.Νρ</strong></span> <span class='ocrx_word' id='word_1_201' title='bbox 2307 1618 2461 1686; x_wconf 70' lang='lat' dir='ltr'><strong>fraces</strong></span> <span class='ocrx_word' id='word_1_202' title='bbox 2488 1615 2693 1668; x_wconf 79' lang='lat' dir='ltr'><strong>diluens</strong></span> <span class='ocrx_word' id='word_1_203' title='bbox 2727 1624 2774 1668; x_wconf 78' lang='grc' dir='ltr'><em>ιι</em></span> <span class='ocrx_word' id='word_1_204' title='bbox 2799 1616 2993 1666; x_wconf 85' lang='lat' dir='ltr'><strong>crateri</strong></span> <span class='ocrx_word' id='word_1_205' title='bbox 3025 1612 3481 1665; x_wconf 76' lang='lat' dir='ltr'><strong>admiscensmuta</strong></span> 
     </span>
    </p>
   </div>
   <div class='ocr_carea' id='block_1_30' title="bbox 1909 1701 3484 1773">
    <p class='ocr_par' dir='ltr' id='par_1_30' title="bbox 1909 1701 3484 1773">
     <span class='ocr_line' id='line_1_30' title="bbox 1909 1701 3484 1773; baseline -0.006 -11"><span class='ocrx_word' id='word_1_206' title='bbox 1909 1711 2085 1762; x_wconf 81' lang='lat' dir='ltr'><strong>vinum</strong></span> <span class='ocrx_word' id='word_1_207' title='bbox 2125 1709 2263 1761; x_wconf 80' lang='lat' dir='ltr'><strong>velut</strong></span> <span class='ocrx_word' id='word_1_208' title='bbox 2312 1709 2362 1761; x_wconf 81' lang='lat' dir='ltr'><strong>in</strong></span> <span class='ocrx_word' id='word_1_209' title='bbox 2393 1710 2559 1761; x_wconf 87' lang='lat' dir='ltr'><strong>lutum</strong></span> <span class='ocrx_word' id='word_1_210' title='bbox 2596 1725 2613 1761; x_wconf 68' lang='grc' dir='ltr'><strong>ς</strong></span> <span class='ocrx_word' id='word_1_211' title='bbox 2658 1707 2861 1760; x_wconf 84' lang='lat' dir='ltr'><strong>ludicra</strong></span> <span class='ocrx_word' id='word_1_212' title='bbox 2914 1706 3049 1759; x_wconf 80' lang='lat' dir='ltr'><strong>enim</strong></span> <span class='ocrx_word' id='word_1_213' title='bbox 3108 1701 3484 1773; x_wconf 80' lang='lat' dir='ltr'><strong>paronomusia</strong></span> 
     </span>
    </p>
   </div>
   <div class='ocr_carea' id='block_1_31' title="bbox 1913 1794 3481 1862">
    <p class='ocr_par' dir='ltr' id='par_1_31' title="bbox 1913 1794 3481 1862">
     <span class='ocr_line' id='line_1_31' title="bbox 1913 1794 3481 1862; baseline -0.006 -9"><span class='ocrx_word' id='word_1_214' title='bbox 1913 1802 2117 1855; x_wconf 79' lang='lat' dir='ltr'><strong>ridetur</strong></span> <span class='ocrx_word' id='word_1_215' title='bbox 2147 1802 2295 1856; x_wconf 75' lang='lat' dir='ltr'><strong>verba</strong></span> <span class='ocrx_word' id='word_1_216' title='bbox 2341 1801 2529 1855; x_wconf 79' lang='lat' dir='ltr'><strong>Peleus</strong></span> <span class='ocrx_word' id='word_1_217' title='bbox 2574 1802 2741 1853; x_wconf 81' lang='lat' dir='ltr'><strong>lutum</strong></span> <span class='ocrx_word' id='word_1_218' title='bbox 2795 1799 3070 1851; x_wconf 79' lang='lat' dir='ltr'><strong>indicasse.</strong></span> <span class='ocrx_word' id='word_1_219' title='bbox 3103 1794 3225 1849; x_wconf 62' lang='lat' dir='ltr'><strong>llaic</strong></span> <span class='ocrx_word' id='word_1_220' title='bbox 3247 1794 3337 1862; x_wconf 90' lang='lat' dir='ltr'><strong>qui</strong></span> <span class='ocrx_word' id='word_1_221' title='bbox 3373 1808 3481 1846; x_wconf 89' lang='lat' dir='ltr'><strong>non</strong></span> 
     </span>
    </p>
   </div>
   <div class='ocr_carea' id='block_1_32' title="bbox 245 1878 3485 1963">
    <p class='ocr_par' dir='ltr' id='par_1_32' title="bbox 245 1878 3485 1963">
     <span class='ocr_line' id='line_1_32' title="bbox 245 1878 3485 1963; baseline 0.001 -28"><span class='ocrx_word' id='word_1_222' title='bbox 245 1886 482 1940; x_wconf 84' lang='lat' dir='ltr'><strong>inferius</strong></span> <span class='ocrx_word' id='word_1_223' title='bbox 512 1886 550 1940; x_wconf 91' lang='lat' dir='ltr'><strong>l.</strong></span> <span class='ocrx_word' id='word_1_224' title='bbox 579 1902 655 1949; x_wconf 89' lang='lat' dir='ltr'><strong>vt,</strong></span> <span class='ocrx_word' id='word_1_225' title='bbox 684 1901 732 1940; x_wconf 91' lang='lat' dir='ltr'><strong>c.</strong></span> <span class='ocrx_word' id='word_1_226' title='bbox 764 1886 853 1952; x_wconf 75' lang='lat'><strong>25,</strong></span> <span class='ocrx_word' id='word_1_227' title='bbox 879 1886 967 1941; x_wconf 88' lang='lat' dir='ltr'><strong>ubi</strong></span> <span class='ocrx_word' id='word_1_228' title='bbox 995 1888 1223 1941; x_wconf 87' lang='lat' dir='ltr'><strong>recitato</strong></span> <span class='ocrx_word' id='word_1_229' title='bbox 1252 1888 1312 1940; x_wconf 85' lang='lat' dir='ltr'><strong>D.</strong></span> <span class='ocrx_word' id='word_1_230' title='bbox 1350 1886 1669 1941; x_wconf 75' lang='lat' dir='ltr'><strong>Damascéni</strong></span> <span class='ocrx_word' id='word_1_231' title='bbox 1694 1890 1810 1943; x_wconf 88' lang='lat' dir='ltr'><strong>loco</strong></span> <span class='ocrx_word' id='word_1_232' title='bbox 1844 1878 1887 1931; x_wconf 72' lang='grc' dir='ltr'><strong>Β</strong></span> <span class='ocrx_word' id='word_1_233' title='bbox 1916 1895 2179 1963; x_wconf 90' lang='lat' dir='ltr'><strong>probarit,</strong></span> <span class='ocrx_word' id='word_1_234' title='bbox 2210 1895 2498 1949; x_wconf 80' lang='lat' dir='ltr'><strong>condoleat</strong></span> <span class='ocrx_word' id='word_1_235' title='bbox 2538 1892 2834 1947; x_wconf 79' lang='lat' dir='ltr'><strong>infeliciter</strong></span> <span class='ocrx_word' id='word_1_236' title='bbox 2863 1890 3215 1953; x_wconf 88' lang='lat' dir='ltr'><strong>conantibus,</strong></span> <span class='ocrx_word' id='word_1_237' title='bbox 3272 1896 3325 1941; x_wconf 89' lang='lat' dir='ltr'><strong>et</strong></span> <span class='ocrx_word' id='word_1_238' title='bbox 3368 1900 3485 1939; x_wconf 86' lang='lat' dir='ltr'><strong>mc-</strong></span> 
     </span>
    </p>
   </div>
   <div class='ocr_carea' id='block_1_33' title="bbox 238 1977 1814 2049">
    <p class='ocr_par' dir='ltr' id='par_1_33' title="bbox 238 1977 1814 2049">
     <span class='ocr_line' id='line_1_33' title="bbox 238 1977 1814 2049; baseline 0.003 -21"><span class='ocrx_word' id='word_1_239' title='bbox 238 1977 461 2030; x_wconf 82' lang='lat' dir='ltr'><strong>Patrem</strong></span> <span class='ocrx_word' id='word_1_240' title='bbox 494 1987 761 2032; x_wconf 63' lang='lat' dir='ltr'><strong>talentum</strong></span> <span class='ocrx_word' id='word_1_241' title='bbox 794 1978 1063 2049; x_wconf 64' lang='grc' dir='ltr'>προὼλέα</span> <span class='ocrx_word' id='word_1_242' title='bbox 1095 1979 1189 2031; x_wconf 81' lang='grc' dir='ltr'>τοῦ</span> <span class='ocrx_word' id='word_1_243' title='bbox 1214 1979 1611 2048; x_wconf 66' lang='grc' dir='ltr'>ὲκφαντηρικοῦ</span> <span class='ocrx_word' id='word_1_244' title='bbox 1645 1981 1814 2034; x_wconf 70' lang='lat' dir='ltr'><strong>Ilvati-</strong></span> 
     </span>
    </p>
   </div>
   <div class='ocr_carea' id='block_1_34' title="bbox 244 2068 1817 2143">
    <p class='ocr_par' dir='ltr' id='par_1_34' title="bbox 244 2068 1817 2143">
     <span class='ocr_line' id='line_1_34' title="bbox 244 2068 1817 2143; baseline 0.005 -25"><span class='ocrx_word' id='word_1_245' title='bbox 244 2084 417 2136; x_wconf 82' lang='grc' dir='ltr'>ματος</span> <span class='ocrx_word' id='word_1_246' title='bbox 436 2068 757 2134; x_wconf 84' lang='lat' dir='ltr'><strong>prolatorem</strong></span> <span class='ocrx_word' id='word_1_247' title='bbox 786 2069 900 2125; x_wconf 86' lang='lat' dir='ltr'><strong>sive</strong></span> <span class='ocrx_word' id='word_1_248' title='bbox 938 2072 1239 2124; x_wconf 79' lang='lat' dir='ltr'><strong>emissorcm</strong></span> <span class='ocrx_word' id='word_1_249' title='bbox 1270 2072 1615 2126; x_wconf 83' lang='lat' dir='ltr'><strong>enuntiatorii</strong></span> <span class='ocrx_word' id='word_1_250' title='bbox 1640 2071 1817 2143; x_wconf 83' lang='lat' dir='ltr'><strong>Spiri-</strong></span> 
     </span>
    </p>
   </div>
   <div class='ocr_carea' id='block_1_35' title="bbox 241 2162 1816 2232">
    <p class='ocr_par' dir='ltr' id='par_1_35' title="bbox 241 2162 1816 2232">
     <span class='ocr_line' id='line_1_35' title="bbox 241 2162 1816 2232; baseline 0.003 -16"><span class='ocrx_word' id='word_1_251' title='bbox 241 2174 327 2216; x_wconf 77' lang='lat' dir='ltr'><strong>tus</strong></span> <span class='ocrx_word' id='word_1_252' title='bbox 360 2163 631 2224; x_wconf 84' lang='lat' dir='ltr'><strong>vocantis,</strong></span> <span class='ocrx_word' id='word_1_253' title='bbox 657 2162 734 2216; x_wconf 89' lang='lat' dir='ltr'><strong>ait</strong></span> <span class='ocrx_word' id='word_1_254' title='bbox 765 2164 1029 2232; x_wconf 89' lang='lat' dir='ltr'><strong>quosdam</strong></span> <span class='ocrx_word' id='word_1_255' title='bbox 1064 2173 1125 2218; x_wconf 92' lang='lat' dir='ltr'><strong>ut</strong></span> <span class='ocrx_word' id='word_1_256' title='bbox 1154 2163 1294 2218; x_wconf 86' lang='lat' dir='ltr'><strong>falso</strong></span> <span class='ocrx_word' id='word_1_257' title='bbox 1328 2163 1569 2218; x_wconf 82' lang='lat' dir='ltr'><strong>allictum</strong></span> <span class='ocrx_word' id='word_1_258' title='bbox 1618 2165 1816 2221; x_wconf 87' lang='lat' dir='ltr'><strong>Dama-</strong></span> 
     </span>
    </p>
   </div>
   <div class='ocr_carea' id='block_1_36' title="bbox 241 2254 1817 2327">
    <p class='ocr_par' dir='ltr' id='par_1_36' title="bbox 241 2254 1817 2327">
     <span class='ocr_line' id='line_1_36' title="bbox 241 2254 1817 2327; baseline 0.006 -23"><span class='ocrx_word' id='word_1_259' title='bbox 241 2269 416 2310; x_wconf 75' lang='lat' dir='ltr'><strong>sceno</strong></span> <span class='ocrx_word' id='word_1_260' title='bbox 459 2254 563 2309; x_wconf 88' lang='lat' dir='ltr'><strong>hoc</strong></span> <span class='ocrx_word' id='word_1_261' title='bbox 621 2255 825 2309; x_wconf 88' lang='lat' dir='ltr'><strong>dictum</strong></span> <span class='ocrx_word' id='word_1_262' title='bbox 873 2256 1156 2326; x_wconf 85' lang='lat' dir='ltr'><strong>rejecisse,</strong></span> <span class='ocrx_word' id='word_1_263' title='bbox 1208 2259 1473 2327; x_wconf 89' lang='lat' dir='ltr'><strong>quosdam</strong></span> <span class='ocrx_word' id='word_1_264' title='bbox 1525 2270 1707 2313; x_wconf 91' lang='lat' dir='ltr'><strong>autem</strong></span> <span class='ocrx_word' id='word_1_265' title='bbox 1764 2260 1817 2315; x_wconf 89' lang='lat' dir='ltr'><strong>id</strong></span> 
     </span>
    </p>
   </div>
   <div class='ocr_carea' id='block_1_37' title="bbox 243 2347 1817 2424">
    <p class='ocr_par' dir='ltr' id='par_1_37' title="bbox 243 2347 1817 2424">
     <span class='ocr_line' id='line_1_37' title="bbox 243 2347 1817 2424; baseline 0.003 -24"><span class='ocrx_word' id='word_1_266' title='bbox 243 2347 551 2424; x_wconf 82' lang='lat' dir='ltr'><strong>legitimum</strong></span> <span class='ocrx_word' id='word_1_267' title='bbox 575 2347 692 2415; x_wconf 86' lang='lat' dir='ltr'><strong>ejus</strong></span> <span class='ocrx_word' id='word_1_268' title='bbox 724 2349 894 2403; x_wconf 87' lang='lat' dir='ltr'><strong>sancti</strong></span> <span class='ocrx_word' id='word_1_269' title='bbox 931 2348 1176 2403; x_wconf 91' lang='lat' dir='ltr'><strong>doctoris</strong></span> <span class='ocrx_word' id='word_1_270' title='bbox 1241 2350 1616 2405; x_wconf 89' lang='lat' dir='ltr'><strong>testimonium</strong></span> <span class='ocrx_word' id='word_1_271' title='bbox 1650 2366 1817 2421; x_wconf 87' lang='lat' dir='ltr'><strong>agno-</strong></span> 
     </span>
    </p>
   </div>
   <div class='ocr_carea' id='block_1_38' title="bbox 244 2439 1817 2517">
    <p class='ocr_par' dir='ltr' id='par_1_38' title="bbox 244 2439 1817 2517">
     <span class='ocr_line' id='line_1_38' title="bbox 244 2439 1817 2517; baseline 0.004 -25"><span class='ocrx_word' id='word_1_272' title='bbox 244 2448 470 2493; x_wconf 81' lang='lat' dir='ltr'><strong>scentes</strong></span> <span class='ocrx_word' id='word_1_273' title='bbox 548 2439 605 2493; x_wconf 93' lang='lat' dir='ltr'><strong>in</strong></span> <span class='ocrx_word' id='word_1_274' title='bbox 674 2453 741 2494; x_wconf 92' lang='lat' dir='ltr'><strong>eo</strong></span> <span class='ocrx_word' id='word_1_275' title='bbox 792 2440 1119 2494; x_wconf 86' lang='lat' dir='ltr'><strong>vocabulum</strong></span> <span class='ocrx_word' id='word_1_276' title='bbox 1184 2441 1484 2511; x_wconf 78' lang='grc' dir='ltr'>προδολεύς</span> <span class='ocrx_word' id='word_1_277' title='bbox 1542 2442 1598 2497; x_wconf 92' lang='lat' dir='ltr'><strong>in</strong></span> <span class='ocrx_word' id='word_1_278' title='bbox 1644 2460 1817 2517; x_wconf 78' lang='grc' dir='ltr'>παρο-</span> 
     </span>
    </p>
   </div>
   <div class='ocr_carea' id='block_1_39' title="bbox 245 2533 670 2599">
    <p class='ocr_par' dir='ltr' id='par_1_39' title="bbox 245 2533 670 2599">
     <span class='ocr_line' id='line_1_39' title="bbox 245 2533 670 2599; baseline 0.002 -16"><span class='ocrx_word' id='word_1_279' title='bbox 245 2533 375 2599; x_wconf 79' lang='grc' dir='ltr'>χεύς</span> <span class='ocrx_word' id='word_1_280' title='bbox 406 2540 670 2586; x_wconf 86' lang='lat' dir='ltr'><strong>mutasse.</strong></span> 
     </span>
    </p>
   </div>
   <div class='ocr_carea' id='block_1_40' title="bbox 324 2621 1817 2695">
    <p class='ocr_par' dir='ltr' id='par_1_40' title="bbox 324 2621 1817 2695">
     <span class='ocr_line' id='line_1_40' title="bbox 324 2621 1817 2695; baseline 0.004 -19"><span class='ocrx_word' id='word_1_281' title='bbox 324 2621 391 2694; x_wconf 84' lang='lat' dir='ltr'><strong>[P</strong></span> <span class='ocrx_word' id='word_1_282' title='bbox 421 2622 552 2694; x_wconf 75' lang='grc'><strong>408]</strong></span> <span class='ocrx_word' id='word_1_283' title='bbox 581 2624 825 2692; x_wconf 75' lang='grc' dir='ltr'><strong>Πηλεύς</strong></span> <span class='ocrx_word' id='word_1_284' title='bbox 848 2626 927 2695; x_wconf 81' lang='grc'><strong>(1)</strong></span> <span class='ocrx_word' id='word_1_285' title='bbox 965 2641 1024 2695; x_wconf 89' lang='lat' dir='ltr'><strong>p.</strong></span> <span class='ocrx_word' id='word_1_286' title='bbox 1076 2626 1201 2681; x_wconf 69' lang='lat'><strong>450.</strong></span> <span class='ocrx_word' id='word_1_287' title='bbox 1234 2626 1456 2681; x_wconf 89' lang='lat' dir='ltr'><strong>Peleum</strong></span> <span class='ocrx_word' id='word_1_288' title='bbox 1500 2628 1587 2682; x_wconf 91' lang='lat' dir='ltr'><strong>hic</strong></span> <span class='ocrx_word' id='word_1_289' title='bbox 1613 2643 1817 2683; x_wconf 88' lang='lat' dir='ltr'><strong>memo-</strong></span> 
     </span>
    </p>
   </div>
   <div class='ocr_carea' id='block_1_41' title="bbox 248 2717 1818 2790">
    <p class='ocr_par' dir='ltr' id='par_1_41' title="bbox 248 2717 1818 2790">
     <span class='ocr_line' id='line_1_41' title="bbox 248 2717 1818 2790; baseline 0.004 -21"><span class='ocrx_word' id='word_1_290' title='bbox 248 2718 357 2769; x_wconf 88' lang='lat' dir='ltr'><strong>rari</strong></span> <span class='ocrx_word' id='word_1_291' title='bbox 399 2727 609 2784; x_wconf 86' lang='lat' dir='ltr'><strong>patrem</strong></span> <span class='ocrx_word' id='word_1_292' title='bbox 636 2717 863 2772; x_wconf 87' lang='lat' dir='ltr'><strong>Achillis</strong></span> <span class='ocrx_word' id='word_1_293' title='bbox 910 2728 966 2773; x_wconf 89' lang='lat' dir='ltr'><strong>et</strong></span> <span class='ocrx_word' id='word_1_294' title='bbox 1013 2719 1068 2773; x_wconf 92' lang='lat' dir='ltr'><strong>in</strong></span> <span class='ocrx_word' id='word_1_295' title='bbox 1121 2722 1430 2790; x_wconf 76' lang='lat' dir='ltr'><strong>exemplum</strong></span> <span class='ocrx_word' id='word_1_296' title='bbox 1485 2719 1818 2775; x_wconf 66' lang='lat' dir='ltr'><strong>castimciniaa</strong></span> 
     </span>
    </p>
   </div>
   <div class='ocr_carea' id='block_1_42' title="bbox 246 2809 1816 2882">
    <p class='ocr_par' dir='ltr' id='par_1_42' title="bbox 246 2809 1816 2882">
     <span class='ocr_line' id='line_1_42' title="bbox 246 2809 1816 2882; baseline 0.006 -26"><span class='ocrx_word' id='word_1_297' title='bbox 246 2809 481 2877; x_wconf 67' lang='lat' dir='ltr'><strong>pioponi</strong></span> <span class='ocrx_word' id='word_1_298' title='bbox 530 2816 775 2879; x_wconf 82' lang='lat' dir='ltr'><strong>apparet,</strong></span> <span class='ocrx_word' id='word_1_299' title='bbox 811 2818 869 2863; x_wconf 93' lang='lat' dir='ltr'><strong>ut</strong></span> <span class='ocrx_word' id='word_1_300' title='bbox 917 2810 1099 2865; x_wconf 86' lang='lat' dir='ltr'><strong>statim</strong></span> <span class='ocrx_word' id='word_1_301' title='bbox 1132 2822 1253 2881; x_wconf 91' lang='lat' dir='ltr'><strong>post</strong></span> <span class='ocrx_word' id='word_1_302' title='bbox 1285 2812 1574 2866; x_wconf 80' lang='lat' dir='ltr'><strong>Aristidem</strong></span> <span class='ocrx_word' id='word_1_303' title='bbox 1611 2813 1664 2865; x_wconf 91' lang='lat' dir='ltr'><strong>in</strong></span> <span class='ocrx_word' id='word_1_304' title='bbox 1693 2828 1816 2882; x_wconf 87' lang='lat' dir='ltr'><strong>spe-</strong></span> 
     </span>
    </p>
   </div>
   <div class='ocr_carea' id='block_1_43' title="bbox 244 2901 1816 2960">
    <p class='ocr_par' dir='ltr' id='par_1_43' title="bbox 244 2901 1816 2960">
     <span class='ocr_line' id='line_1_43' title="bbox 244 2901 1816 2960; baseline 0.004 -8"><span class='ocrx_word' id='word_1_305' title='bbox 244 2902 431 2953; x_wconf 74' lang='lat' dir='ltr'><strong>cimen</strong></span> <span class='ocrx_word' id='word_1_306' title='bbox 464 2901 809 2955; x_wconf 65' lang='lat' dir='ltr'><strong>abstinentia:</strong></span> <span class='ocrx_word' id='word_1_307' title='bbox 838 2918 868 2955; x_wconf 91' lang='lat' dir='ltr'><strong>a</strong></span> <span class='ocrx_word' id='word_1_308' title='bbox 898 2902 1043 2957; x_wconf 92' lang='lat' dir='ltr'><strong>furto</strong></span> <span class='ocrx_word' id='word_1_309' title='bbox 1077 2903 1458 2960; x_wconf 59' lang='lat' dir='ltr'><strong>alienissimae.</strong></span> <span class='ocrx_word' id='word_1_310' title='bbox 1484 2906 1603 2959; x_wconf 83' lang='lat' dir='ltr'><strong>Non</strong></span> <span class='ocrx_word' id='word_1_311' title='bbox 1637 2915 1816 2959; x_wconf 80' lang='lat' dir='ltr'><strong>tamen</strong></span> 
     </span>
    </p>
   </div>
   <div class='ocr_carea' id='block_1_44' title="bbox 242 2991 1820 3065">
    <p class='ocr_par' dir='ltr' id='par_1_44' title="bbox 242 2991 1820 3065">
     <span class='ocr_line' id='line_1_44' title="bbox 242 2991 1820 3065; baseline 0.003 -20"><span class='ocrx_word' id='word_1_312' title='bbox 242 2991 494 3045; x_wconf 86' lang='lat' dir='ltr'><strong>occurrit</strong></span> <span class='ocrx_word' id='word_1_313' title='bbox 518 2992 701 3047; x_wconf 88' lang='lat' dir='ltr'><strong>adhuc</strong></span> <span class='ocrx_word' id='word_1_314' title='bbox 731 2993 865 3047; x_wconf 86' lang='lat' dir='ltr'><strong>milii</strong></span> <span class='ocrx_word' id='word_1_315' title='bbox 899 2994 1272 3049; x_wconf 90' lang='lat' dir='ltr'><strong>testimonium</strong></span> <span class='ocrx_word' id='word_1_316' title='bbox 1303 2995 1510 3065; x_wconf 86' lang='lat' dir='ltr'><strong>antiqui</strong></span> <span class='ocrx_word' id='word_1_317' title='bbox 1538 2997 1820 3064; x_wconf 75' lang='lat' dir='ltr'><strong>scriptoris</strong></span> 
     </span>
    </p>
   </div>
   <div class='ocr_carea' id='block_1_45' title="bbox 246 3082 1816 3152">
    <p class='ocr_par' dir='ltr' id='par_1_45' title="bbox 246 3082 1816 3152">
     <span class='ocr_line' id='line_1_45' title="bbox 246 3082 1816 3152; baseline 0.006 -19"><span class='ocrx_word' id='word_1_318' title='bbox 246 3084 415 3135; x_wconf 87' lang='lat' dir='ltr'><strong>istam</strong></span> <span class='ocrx_word' id='word_1_319' title='bbox 465 3082 719 3137; x_wconf 76' lang='lat' dir='ltr'><strong>eximiam</strong></span> <span class='ocrx_word' id='word_1_320' title='bbox 756 3085 1032 3152; x_wconf 67' lang='lat' dir='ltr'><strong>pudicitia:</strong></span> <span class='ocrx_word' id='word_1_321' title='bbox 1070 3085 1282 3139; x_wconf 85' lang='lat' dir='ltr'><strong>laudem</strong></span> <span class='ocrx_word' id='word_1_322' title='bbox 1318 3086 1476 3141; x_wconf 75' lang='lat' dir='ltr'><strong>Peleo</strong></span> <span class='ocrx_word' id='word_1_323' title='bbox 1502 3089 1816 3151; x_wconf 84' lang='lat' dir='ltr'><strong>asserentis,</strong></span> 
     </span>
    </p>
   </div>
   <div class='ocr_carea' id='block_1_46' title="bbox 248 3176 1820 3246">
    <p class='ocr_par' dir='ltr' id='par_1_46' title="bbox 248 3176 1820 3246">
     <span class='ocr_line' id='line_1_46' title="bbox 248 3176 1820 3246; baseline 0.006 -22"><span class='ocrx_word' id='word_1_324' title='bbox 248 3176 565 3241; x_wconf 79' lang='lat' dir='ltr'><strong>cujusmodi</strong></span> <span class='ocrx_word' id='word_1_325' title='bbox 595 3177 884 3246; x_wconf 86' lang='lat' dir='ltr'><strong>quodpiam</strong></span> <span class='ocrx_word' id='word_1_326' title='bbox 922 3178 1274 3232; x_wconf 83' lang='lat' dir='ltr'><strong>obversatum</strong></span> <span class='ocrx_word' id='word_1_327' title='bbox 1315 3178 1499 3233; x_wconf 86' lang='lat' dir='ltr'><strong>animo</strong></span> <span class='ocrx_word' id='word_1_328' title='bbox 1530 3179 1820 3234; x_wconf 86' lang='lat' dir='ltr'><strong>scribentis</strong></span> 
     </span>
    </p>
   </div>
   <div class='ocr_carea' id='block_1_47' title="bbox 250 3266 1823 3338">
    <p class='ocr_par' dir='ltr' id='par_1_47' title="bbox 250 3266 1823 3338">
     <span class='ocr_line' id='line_1_47' title="bbox 250 3266 1823 3338; baseline 0.005 -19"><span class='ocrx_word' id='word_1_329' title='bbox 250 3266 371 3321; x_wconf 69' lang='lat' dir='ltr'><strong>tunc</strong></span> <span class='ocrx_word' id='word_1_330' title='bbox 401 3266 749 3338; x_wconf 83' lang='lat' dir='ltr'><strong>Pacliymeris</strong></span> <span class='ocrx_word' id='word_1_331' title='bbox 808 3268 1077 3338; x_wconf 86' lang='lat' dir='ltr'><strong>suspicor.</strong></span> <span class='ocrx_word' id='word_1_332' title='bbox 1143 3269 1329 3338; x_wconf 88' lang='lat' dir='ltr'><strong>Neque</strong></span> <span class='ocrx_word' id='word_1_333' title='bbox 1380 3270 1524 3324; x_wconf 91' lang='lat' dir='ltr'><strong>enim</strong></span> <span class='ocrx_word' id='word_1_334' title='bbox 1568 3271 1823 3327; x_wconf 84' lang='lat' dir='ltr'><strong>videlicet</strong></span> 
     </span>
    </p>
   </div>
   <div class='ocr_carea' id='block_1_48' title="bbox 249 3358 1824 3429">
    <p class='ocr_par' dir='ltr' id='par_1_48' title="bbox 249 3358 1824 3429">
     <span class='ocr_line' id='line_1_48' title="bbox 249 3358 1824 3429; baseline 0.006 -21"><span class='ocrx_word' id='word_1_335' title='bbox 249 3359 439 3411; x_wconf 82' lang='lat' dir='ltr'><strong>omnia</strong></span> <span class='ocrx_word' id='word_1_336' title='bbox 470 3373 591 3426; x_wconf 65' lang='lat' dir='ltr'><strong>quae</strong></span> <span class='ocrx_word' id='word_1_337' title='bbox 623 3358 713 3413; x_wconf 89' lang='lat' dir='ltr'><strong>ille</strong></span> <span class='ocrx_word' id='word_1_338' title='bbox 751 3359 882 3429; x_wconf 90' lang='lat' dir='ltr'><strong>legit</strong></span> <span class='ocrx_word' id='word_1_339' title='bbox 906 3358 961 3413; x_wconf 91' lang='lat' dir='ltr'><strong>in</strong></span> <span class='ocrx_word' id='word_1_340' title='bbox 990 3370 1207 3415; x_wconf 89' lang='lat' dir='ltr'><strong>nostras</strong></span> <span class='ocrx_word' id='word_1_341' title='bbox 1237 3375 1439 3416; x_wconf 89' lang='lat' dir='ltr'><strong>venere</strong></span> <span class='ocrx_word' id='word_1_342' title='bbox 1486 3377 1718 3425; x_wconf 88' lang='lat' dir='ltr'><strong>manus;</strong></span> <span class='ocrx_word' id='word_1_343' title='bbox 1759 3379 1824 3417; x_wconf 87' lang='lat' dir='ltr'><strong>ac</strong></span> 
     </span>
    </p>
   </div>
   <div class='ocr_carea' id='block_1_49' title="bbox 248 3450 1819 3522">
    <p class='ocr_par' dir='ltr' id='par_1_49' title="bbox 248 3450 1819 3522">
     <span class='ocr_line' id='line_1_49' title="bbox 248 3450 1819 3522; baseline 0.003 -19"><span class='ocrx_word' id='word_1_344' title='bbox 248 3450 489 3504; x_wconf 75' lang='lat' dir='ltr'><strong>fortasse</strong></span> <span class='ocrx_word' id='word_1_345' title='bbox 539 3466 609 3505; x_wconf 89' lang='lat' dir='ltr'><strong>ne</strong></span> <span class='ocrx_word' id='word_1_346' title='bbox 656 3466 801 3505; x_wconf 90' lang='lat' dir='ltr'><strong>nunc</strong></span> <span class='ocrx_word' id='word_1_347' title='bbox 829 3451 1048 3519; x_wconf 82' lang='lat' dir='ltr'><strong>quidem</strong></span> <span class='ocrx_word' id='word_1_348' title='bbox 1082 3463 1395 3522; x_wconf 90' lang='lat' dir='ltr'><strong>supersunt.</strong></span> <span class='ocrx_word' id='word_1_349' title='bbox 1447 3454 1618 3519; x_wconf 83' lang='lat' dir='ltr'><strong>Quam</strong></span> <span class='ocrx_word' id='word_1_350' title='bbox 1657 3454 1819 3509; x_wconf 82' lang='lat' dir='ltr'><strong>multa</strong></span> 
     </span>
    </p>
   </div>
   <div class='ocr_carea' id='block_1_50' title="bbox 252 3539 1824 3616">
    <p class='ocr_par' dir='ltr' id='par_1_50' title="bbox 252 3539 1824 3616">
     <span class='ocr_line' id='line_1_50' title="bbox 252 3539 1824 3616; baseline 0.004 -23"><span class='ocrx_word' id='word_1_351' title='bbox 252 3540 409 3593; x_wconf 87' lang='lat' dir='ltr'><strong>enim</strong></span> <span class='ocrx_word' id='word_1_352' title='bbox 445 3540 733 3595; x_wconf 73' lang='lat' dir='ltr'><strong>vetustatis</strong></span> <span class='ocrx_word' id='word_1_353' title='bbox 766 3539 970 3596; x_wconf 64' lang='lat' dir='ltr'><strong>Graecae</strong></span> <span class='ocrx_word' id='word_1_354' title='bbox 1008 3552 1367 3598; x_wconf 88' lang='lat' dir='ltr'><strong>monumenta</strong></span> <span class='ocrx_word' id='word_1_355' title='bbox 1404 3546 1711 3616; x_wconf 78' lang='lat' dir='ltr'><strong>quingentis</strong></span> <span class='ocrx_word' id='word_1_356' title='bbox 1739 3545 1824 3601; x_wconf 91' lang='lat' dir='ltr'><strong>his</strong></span> 
     </span>
    </p>
   </div>
   <div class='ocr_carea' id='block_1_51' title="bbox 246 3631 1823 3705">
    <p class='ocr_par' dir='ltr' id='par_1_51' title="bbox 246 3631 1823 3705">
     <span class='ocr_line' id='line_1_51' title="bbox 246 3631 1823 3705; baseline 0.004 -20"><span class='ocrx_word' id='word_1_357' title='bbox 246 3632 368 3687; x_wconf 69' lang='lat' dir='ltr'><strong>f-re</strong></span> <span class='ocrx_word' id='word_1_358' title='bbox 402 3631 580 3694; x_wconf 86' lang='lat' dir='ltr'><strong>annis,</strong></span> <span class='ocrx_word' id='word_1_359' title='bbox 601 3642 776 3699; x_wconf 89' lang='lat' dir='ltr'><strong>quota</strong></span> <span class='ocrx_word' id='word_1_360' title='bbox 794 3632 1147 3705; x_wconf 80' lang='lat' dir='ltr'><strong>Pachymeris</strong></span> <span class='ocrx_word' id='word_1_361' title='bbox 1163 3646 1321 3692; x_wconf 67' lang='lat' dir='ltr'><strong>actate</strong></span> <span class='ocrx_word' id='word_1_362' title='bbox 1334 3638 1402 3691; x_wconf 91' lang='lat' dir='ltr'><strong>ad</strong></span> <span class='ocrx_word' id='word_1_363' title='bbox 1424 3638 1565 3692; x_wconf 86' lang='lat' dir='ltr'><strong>hanc</strong></span> <span class='ocrx_word' id='word_1_364' title='bbox 1582 3647 1823 3693; x_wconf 90' lang='lat' dir='ltr'><strong>nostram</strong></span> 
     </span>
    </p>
   </div>
   <div class='ocr_carea' id='block_1_52' title="bbox 245 3725 1823 3799">
    <p class='ocr_par' dir='ltr' id='par_1_52' title="bbox 245 3725 1823 3799">
     <span class='ocr_line' id='line_1_52' title="bbox 245 3725 1823 3799; baseline 0.006 -22"><span class='ocrx_word' id='word_1_365' title='bbox 245 3725 618 3788; x_wconf 82' lang='lat' dir='ltr'><strong>intercedunt,</strong></span> <span class='ocrx_word' id='word_1_366' title='bbox 639 3726 817 3794; x_wconf 87' lang='lat' dir='ltr'><strong>perire</strong></span> <span class='ocrx_word' id='word_1_367' title='bbox 835 3726 1084 3783; x_wconf 88' lang='lat' dir='ltr'><strong>funditus</strong></span> <span class='ocrx_word' id='word_1_368' title='bbox 1108 3729 1356 3799; x_wconf 88' lang='lat' dir='ltr'><strong>contigit,</strong></span> <span class='ocrx_word' id='word_1_369' title='bbox 1378 3742 1469 3783; x_wconf 88' lang='lat' dir='ltr'><strong>aut</strong></span> <span class='ocrx_word' id='word_1_370' title='bbox 1504 3741 1655 3784; x_wconf 87' lang='lat' dir='ltr'><strong>certe</strong></span> <span class='ocrx_word' id='word_1_371' title='bbox 1693 3732 1823 3787; x_wconf 89' lang='lat' dir='ltr'><strong>hac-</strong></span> 
     </span>
    </p>
   </div>
   <div class='ocr_carea' id='block_1_53' title="bbox 246 3816 1826 3878">
    <p class='ocr_par' dir='ltr' id='par_1_53' title="bbox 246 3816 1826 3878">
     <span class='ocr_line' id='line_1_53' title="bbox 246 3816 1826 3878; baseline 0.004 -8"><span class='ocrx_word' id='word_1_372' title='bbox 246 3828 415 3871; x_wconf 77' lang='lat' dir='ltr'><strong>tenus</strong></span> <span class='ocrx_word' id='word_1_373' title='bbox 442 3816 700 3871; x_wconf 79' lang='grc' dir='ltr'>ἀνέκδοτα</span> <span class='ocrx_word' id='word_1_374' title='bbox 731 3820 959 3875; x_wconf 89' lang='lat' dir='ltr'><strong>servari.</strong></span> <span class='ocrx_word' id='word_1_375' title='bbox 1001 3821 1111 3876; x_wconf 88' lang='lat' dir='ltr'><strong>Sed</strong></span> <span class='ocrx_word' id='word_1_376' title='bbox 1168 3837 1268 3877; x_wconf 92' lang='lat' dir='ltr'><strong>nec</strong></span> <span class='ocrx_word' id='word_1_377' title='bbox 1322 3834 1516 3878; x_wconf 88' lang='lat' dir='ltr'><strong>cuncta</strong></span> <span class='ocrx_word' id='word_1_378' title='bbox 1554 3823 1696 3878; x_wconf 90' lang='lat' dir='ltr'><strong>edita</strong></span> <span class='ocrx_word' id='word_1_379' title='bbox 1746 3825 1826 3877; x_wconf 83' lang='lat' dir='ltr'><strong>vi-</strong></span> 
     </span>
    </p>
   </div>
   <div class='ocr_carea' id='block_1_54' title="bbox 246 3908 1825 3983">
    <p class='ocr_par' dir='ltr' id='par_1_54' title="bbox 246 3908 1825 3983">
     <span class='ocr_line' id='line_1_54' title="bbox 246 3908 1825 3983; baseline 0.004 -21"><span class='ocrx_word' id='word_1_380' title='bbox 246 3912 461 3963; x_wconf 75' lang='lat' dir='ltr'><strong>dimus.</strong></span> <span class='ocrx_word' id='word_1_381' title='bbox 498 3908 897 3966; x_wconf 62' lang='lat' dir='ltr'><strong>Animadverte</strong></span> <span class='ocrx_word' id='word_1_382' title='bbox 927 3921 1108 3967; x_wconf 89' lang='lat' dir='ltr'><strong>tamen</strong></span> <span class='ocrx_word' id='word_1_383' title='bbox 1129 3911 1425 3968; x_wconf 88' lang='lat' dir='ltr'><strong>Homerum</strong></span> <span class='ocrx_word' id='word_1_384' title='bbox 1446 3916 1635 3970; x_wconf 86' lang='lat' dir='ltr'><strong>crebra</strong></span> <span class='ocrx_word' id='word_1_385' title='bbox 1663 3932 1825 3983; x_wconf 87' lang='lat' dir='ltr'><strong>quam</strong></span> 
     </span>
    </p>
   </div>
   <div class='ocr_carea' id='block_1_55' title="bbox 248 4001 1827 4076">
    <p class='ocr_par' dir='ltr' id='par_1_55' title="bbox 248 4001 1827 4076">
     <span class='ocr_line' id='line_1_55' title="bbox 248 4001 1827 4076; baseline 0.005 -24"><span class='ocrx_word' id='word_1_386' title='bbox 248 4002 426 4055; x_wconf 78' lang='lat' dir='ltr'><strong>infert</strong></span> <span class='ocrx_word' id='word_1_387' title='bbox 472 4004 753 4059; x_wconf 88' lang='lat' dir='ltr'><strong>mentione</strong></span> <span class='ocrx_word' id='word_1_388' title='bbox 804 4001 950 4058; x_wconf 90' lang='lat' dir='ltr'><strong>Pelei</strong></span> <span class='ocrx_word' id='word_1_389' title='bbox 1010 4004 1333 4075; x_wconf 83' lang='lat' dir='ltr'><strong>frugalitatis</strong></span> <span class='ocrx_word' id='word_1_390' title='bbox 1388 4004 1437 4059; x_wconf 86' lang='lat' dir='ltr'><strong>ei</strong></span> <span class='ocrx_word' id='word_1_391' title='bbox 1502 4006 1827 4076; x_wconf 79' lang='lat' dir='ltr'><strong>virtutisque</strong></span> 
     </span>
    </p>
   </div>
   <div class='ocr_carea' id='block_1_56' title="bbox 249 4095 1829 4167">
    <p class='ocr_par' dir='ltr' id='par_1_56' title="bbox 249 4095 1829 4167">
     <span class='ocr_line' id='line_1_56' title="bbox 249 4095 1829 4167; baseline 0.004 -20"><span class='ocrx_word' id='word_1_392' title='bbox 249 4096 472 4150; x_wconf 69' lang='lat' dir='ltr'><strong>tandem</strong></span> <span class='ocrx_word' id='word_1_393' title='bbox 499 4095 614 4151; x_wconf 88' lang='lat' dir='ltr'><strong>fere</strong></span> <span class='ocrx_word' id='word_1_394' title='bbox 641 4098 886 4152; x_wconf 88' lang='lat' dir='ltr'><strong>tribuere</strong></span> <span class='ocrx_word' id='word_1_395' title='bbox 917 4097 1088 4152; x_wconf 88' lang='lat' dir='ltr'><strong>videri</strong></span> <span class='ocrx_word' id='word_1_396' title='bbox 1113 4114 1127 4163; x_wconf 88' lang='lat'><strong>;</strong></span> <span class='ocrx_word' id='word_1_397' title='bbox 1153 4114 1384 4167; x_wconf 88' lang='lat' dir='ltr'><strong>quarum</strong></span> <span class='ocrx_word' id='word_1_398' title='bbox 1437 4099 1693 4153; x_wconf 88' lang='lat' dir='ltr'><strong>videlicet</strong></span> <span class='ocrx_word' id='word_1_399' title='bbox 1717 4117 1829 4155; x_wconf 85' lang='lat' dir='ltr'><strong>nie-</strong></span> 
     </span>
    </p>
   </div>
   <div class='ocr_carea' id='block_1_57' title="bbox 250 4187 1826 4261">
    <p class='ocr_par' dir='ltr' id='par_1_57' title="bbox 250 4187 1826 4261">
     <span class='ocr_line' id='line_1_57' title="bbox 250 4187 1826 4261; baseline 0.003 -20"><span class='ocrx_word' id='word_1_400' title='bbox 250 4188 362 4241; x_wconf 91' lang='lat' dir='ltr'><strong>rito</strong></span> <span class='ocrx_word' id='word_1_401' title='bbox 394 4187 462 4240; x_wconf 90' lang='lat' dir='ltr'><strong>ab</strong></span> <span class='ocrx_word' id='word_1_402' title='bbox 483 4188 681 4243; x_wconf 84' lang='lat' dir='ltr'><strong>Aetore</strong></span> <span class='ocrx_word' id='word_1_403' title='bbox 714 4187 927 4244; x_wconf 76' lang='lat' dir='ltr'><strong>Phthiae</strong></span> <span class='ocrx_word' id='word_1_404' title='bbox 960 4199 1242 4257; x_wconf 80' lang='lat' dir='ltr'><strong>regnante,</strong></span> <span class='ocrx_word' id='word_1_405' title='bbox 1270 4191 1337 4245; x_wconf 93' lang='lat' dir='ltr'><strong>ad</strong></span> <span class='ocrx_word' id='word_1_406' title='bbox 1371 4206 1532 4260; x_wconf 88' lang='lat' dir='ltr'><strong>quem</strong></span> <span class='ocrx_word' id='word_1_407' title='bbox 1552 4206 1617 4245; x_wconf 77' lang='lat' dir='ltr'><strong>ex</strong></span> <span class='ocrx_word' id='word_1_408' title='bbox 1635 4191 1826 4261; x_wconf 60' lang='lat' dir='ltr'><strong>Egilia</strong></span> 
     </span>
    </p>
   </div>
   <div class='ocr_carea' id='block_1_58' title="bbox 249 4275 1828 4353">
    <p class='ocr_par' dir='ltr' id='par_1_58' title="bbox 249 4275 1828 4353">
     <span class='ocr_line' id='line_1_58' title="bbox 249 4275 1828 4353; baseline 0.005 -23"><span class='ocrx_word' id='word_1_409' title='bbox 249 4275 599 4346; x_wconf 76' lang='lat' dir='ltr'><strong>confugerat,</strong></span> <span class='ocrx_word' id='word_1_410' title='bbox 655 4279 892 4348; x_wconf 87' lang='lat' dir='ltr'><strong>propriis</strong></span> <span class='ocrx_word' id='word_1_411' title='bbox 954 4280 1079 4335; x_wconf 84' lang='lat' dir='ltr'><strong>ﬁliis</strong></span> <span class='ocrx_word' id='word_1_412' title='bbox 1122 4284 1379 4350; x_wconf 68' lang='lat' dir='ltr'><strong>praelatus</strong></span> <span class='ocrx_word' id='word_1_413' title='bbox 1443 4298 1718 4353; x_wconf 88' lang='lat' dir='ltr'><strong>generque</strong></span> <span class='ocrx_word' id='word_1_414' title='bbox 1764 4298 1828 4338; x_wconf 91' lang='lat' dir='ltr'><strong>ac</strong></span> 
     </span>
    </p>
   </div>
   <div class='ocr_carea' id='block_1_59' title="bbox 249 4371 1829 4439">
    <p class='ocr_par' dir='ltr' id='par_1_59' title="bbox 249 4371 1829 4439">
     <span class='ocr_line' id='line_1_59' title="bbox 249 4371 1829 4439; baseline 0.005 -18"><span class='ocrx_word' id='word_1_415' title='bbox 249 4371 410 4439; x_wconf 69' lang='grc' dir='ltr'>τνειιί</span> <span class='ocrx_word' id='word_1_416' title='bbox 443 4384 731 4425; x_wconf 78' lang='lat' dir='ltr'><strong>successor</strong></span> <span class='ocrx_word' id='word_1_417' title='bbox 763 4372 973 4427; x_wconf 87' lang='lat' dir='ltr'><strong>electus</strong></span> <span class='ocrx_word' id='word_1_418' title='bbox 1000 4373 1187 4439; x_wconf 90' lang='lat' dir='ltr'><strong>fuerit,</strong></span> <span class='ocrx_word' id='word_1_419' title='bbox 1221 4388 1279 4429; x_wconf 92' lang='lat' dir='ltr'><strong>ut</strong></span> <span class='ocrx_word' id='word_1_420' title='bbox 1308 4375 1629 4431; x_wconf 83' lang='lat' dir='ltr'><strong>Eustathius</strong></span> <span class='ocrx_word' id='word_1_421' title='bbox 1657 4374 1829 4430; x_wconf 86' lang='lat' dir='ltr'><strong>refert</strong></span> 
     </span>
    </p>
   </div>
   <div class='ocr_carea' id='block_1_60' title="bbox 246 4460 1826 4543">
    <p class='ocr_par' dir='ltr' id='par_1_60' title="bbox 246 4460 1826 4543">
     <span class='ocr_line' id='line_1_60' title="bbox 246 4460 1826 4543; baseline 0.003 -28"><span class='ocrx_word' id='word_1_422' title='bbox 246 4463 318 4515; x_wconf 82' lang='lat' dir='ltr'><strong>ad</strong></span> <span class='ocrx_word' id='word_1_423' title='bbox 356 4460 519 4516; x_wconf 82' lang='lat' dir='ltr'><strong>Iliad.</strong></span> <span class='ocrx_word' id='word_1_424' title='bbox 542 4462 572 4532; x_wconf 89' lang='grc' dir='ltr'>β</span> <span class='ocrx_word' id='word_1_425' title='bbox 594 4480 649 4534; x_wconf 84' lang='lat' dir='ltr'><strong>p.</strong></span> <span class='ocrx_word' id='word_1_426' title='bbox 668 4463 765 4518; x_wconf 71' lang='lat'><strong>&#39;52!</strong></span> <span class='ocrx_word' id='word_1_427' title='bbox 793 4464 1086 4543; x_wconf 69' lang='lat' dir='ltr'><strong>ed.jllom._,</strong></span> <span class='ocrx_word' id='word_1_428' title='bbox 1112 4468 1179 4521; x_wconf 89' lang='lat' dir='ltr'><strong>ad</strong></span> <span class='ocrx_word' id='word_1_429' title='bbox 1204 4484 1365 4538; x_wconf 90' lang='lat' dir='ltr'><strong>quam</strong></span> <span class='ocrx_word' id='word_1_430' title='bbox 1388 4468 1527 4523; x_wconf 91' lang='lat' dir='ltr'><strong>forte</strong></span> <span class='ocrx_word' id='word_1_431' title='bbox 1547 4468 1826 4521; x_wconf 89' lang='lat' dir='ltr'><strong>historiam</strong></span> 
     </span>
    </p>
   </div>
   <div class='ocr_carea' id='block_1_61' title="bbox 1918 1982 3206 2057">
    <p class='ocr_par' dir='ltr' id='par_1_61' title="bbox 1918 1982 3206 2057">
     <span class='ocr_line' id='line_1_61' title="bbox 1918 1982 3206 2057; baseline -0.003 -20"><span class='ocrx_word' id='word_1_432' title='bbox 1918 1984 2076 2047; x_wconf 82' lang='lat' dir='ltr'><strong>liora,</strong></span> <span class='ocrx_word' id='word_1_433' title='bbox 2110 1987 2153 2041; x_wconf 89' lang='lat' dir='ltr'><strong>si</strong></span> <span class='ocrx_word' id='word_1_434' title='bbox 2188 1986 2373 2050; x_wconf 84' lang='lat' dir='ltr'><strong>habet,</strong></span> <span class='ocrx_word' id='word_1_435' title='bbox 2399 1994 2655 2057; x_wconf 79' lang='lat' dir='ltr'><strong>suggerat</strong></span> <span class='ocrx_word' id='word_1_436' title='bbox 2687 1991 2836 2054; x_wconf 89' lang='lat' dir='ltr'><strong>grate</strong></span> <span class='ocrx_word' id='word_1_437' title='bbox 2873 1982 3206 2050; x_wconf 89' lang='lat' dir='ltr'><strong>accepturis.</strong></span> 
     </span>
    </p>
   </div>
   <div class='ocr_carea' id='block_1_62' title="bbox 1988 2069 3486 2147">
    <p class='ocr_par' dir='ltr' id='par_1_62' title="bbox 1988 2069 3486 2147">
     <span class='ocr_line' id='line_1_62' title="bbox 1988 2069 3486 2147; baseline -0.005 -17"><span class='ocrx_word' id='word_1_438' title='bbox 1988 2078 2271 2134; x_wconf 74' lang='lat' dir='ltr'><strong>ILtateTm</strong></span> <span class='ocrx_word' id='word_1_439' title='bbox 2324 2077 2693 2147; x_wconf 74' lang='grc' dir='ltr'><strong>ἐκπωμάτων</strong></span> <span class='ocrx_word' id='word_1_440' title='bbox 2746 2091 2803 2146; x_wconf 91' lang='lat' dir='ltr'><strong>p.</strong></span> <span class='ocrx_word' id='word_1_441' title='bbox 2857 2076 2987 2129; x_wconf 67' lang='grc'><strong>455.</strong></span> <span class='ocrx_word' id='word_1_442' title='bbox 3024 2072 3340 2137; x_wconf 76' lang='lat' dir='ltr'><strong>Quaerebam</strong></span> <span class='ocrx_word' id='word_1_443' title='bbox 3397 2069 3486 2122; x_wconf 90' lang='lat' dir='ltr'><strong>hic</strong></span> 
     </span>
    </p>
   </div>
   <div class='ocr_carea' id='block_1_63' title="bbox 1918 2167 3487 2243">
    <p class='ocr_par' dir='ltr' id='par_1_63' title="bbox 1918 2167 3487 2243">
     <span class='ocr_line' id='line_1_63' title="bbox 1918 2167 3487 2243; baseline -0.007 -16"><span class='ocrx_word' id='word_1_444' title='bbox 1918 2173 2046 2243; x_wconf 91' lang='lat' dir='ltr'><strong>quid</strong></span> <span class='ocrx_word' id='word_1_445' title='bbox 2102 2180 2288 2226; x_wconf 87' lang='lat' dir='ltr'><strong>essent</strong></span> <span class='ocrx_word' id='word_1_446' title='bbox 2347 2170 2692 2239; x_wconf 76' lang='grc' dir='ltr'><strong>ἐκπωμάτων</strong></span> <span class='ocrx_word' id='word_1_447' title='bbox 2747 2167 3022 2228; x_wconf 78' lang='grc' dir='ltr'>πλατεῖαι,</span> <span class='ocrx_word' id='word_1_448' title='bbox 3082 2179 3217 2234; x_wconf 90' lang='lat' dir='ltr'><strong>quas</strong></span> <span class='ocrx_word' id='word_1_449' title='bbox 3258 2178 3321 2218; x_wconf 81' lang='lat' dir='ltr'><strong>ex</strong></span> <span class='ocrx_word' id='word_1_450' title='bbox 3379 2174 3487 2216; x_wconf 72' lang='lat' dir='ltr'><strong>aere</strong></span> 
     </span>
    </p>
   </div>
   <div class='ocr_carea' id='block_1_64' title="bbox 1920 2255 3487 2321">
    <p class='ocr_par' dir='ltr' id='par_1_64' title="bbox 1920 2255 3487 2321">
     <span class='ocr_line' id='line_1_64' title="bbox 1920 2255 3487 2321; baseline -0.007 -6"><span class='ocrx_word' id='word_1_451' title='bbox 1920 2261 2091 2315; x_wconf 86' lang='lat' dir='ltr'><strong>fuisse</strong></span> <span class='ocrx_word' id='word_1_452' title='bbox 2120 2274 2243 2313; x_wconf 81' lang='lat' dir='ltr'><strong>mox</strong></span> <span class='ocrx_word' id='word_1_453' title='bbox 2274 2259 2483 2313; x_wconf 87' lang='lat' dir='ltr'><strong>indicat</strong></span> <span class='ocrx_word' id='word_1_454' title='bbox 2512 2268 2704 2312; x_wconf 90' lang='lat' dir='ltr'><strong>noster</strong></span> <span class='ocrx_word' id='word_1_455' title='bbox 2733 2258 2799 2312; x_wconf 92' lang='lat' dir='ltr'><strong>de</strong></span> <span class='ocrx_word' id='word_1_456' title='bbox 2826 2256 3019 2310; x_wconf 89' lang='lat' dir='ltr'><strong>iisdem</strong></span> <span class='ocrx_word' id='word_1_457' title='bbox 3074 2255 3271 2308; x_wconf 91' lang='lat' dir='ltr'><strong>iterum</strong></span> <span class='ocrx_word' id='word_1_458' title='bbox 3320 2266 3487 2321; x_wconf 81' lang='lat' dir='ltr'><strong>agens</strong></span> 
     </span>
    </p>
   </div>
   <div class='ocr_carea' id='block_1_65' title="bbox 1920 2344 3486 2412">
    <p class='ocr_par' dir='ltr' id='par_1_65' title="bbox 1920 2344 3486 2412">
     <span class='ocr_line' id='line_1_65' title="bbox 1920 2344 3486 2412; baseline -0.006 -7"><span class='ocrx_word' id='word_1_459' title='bbox 1920 2352 2007 2406; x_wconf 87' lang='lat' dir='ltr'><strong>his</strong></span> <span class='ocrx_word' id='word_1_460' title='bbox 2059 2351 2292 2404; x_wconf 81' lang='lat' dir='ltr'><strong>verbis:</strong></span> <span class='ocrx_word' id='word_1_461' title='bbox 2327 2350 2549 2412; x_wconf 79' lang='grc' dir='ltr'>Χαλκᾶς</span> <span class='ocrx_word' id='word_1_462' title='bbox 2612 2348 2823 2409; x_wconf 76' lang='grc' dir='ltr'>ὲκείνας</span> <span class='ocrx_word' id='word_1_463' title='bbox 2881 2346 3146 2407; x_wconf 79' lang='grc' dir='ltr'>πλατείας</span> <span class='ocrx_word' id='word_1_464' title='bbox 3192 2344 3486 2411; x_wconf 76' lang='grc' dir='ltr'>ὑποδοχάς.</span> 
     </span>
    </p>
   </div>
   <div class='ocr_carea' id='block_1_66' title="bbox 1919 2433 3489 2509">
    <p class='ocr_par' dir='ltr' id='par_1_66' title="bbox 1919 2433 3489 2509">
     <span class='ocr_line' id='line_1_66' title="bbox 1919 2433 3489 2509; baseline -0.007 -12"><span class='ocrx_word' id='word_1_465' title='bbox 1919 2444 2076 2499; x_wconf 68' lang='lat' dir='ltr'><strong>Solus</strong></span> <span class='ocrx_word' id='word_1_466' title='bbox 2109 2444 2401 2496; x_wconf 79' lang='lat' dir='ltr'><strong>Vaticanus</strong></span> <span class='ocrx_word' id='word_1_467' title='bbox 2431 2440 2637 2509; x_wconf 79' lang='grc' dir='ltr'>χαλκᾶς</span> <span class='ocrx_word' id='word_1_468' title='bbox 2664 2440 2902 2500; x_wconf 81' lang='grc' dir='ltr'>πίνακας</span> <span class='ocrx_word' id='word_1_469' title='bbox 2931 2435 3192 2505; x_wconf 89' lang='lat' dir='ltr'><strong>appellat,</strong></span> <span class='ocrx_word' id='word_1_470' title='bbox 3226 2435 3322 2488; x_wconf 89' lang='lat' dir='ltr'><strong>sed</strong></span> <span class='ocrx_word' id='word_1_471' title='bbox 3360 2433 3489 2486; x_wconf 88' lang='lat' dir='ltr'><strong>huic</strong></span> 
     </span>
    </p>
   </div>
   <div class='ocr_carea' id='block_1_67' title="bbox 1922 2525 3487 2602">
    <p class='ocr_par' dir='ltr' id='par_1_67' title="bbox 1922 2525 3487 2602">
     <span class='ocr_line' id='line_1_67' title="bbox 1922 2525 3487 2602; baseline -0.008 -13"><span class='ocrx_word' id='word_1_472' title='bbox 1922 2536 2055 2589; x_wconf 85' lang='lat' dir='ltr'><strong>fides</strong></span> <span class='ocrx_word' id='word_1_473' title='bbox 2099 2535 2239 2602; x_wconf 86' lang='lat' dir='ltr'><strong>apud</strong></span> <span class='ocrx_word' id='word_1_474' title='bbox 2276 2550 2360 2587; x_wconf 92' lang='lat' dir='ltr'><strong>me</strong></span> <span class='ocrx_word' id='word_1_475' title='bbox 2395 2532 2613 2602; x_wconf 87' lang='lat' dir='ltr'><strong>quidem</strong></span> <span class='ocrx_word' id='word_1_476' title='bbox 2647 2529 2851 2586; x_wconf 87' lang='lat' dir='ltr'><strong>dudum</strong></span> <span class='ocrx_word' id='word_1_477' title='bbox 2890 2539 2973 2583; x_wconf 90' lang='lat' dir='ltr'><strong>est</strong></span> <span class='ocrx_word' id='word_1_478' title='bbox 3010 2543 3075 2582; x_wconf 84' lang='lat' dir='ltr'><strong>ex</strong></span> <span class='ocrx_word' id='word_1_479' title='bbox 3103 2540 3214 2596; x_wconf 89' lang='lat' dir='ltr'><strong>quo</strong></span> <span class='ocrx_word' id='word_1_480' title='bbox 3253 2525 3487 2579; x_wconf 66' lang='lat' dir='ltr'><strong>decoxit.</strong></span> 
     </span>
    </p>
   </div>
   <div class='ocr_carea' id='block_1_68' title="bbox 1920 2620 3490 2694">
    <p class='ocr_par' dir='ltr' id='par_1_68' title="bbox 1920 2620 3490 2694">
     <span class='ocr_line' id='line_1_68' title="bbox 1920 2620 3490 2694; baseline -0.006 -13"><span class='ocrx_word' id='word_1_481' title='bbox 1920 2628 2074 2681; x_wconf 70' lang='lat' dir='ltr'><strong>Certe</strong></span> <span class='ocrx_word' id='word_1_482' title='bbox 2108 2627 2263 2690; x_wconf 72' lang='grc' dir='ltr'>πίναξ</span> <span class='ocrx_word' id='word_1_483' title='bbox 2293 2626 2455 2679; x_wconf 90' lang='lat' dir='ltr'><strong>nimis</strong></span> <span class='ocrx_word' id='word_1_484' title='bbox 2503 2623 2758 2694; x_wconf 83' lang='lat' dir='ltr'><strong>generale</strong></span> <span class='ocrx_word' id='word_1_485' title='bbox 2790 2620 3113 2676; x_wconf 84' lang='lat' dir='ltr'><strong>vocabulum</strong></span> <span class='ocrx_word' id='word_1_486' title='bbox 3152 2628 3274 2684; x_wconf 88' lang='lat' dir='ltr'><strong>est;</strong></span> <span class='ocrx_word' id='word_1_487' title='bbox 3314 2632 3490 2686; x_wconf 83' lang='lat' dir='ltr'><strong>neque</strong></span> 
     </span>
    </p>
   </div>
   <div class='ocr_carea' id='block_1_69' title="bbox 1924 2713 3492 2783">
    <p class='ocr_par' dir='ltr' id='par_1_69' title="bbox 1924 2713 3492 2783">
     <span class='ocr_line' id='line_1_69' title="bbox 1924 2713 3492 2783; baseline -0.006 -11"><span class='ocrx_word' id='word_1_488' title='bbox 1924 2723 1973 2772; x_wconf 91' lang='lat' dir='ltr'><strong>iu</strong></span> <span class='ocrx_word' id='word_1_489' title='bbox 2005 2720 2201 2772; x_wconf 80' lang='lat' dir='ltr'><strong>tabulis</strong></span> <span class='ocrx_word' id='word_1_490' title='bbox 2236 2724 2329 2771; x_wconf 90' lang='lat' dir='ltr'><strong>aut</strong></span> <span class='ocrx_word' id='word_1_491' title='bbox 2382 2718 2599 2771; x_wconf 86' lang='lat' dir='ltr'><strong>laminis</strong></span> <span class='ocrx_word' id='word_1_492' title='bbox 2652 2716 2810 2769; x_wconf 65' lang='lat' dir='ltr'><strong>mrcis</strong></span> <span class='ocrx_word' id='word_1_493' title='bbox 2840 2714 3125 2769; x_wconf 74' lang='lat' dir='ltr'><strong>commode</strong></span> <span class='ocrx_word' id='word_1_494' title='bbox 3165 2713 3215 2767; x_wconf 91' lang='lat' dir='ltr'><strong>id</strong></span> <span class='ocrx_word' id='word_1_495' title='bbox 3257 2714 3492 2783; x_wconf 82' lang='lat' dir='ltr'><strong>frumen-</strong></span> 
     </span>
    </p>
   </div>
   <div class='ocr_carea' id='block_1_70' title="bbox 1922 2801 3492 2874">
    <p class='ocr_par' dir='ltr' id='par_1_70' title="bbox 1922 2801 3492 2874">
     <span class='ocr_line' id='line_1_70' title="bbox 1922 2801 3492 2874; baseline -0.007 -10"><span class='ocrx_word' id='word_1_496' title='bbox 1922 2822 2032 2864; x_wconf 51' lang='lat' dir='ltr'><strong>twm</strong></span> <span class='ocrx_word' id='word_1_497' title='bbox 2093 2822 2323 2872; x_wconf 75' lang='lat' dir='ltr'><strong>coctum,</strong></span> <span class='ocrx_word' id='word_1_498' title='bbox 2388 2808 2503 2862; x_wconf 86' lang='lat' dir='ltr'><strong>sive</strong></span> <span class='ocrx_word' id='word_1_499' title='bbox 2548 2810 2657 2874; x_wconf 88' lang='lat' dir='ltr'><strong>jam</strong></span> <span class='ocrx_word' id='word_1_500' title='bbox 2708 2806 2974 2868; x_wconf 90' lang='lat' dir='ltr'><strong>molitum,</strong></span> <span class='ocrx_word' id='word_1_501' title='bbox 3027 2803 3167 2858; x_wconf 85' lang='lat' dir='ltr'><strong>mola</strong></span> <span class='ocrx_word' id='word_1_502' title='bbox 3239 2801 3492 2855; x_wconf 81' lang='lat' dir='ltr'><strong>videlicet</strong></span> 
     </span>
    </p>
   </div>
   <div class='ocr_carea' id='block_1_71' title="bbox 1922 2894 3490 2970">
    <p class='ocr_par' dir='ltr' id='par_1_71' title="bbox 1922 2894 3490 2970">
     <span class='ocr_line' id='line_1_71' title="bbox 1922 2894 3490 2970; baseline -0.007 -13"><span class='ocrx_word' id='word_1_503' title='bbox 1922 2904 2082 2957; x_wconf 79' lang='lat' dir='ltr'><strong>farris</strong></span> <span class='ocrx_word' id='word_1_504' title='bbox 2126 2904 2275 2965; x_wconf 87' lang='lat' dir='ltr'><strong>tosti,</strong></span> <span class='ocrx_word' id='word_1_505' title='bbox 2326 2911 2384 2955; x_wconf 92' lang='lat' dir='ltr'><strong>ut</strong></span> <span class='ocrx_word' id='word_1_506' title='bbox 2432 2900 2638 2970; x_wconf 83' lang='lat' dir='ltr'><strong>antiqui</strong></span> <span class='ocrx_word' id='word_1_507' title='bbox 2696 2898 3080 2968; x_wconf 84' lang='lat' dir='ltr'><strong>loquebantur,</strong></span> <span class='ocrx_word' id='word_1_508' title='bbox 3135 2896 3249 2950; x_wconf 90' lang='lat' dir='ltr'><strong>sive</strong></span> <span class='ocrx_word' id='word_1_509' title='bbox 3307 2894 3490 2964; x_wconf 86' lang='lat' dir='ltr'><strong>granis</strong></span> 
     </span>
    </p>
   </div>
   <div class='ocr_carea' id='block_1_72' title="bbox 1923 2985 3487 3065">
    <p class='ocr_par' dir='ltr' id='par_1_72' title="bbox 1923 2985 3487 3065">
     <span class='ocr_line' id='line_1_72' title="bbox 1923 2985 3487 3065; baseline -0.005 -18"><span class='ocrx_word' id='word_1_510' title='bbox 1923 2997 2150 3065; x_wconf 78' lang='lat' dir='ltr'><strong>integris</strong></span> <span class='ocrx_word' id='word_1_511' title='bbox 2185 2994 2422 3046; x_wconf 85' lang='lat' dir='ltr'><strong>naturali</strong></span> <span class='ocrx_word' id='word_1_512' title='bbox 2463 2993 2661 3051; x_wconf 86' lang='lat' dir='ltr'><strong>forma,</strong></span> <span class='ocrx_word' id='word_1_513' title='bbox 2718 2989 3007 3044; x_wconf 86' lang='lat' dir='ltr'><strong>commode</strong></span> <span class='ocrx_word' id='word_1_514' title='bbox 3036 2988 3237 3057; x_wconf 78' lang='lat' dir='ltr'><strong>gestari</strong></span> <span class='ocrx_word' id='word_1_515' title='bbox 3291 2985 3487 3055; x_wconf 89' lang='lat' dir='ltr'><strong>potuit.</strong></span> 
     </span>
    </p>
   </div>
   <div class='ocr_carea' id='block_1_73' title="bbox 1925 3079 3487 3140">
    <p class='ocr_par' dir='ltr' id='par_1_73' title="bbox 1925 3079 3487 3140">
     <span class='ocr_line' id='line_1_73' title="bbox 1925 3079 3487 3140; baseline -0.007 0"><span class='ocrx_word' id='word_1_516' title='bbox 1925 3087 2001 3140; x_wconf 72' lang='lat' dir='ltr'><strong>Ne</strong></span> <span class='ocrx_word' id='word_1_517' title='bbox 2032 3085 2215 3139; x_wconf 88' lang='lat' dir='ltr'><strong>multis</strong></span> <span class='ocrx_word' id='word_1_518' title='bbox 2255 3101 2268 3137; x_wconf 90' lang='lat'>:</span> <span class='ocrx_word' id='word_1_519' title='bbox 2306 3084 2439 3138; x_wconf 89' lang='lat' dir='ltr'><strong>mihi</strong></span> <span class='ocrx_word' id='word_1_520' title='bbox 2481 3093 2687 3139; x_wconf 89' lang='lat' dir='ltr'><strong>attente</strong></span> <span class='ocrx_word' id='word_1_521' title='bbox 2720 3083 3093 3139; x_wconf 82' lang='lat' dir='ltr'><strong>consideranti</strong></span> <span class='ocrx_word' id='word_1_522' title='bbox 3127 3081 3272 3135; x_wconf 89' lang='lat' dir='ltr'><strong>hunc</strong></span> <span class='ocrx_word' id='word_1_523' title='bbox 3310 3079 3487 3131; x_wconf 90' lang='lat' dir='ltr'><strong>locum</strong></span> 
     </span>
    </p>
   </div>
   <div class='ocr_carea' id='block_1_74' title="bbox 1926 3171 3495 3246">
    <p class='ocr_par' dir='ltr' id='par_1_74' title="bbox 1926 3171 3495 3246">
     <span class='ocr_line' id='line_1_74' title="bbox 1926 3171 3495 3246; baseline -0.006 -15"><span class='ocrx_word' id='word_1_524' title='bbox 1926 3177 2173 3231; x_wconf 77' lang='lat' dir='ltr'><strong>veniebat</strong></span> <span class='ocrx_word' id='word_1_525' title='bbox 2206 3176 2259 3230; x_wconf 93' lang='lat' dir='ltr'><strong>in</strong></span> <span class='ocrx_word' id='word_1_526' title='bbox 2327 3186 2564 3230; x_wconf 85' lang='lat' dir='ltr'><strong>mentem</strong></span> <span class='ocrx_word' id='word_1_527' title='bbox 2600 3177 2941 3246; x_wconf 75' lang='grc' dir='ltr'>ἐκπωμάτων</span> <span class='ocrx_word' id='word_1_528' title='bbox 2968 3174 3231 3235; x_wconf 66' lang='grc' dir='ltr'>πλατείας</span> <span class='ocrx_word' id='word_1_529' title='bbox 3274 3182 3324 3225; x_wconf 91' lang='lat' dir='ltr'><strong>et</strong></span> <span class='ocrx_word' id='word_1_530' title='bbox 3361 3171 3495 3223; x_wconf 87' lang='grc' dir='ltr'>πλα-</span> 
     </span>
    </p>
   </div>
   <div class='ocr_carea' id='block_1_75' title="bbox 1924 3267 3494 3337">
    <p class='ocr_par' dir='ltr' id='par_1_75' title="bbox 1924 3267 3494 3337">
     <span class='ocr_line' id='line_1_75' title="bbox 1924 3267 3494 3337; baseline -0.002 -19"><span class='ocrx_word' id='word_1_531' title='bbox 1924 3268 2073 3327; x_wconf 80' lang='grc' dir='ltr'>τείας</span> <span class='ocrx_word' id='word_1_532' title='bbox 2104 3267 2372 3337; x_wconf 77' lang='grc' dir='ltr'><strong>ὐποδοχάς</strong></span> <span class='ocrx_word' id='word_1_533' title='bbox 2394 3268 2499 3321; x_wconf 83' lang='lat' dir='ltr'><strong>diei</strong></span> <span class='ocrx_word' id='word_1_534' title='bbox 2531 3268 2619 3322; x_wconf 86' lang='lat' dir='ltr'><strong>hic</strong></span> <span class='ocrx_word' id='word_1_535' title='bbox 2653 3284 2681 3321; x_wconf 90' lang='lat' dir='ltr'><strong>a</strong></span> <span class='ocrx_word' id='word_1_536' title='bbox 2724 3268 3059 3336; x_wconf 83' lang='lat' dir='ltr'><strong>Pachymere</strong></span> <span class='ocrx_word' id='word_1_537' title='bbox 3104 3280 3226 3320; x_wconf 80' lang='lat' dir='ltr'><strong>vasa</strong></span> <span class='ocrx_word' id='word_1_538' title='bbox 3278 3278 3494 3317; x_wconf 89' lang='lat' dir='ltr'><strong>mensa-</strong></span> 
     </span>
    </p>
   </div>
   <div class='ocr_carea' id='block_1_76' title="bbox 1930 3360 3488 3430">
    <p class='ocr_par' dir='ltr' id='par_1_76' title="bbox 1930 3360 3488 3430">
     <span class='ocr_line' id='line_1_76' title="bbox 1930 3360 3488 3430; baseline -0.004 -17"><span class='ocrx_word' id='word_1_539' title='bbox 1930 3360 2003 3415; x_wconf 88' lang='lat' dir='ltr'><strong>ria</strong></span> <span class='ocrx_word' id='word_1_540' title='bbox 2034 3376 2151 3429; x_wconf 76' lang='lat' dir='ltr'><strong>quae</strong></span> <span class='ocrx_word' id='word_1_541' title='bbox 2183 3370 2484 3430; x_wconf 78' lang='lat' dir='ltr'><strong>sottoroppe</strong></span> <span class='ocrx_word' id='word_1_542' title='bbox 2511 3361 2658 3415; x_wconf 86' lang='lat' dir='ltr'><strong>Italis</strong></span> <span class='ocrx_word' id='word_1_543' title='bbox 2693 3360 2853 3415; x_wconf 87' lang='lat' dir='ltr'><strong>hodie</strong></span> <span class='ocrx_word' id='word_1_544' title='bbox 2889 3360 3148 3414; x_wconf 88' lang='lat' dir='ltr'><strong>dicuntur</strong></span> <span class='ocrx_word' id='word_1_545' title='bbox 3177 3374 3192 3423; x_wconf 90' lang='lat'><strong>;</strong></span> <span class='ocrx_word' id='word_1_546' title='bbox 3256 3370 3488 3424; x_wconf 87' lang='lat' dir='ltr'><strong>quorum</strong></span> 
     </span>
    </p>
   </div>
   <div class='ocr_carea' id='block_1_77' title="bbox 1927 3452 3491 3525">
    <p class='ocr_par' dir='ltr' id='par_1_77' title="bbox 1927 3452 3491 3525">
     <span class='ocr_line' id='line_1_77' title="bbox 1927 3452 3491 3525; baseline -0.001 -21"><span class='ocrx_word' id='word_1_547' title='bbox 1927 3462 2009 3506; x_wconf 74' lang='lat' dir='ltr'><strong>est</strong></span> <span class='ocrx_word' id='word_1_548' title='bbox 2040 3468 2168 3506; x_wconf 81' lang='lat' dir='ltr'><strong>usus</strong></span> <span class='ocrx_word' id='word_1_549' title='bbox 2201 3455 2254 3506; x_wconf 90' lang='lat' dir='ltr'><strong>in</strong></span> <span class='ocrx_word' id='word_1_550' title='bbox 2274 3454 2494 3523; x_wconf 89' lang='lat' dir='ltr'><strong>scyphis</strong></span> <span class='ocrx_word' id='word_1_551' title='bbox 2515 3453 2880 3525; x_wconf 89' lang='lat' dir='ltr'><strong>porrigendis.</strong></span> <span class='ocrx_word' id='word_1_552' title='bbox 2917 3452 3135 3507; x_wconf 83' lang='lat' dir='ltr'><strong>Habent</strong></span> <span class='ocrx_word' id='word_1_553' title='bbox 3169 3466 3231 3505; x_wconf 88' lang='lat' dir='ltr'><strong>ea</strong></span> <span class='ocrx_word' id='word_1_554' title='bbox 3255 3463 3491 3519; x_wconf 88' lang='lat' dir='ltr'><strong>superne</strong></span> 
     </span>
    </p>
   </div>
   <div class='ocr_carea' id='block_1_78' title="bbox 1930 3542 3491 3617">
    <p class='ocr_par' dir='ltr' id='par_1_78' title="bbox 1930 3542 3491 3617">
     <span class='ocr_line' id='line_1_78' title="bbox 1930 3542 3491 3617; baseline -0.003 -21"><span class='ocrx_word' id='word_1_555' title='bbox 1930 3545 2273 3598; x_wconf 87' lang='lat' dir='ltr'><strong>latitudinem</strong></span> <span class='ocrx_word' id='word_1_556' title='bbox 2302 3560 2557 3615; x_wconf 80' lang='lat' dir='ltr'><strong>capacem</strong></span> <span class='ocrx_word' id='word_1_557' title='bbox 2592 3547 2923 3617; x_wconf 78' lang='lat' dir='ltr'><strong>scyphorum</strong></span> <span class='ocrx_word' id='word_1_558' title='bbox 2980 3544 3141 3598; x_wconf 89' lang='lat' dir='ltr'><strong>simul</strong></span> <span class='ocrx_word' id='word_1_559' title='bbox 3200 3542 3491 3596; x_wconf 86' lang='lat' dir='ltr'><strong>multorum</strong></span> 
     </span>
    </p>
   </div>
   <div class='ocr_carea' id='block_1_79' title="bbox 1932 3618 3494 3707">
    <p class='ocr_par' dir='ltr' id='par_1_79' title="bbox 1932 3618 3494 3707">
     <span class='ocr_line' id='line_1_79' title="bbox 1932 3618 3494 3707; baseline -0.002 -17"><span class='ocrx_word' id='word_1_560' title='bbox 1932 3638 2099 3706; x_wconf 85' lang='lat' dir='ltr'><strong>(unde</strong></span> <span class='ocrx_word' id='word_1_561' title='bbox 2136 3639 2389 3691; x_wconf 69' lang='grc' dir='ltr'>πλατεῖαι</span> <span class='ocrx_word' id='word_1_562' title='bbox 2420 3638 2772 3707; x_wconf 80' lang='grc' dir='ltr'>ἐκπωμάτων</span> <span class='ocrx_word' id='word_1_563' title='bbox 2804 3646 2951 3692; x_wconf 89' lang='lat' dir='ltr'><strong>recte</strong></span> <span class='ocrx_word' id='word_1_564' title='bbox 2978 3635 3298 3704; x_wconf 73' lang='lat' dir='ltr'><strong>vocentur),</strong></span> <span class='ocrx_word' id='word_1_565' title='bbox 3341 3618 3494 3687; x_wconf 79' lang='lat' dir='ltr'><strong>labro</strong></span> 
     </span>
    </p>
   </div>
   <div class='ocr_carea' id='block_1_80' title="bbox 1930 3725 3493 3804">
    <p class='ocr_par' dir='ltr' id='par_1_80' title="bbox 1930 3725 3493 3804">
     <span class='ocr_line' id='line_1_80' title="bbox 1930 3725 3493 3804; baseline -0.004 -20"><span class='ocrx_word' id='word_1_566' title='bbox 1930 3746 2029 3804; x_wconf 86' lang='lat' dir='ltr'><strong>per</strong></span> <span class='ocrx_word' id='word_1_567' title='bbox 2063 3731 2350 3783; x_wconf 89' lang='lat' dir='ltr'><strong>circuitum</strong></span> <span class='ocrx_word' id='word_1_568' title='bbox 2377 3732 2445 3785; x_wconf 89' lang='lat' dir='ltr'><strong>ad</strong></span> <span class='ocrx_word' id='word_1_569' title='bbox 2494 3731 2729 3799; x_wconf 87' lang='lat' dir='ltr'><strong>aliquam</strong></span> <span class='ocrx_word' id='word_1_570' title='bbox 2778 3728 3123 3784; x_wconf 84' lang='lat' dir='ltr'><strong>latitudinem</strong></span> <span class='ocrx_word' id='word_1_571' title='bbox 3179 3725 3493 3795; x_wconf 88' lang='lat' dir='ltr'><strong>resupinato</strong></span> 
     </span>
    </p>
   </div>
   <div class='ocr_carea' id='block_1_81' title="bbox 1928 3820 3493 3895">
    <p class='ocr_par' dir='ltr' id='par_1_81' title="bbox 1928 3820 3493 3895">
     <span class='ocr_line' id='line_1_81' title="bbox 1928 3820 3493 3895; baseline -0.003 -19"><span class='ocrx_word' id='word_1_572' title='bbox 1928 3840 2267 3892; x_wconf 82' lang='lat' dir='ltr'><strong>coronatam,</strong></span> <span class='ocrx_word' id='word_1_573' title='bbox 2305 3827 2626 3881; x_wconf 88' lang='lat' dir='ltr'><strong>innitentem</strong></span> <span class='ocrx_word' id='word_1_574' title='bbox 2649 3826 2774 3895; x_wconf 88' lang='lat' dir='ltr'><strong>pedi</strong></span> <span class='ocrx_word' id='word_1_575' title='bbox 2806 3823 3088 3894; x_wconf 90' lang='lat' dir='ltr'><strong>supposito</strong></span> <span class='ocrx_word' id='word_1_576' title='bbox 3126 3820 3493 3891; x_wconf 80' lang='lat' dir='ltr'><strong>rotundo.qui</strong></span> 
     </span>
    </p>
   </div>
   <div class='ocr_carea' id='block_1_82' title="bbox 1929 3911 3494 3987">
    <p class='ocr_par' dir='ltr' id='par_1_82' title="bbox 1929 3911 3494 3987">
     <span class='ocr_line' id='line_1_82' title="bbox 1929 3911 3494 3987; baseline -0.006 -12"><span class='ocrx_word' id='word_1_577' title='bbox 1929 3917 2278 3975; x_wconf 75' lang='lat' dir='ltr'><strong>etmaunbrii</strong></span> <span class='ocrx_word' id='word_1_578' title='bbox 2336 3932 2493 3970; x_wconf 89' lang='lat' dir='ltr'><strong>usum</strong></span> <span class='ocrx_word' id='word_1_579' title='bbox 2542 3923 2765 3987; x_wconf 62' lang='lat' dir='ltr'><strong>praestat</strong></span> <span class='ocrx_word' id='word_1_580' title='bbox 2813 3912 3144 3968; x_wconf 82' lang='lat' dir='ltr'><strong>ministranti</strong></span> <span class='ocrx_word' id='word_1_581' title='bbox 3197 3911 3494 3981; x_wconf 73' lang='lat' dir='ltr'><strong>pincernze.</strong></span> 
     </span>
    </p>
   </div>
   <div class='ocr_carea' id='block_1_83' title="bbox 1931 3999 3493 4081">
    <p class='ocr_par' dir='ltr' id='par_1_83' title="bbox 1931 3999 3493 4081">
     <span class='ocr_line' id='line_1_83' title="bbox 1931 3999 3493 4081; baseline -0.008 -17"><span class='ocrx_word' id='word_1_582' title='bbox 1931 4011 2062 4081; x_wconf 82' lang='lat' dir='ltr'><strong>Ejus</strong></span> <span class='ocrx_word' id='word_1_583' title='bbox 2099 4010 2289 4063; x_wconf 60' lang='lat' dir='ltr'><strong>forma:</strong></span> <span class='ocrx_word' id='word_1_584' title='bbox 2320 4009 2530 4070; x_wconf 82' lang='lat' dir='ltr'><strong>lances,</strong></span> <span class='ocrx_word' id='word_1_585' title='bbox 2562 4016 2656 4061; x_wconf 86' lang='lat' dir='ltr'><strong>aut</strong></span> <span class='ocrx_word' id='word_1_586' title='bbox 2688 4006 2730 4061; x_wconf 90' lang='lat' dir='ltr'><strong>si</strong></span> <span class='ocrx_word' id='word_1_587' title='bbox 2762 4006 2945 4060; x_wconf 84' lang='lat' dir='ltr'><strong>dicere</strong></span> <span class='ocrx_word' id='word_1_588' title='bbox 2972 4004 3155 4063; x_wconf 84' lang='lat' dir='ltr'><strong>liceat,</strong></span> <span class='ocrx_word' id='word_1_589' title='bbox 3183 3999 3493 4067; x_wconf 85' lang='lat' dir='ltr'><strong>capedines,</strong></span> 
     </span>
    </p>
   </div>
   <div class='ocr_carea' id='block_1_84' title="bbox 1929 4094 3492 4172">
    <p class='ocr_par' dir='ltr' id='par_1_84' title="bbox 1929 4094 3492 4172">
     <span class='ocr_line' id='line_1_84' title="bbox 1929 4094 3492 4172; baseline -0.009 -16"><span class='ocrx_word' id='word_1_590' title='bbox 1929 4113 2201 4172; x_wconf 63' lang='lat' dir='ltr'><strong>argentea:</strong></span> <span class='ocrx_word' id='word_1_591' title='bbox 2241 4100 2302 4172; x_wconf 81' lang='grc' dir='ltr'><strong>[Ρ</strong></span> <span class='ocrx_word' id='word_1_592' title='bbox 2338 4099 2465 4171; x_wconf 69' lang='grc'><strong>409]</strong></span> <span class='ocrx_word' id='word_1_593' title='bbox 2504 4100 2614 4154; x_wconf 78' lang='lat' dir='ltr'><strong>fere</strong></span> <span class='ocrx_word' id='word_1_594' title='bbox 2639 4099 2800 4154; x_wconf 89' lang='lat' dir='ltr'><strong>hodie</strong></span> <span class='ocrx_word' id='word_1_595' title='bbox 2836 4098 3084 4152; x_wconf 84' lang='lat' dir='ltr'><strong>visuntur</strong></span> <span class='ocrx_word' id='word_1_596' title='bbox 3117 4094 3169 4147; x_wconf 92' lang='lat' dir='ltr'><strong>in</strong></span> <span class='ocrx_word' id='word_1_597' title='bbox 3208 4107 3492 4161; x_wconf 87' lang='lat' dir='ltr'><strong>procerum</strong></span> 
     </span>
    </p>
   </div>
   <div class='ocr_carea' id='block_1_85' title="bbox 1930 4181 3503 4250">
    <p class='ocr_par' dir='ltr' id='par_1_85' title="bbox 1930 4181 3503 4250">
     <span class='ocr_line' id='line_1_85' title="bbox 1930 4181 3503 4250; baseline -0.01 0"><span class='ocrx_word' id='word_1_598' title='bbox 1930 4197 2197 4250; x_wconf 77' lang='lat' dir='ltr'><strong>conviviis</strong></span> <span class='ocrx_word' id='word_1_599' title='bbox 2253 4211 2267 4246; x_wconf 90' lang='lat'><strong>:</strong></span> <span class='ocrx_word' id='word_1_600' title='bbox 2326 4194 2604 4246; x_wconf 80' lang='lat' dir='ltr'><strong>tenuiores</strong></span> <span class='ocrx_word' id='word_1_601' title='bbox 2663 4189 2923 4244; x_wconf 83' lang='lat' dir='ltr'><strong>ﬁctilibus</strong></span> <span class='ocrx_word' id='word_1_602' title='bbox 3008 4194 3256 4239; x_wconf 88' lang='lat' dir='ltr'><strong>utuntur.</strong></span> <span class='ocrx_word' id='word_1_603' title='bbox 3316 4181 3503 4235; x_wconf 58' lang='lat' dir='ltr'><strong>(litate</strong></span> 
     </span>
    </p>
   </div>
   <div class='ocr_carea' id='block_1_86' title="bbox 1931 4276 3505 4357">
    <p class='ocr_par' dir='ltr' id='par_1_86' title="bbox 1931 4276 3505 4357">
     <span class='ocr_line' id='line_1_86' title="bbox 1931 4276 3505 4357; baseline -0.01 -15"><span class='ocrx_word' id='word_1_604' title='bbox 1931 4287 2281 4357; x_wconf 81' lang='lat' dir='ltr'><strong>Pachyineris</strong></span> <span class='ocrx_word' id='word_1_605' title='bbox 2309 4286 2546 4338; x_wconf 85' lang='lat' dir='ltr'><strong>nondum</strong></span> <span class='ocrx_word' id='word_1_606' title='bbox 2577 4282 2839 4337; x_wconf 83' lang='lat' dir='ltr'><strong>Peruanis</strong></span> <span class='ocrx_word' id='word_1_607' title='bbox 2887 4280 3055 4335; x_wconf 88' lang='lat' dir='ltr'><strong>ditata</strong></span> <span class='ocrx_word' id='word_1_608' title='bbox 3083 4276 3316 4332; x_wconf 87' lang='lat' dir='ltr'><strong>metallis</strong></span> <span class='ocrx_word' id='word_1_609' title='bbox 3342 4288 3505 4327; x_wconf 71' lang='lat' dir='ltr'><strong>aerea:-</strong></span> 
     </span>
    </p>
   </div>
   <div class='ocr_carea' id='block_1_87' title="bbox 1932 4369 3493 4438">
    <p class='ocr_par' dir='ltr' id='par_1_87' title="bbox 1932 4369 3493 4438">
     <span class='ocr_line' id='line_1_87' title="bbox 1932 4369 3493 4438; baseline -0.008 -4"><span class='ocrx_word' id='word_1_610' title='bbox 1932 4381 2319 4434; x_wconf 86' lang='lat' dir='ltr'><strong>increbuerant</strong></span> <span class='ocrx_word' id='word_1_611' title='bbox 2349 4379 2479 4432; x_wconf 82' lang='lat' dir='ltr'><strong>:sed</strong></span> <span class='ocrx_word' id='word_1_612' title='bbox 2509 4377 2753 4430; x_wconf 70' lang='lat' dir='ltr'><strong>materia:</strong></span> <span class='ocrx_word' id='word_1_613' title='bbox 2786 4375 2969 4427; x_wconf 83' lang='lat' dir='ltr'><strong>vilitas</strong></span> <span class='ocrx_word' id='word_1_614' title='bbox 2987 4380 3246 4427; x_wconf 80' lang='lat' dir='ltr'><strong>eucausto</strong></span> <span class='ocrx_word' id='word_1_615' title='bbox 3269 4369 3493 4438; x_wconf 69' lang='lat' dir='ltr'><strong>picturae</strong></span> 
     </span>
    </p>
   </div>
   <div class='ocr_carea' id='block_1_88' title="bbox 1931 4462 3498 4532">
    <p class='ocr_par' dir='ltr' id='par_1_88' title="bbox 1931 4462 3498 4532">
     <span class='ocr_line' id='line_1_88' title="bbox 1931 4462 3498 4532; baseline -0.008 -7"><span class='ocrx_word' id='word_1_616' title='bbox 1931 4474 2096 4526; x_wconf 73' lang='lat' dir='ltr'><strong>varia:</strong></span> <span class='ocrx_word' id='word_1_617' title='bbox 2133 4471 2341 4524; x_wconf 88' lang='lat' dir='ltr'><strong>fructus</strong></span> <span class='ocrx_word' id='word_1_618' title='bbox 2378 4468 2725 4523; x_wconf 87' lang='lat' dir='ltr'><strong>autumnales</strong></span> <span class='ocrx_word' id='word_1_619' title='bbox 2760 4465 3135 4521; x_wconf 89' lang='lat' dir='ltr'><strong>assimulantis</strong></span> <span class='ocrx_word' id='word_1_620' title='bbox 3193 4462 3498 4532; x_wconf 72' lang='lat' dir='ltr'><strong>tegebatur,</strong></span> 
     </span>
    </p>
   </div>
   <div class='ocr_carea' id='block_1_89' title="bbox 247 4555 3498 4630">
    <p class='ocr_par' dir='ltr' id='par_1_89' title="bbox 247 4555 3498 4630">
     <span class='ocr_line' id='line_1_89' title="bbox 247 4555 3498 4630; baseline -0.001 -22"><span class='ocrx_word' id='word_1_621' title='bbox 247 4555 547 4609; x_wconf 66' lang='lat' dir='ltr'><strong>ailuscrint</strong></span> <span class='ocrx_word' id='word_1_622' title='bbox 594 4555 787 4610; x_wconf 73' lang='lat' dir='ltr'><strong>fabula:</strong></span> <span class='ocrx_word' id='word_1_623' title='bbox 836 4572 955 4627; x_wconf 68' lang='lat' dir='ltr'><strong>quae</strong></span> <span class='ocrx_word' id='word_1_624' title='bbox 989 4559 1271 4626; x_wconf 72' lang='lat' dir='ltr'><strong>praelatum</strong></span> <span class='ocrx_word' id='word_1_625' title='bbox 1322 4561 1429 4615; x_wconf 88' lang='lat' dir='ltr'><strong>diis</strong></span> <span class='ocrx_word' id='word_1_626' title='bbox 1458 4560 1589 4630; x_wconf 89' lang='lat' dir='ltr'><strong>ipsis</strong></span> <span class='ocrx_word' id='word_1_627' title='bbox 1614 4560 1824 4629; x_wconf 79' lang='lat' dir='ltr'><strong>judicio</strong></span> <span class='ocrx_word' id='word_1_628' title='bbox 1860 4562 1902 4615; x_wconf 87' lang='lat' dir='ltr'><strong>D</strong></span> <span class='ocrx_word' id='word_1_629' title='bbox 1933 4574 1992 4619; x_wconf 89' lang='lat' dir='ltr'><strong>ut</strong></span> <span class='ocrx_word' id='word_1_630' title='bbox 2022 4564 2182 4618; x_wconf 89' lang='lat' dir='ltr'><strong>docet</strong></span> <span class='ocrx_word' id='word_1_631' title='bbox 2234 4564 2334 4617; x_wconf 89' lang='lat' dir='ltr'><strong>hoc</strong></span> <span class='ocrx_word' id='word_1_632' title='bbox 2364 4562 2484 4615; x_wconf 89' lang='lat' dir='ltr'><strong>loco</strong></span> <span class='ocrx_word' id='word_1_633' title='bbox 2512 4570 2716 4614; x_wconf 86' lang='lat' dir='ltr'><strong>noster.</strong></span> <span class='ocrx_word' id='word_1_634' title='bbox 2751 4560 2943 4630; x_wconf 84' lang='lat' dir='ltr'><strong>Negari</strong></span> <span class='ocrx_word' id='word_1_635' title='bbox 2994 4573 3100 4610; x_wconf 91' lang='lat' dir='ltr'><strong>non</strong></span> <span class='ocrx_word' id='word_1_636' title='bbox 3159 4564 3340 4625; x_wconf 87' lang='lat' dir='ltr'><strong>potest</strong></span> <span class='ocrx_word' id='word_1_637' title='bbox 3365 4555 3498 4624; x_wconf 85' lang='lat' dir='ltr'><strong>quin</strong></span> 
     </span>
    </p>
   </div>
   <div class='ocr_carea' id='block_1_90' title="bbox 248 4645 1828 4720">
    <p class='ocr_par' dir='ltr' id='par_1_90' title="bbox 248 4645 1828 4720">
     <span class='ocr_line' id='line_1_90' title="bbox 248 4645 1828 4720; baseline 0.009 -27"><span class='ocrx_word' id='word_1_638' title='bbox 248 4645 531 4714; x_wconf 76' lang='lat' dir='ltr'><strong>principis</strong></span> <span class='ocrx_word' id='word_1_639' title='bbox 552 4648 779 4701; x_wconf 86' lang='lat' dir='ltr'><strong>deorum</strong></span> <span class='ocrx_word' id='word_1_640' title='bbox 816 4647 870 4701; x_wconf 89' lang='lat' dir='ltr'><strong>in</strong></span> <span class='ocrx_word' id='word_1_641' title='bbox 901 4649 1160 4705; x_wconf 88' lang='lat' dir='ltr'><strong>felicitate</strong></span> <span class='ocrx_word' id='word_1_642' title='bbox 1188 4653 1529 4720; x_wconf 90' lang='lat' dir='ltr'><strong>nuptiarum,</strong></span> <span class='ocrx_word' id='word_1_643' title='bbox 1561 4668 1828 4708; x_wconf 83' lang='lat' dir='ltr'><strong>concessa</strong></span> 
     </span>
    </p>
   </div>
   <div class='ocr_carea' id='block_1_91' title="bbox 250 4738 1829 4815">
    <p class='ocr_par' dir='ltr' id='par_1_91' title="bbox 250 4738 1829 4815">
     <span class='ocr_line' id='line_1_91' title="bbox 250 4738 1829 4815; baseline 0.006 -25"><span class='ocrx_word' id='word_1_644' title='bbox 250 4739 360 4805; x_wconf 84' lang='lat' dir='ltr'><strong>ipsi</strong></span> <span class='ocrx_word' id='word_1_645' title='bbox 401 4738 455 4791; x_wconf 86' lang='lat' dir='ltr'><strong>in</strong></span> <span class='ocrx_word' id='word_1_646' title='bbox 484 4754 740 4807; x_wconf 79' lang='lat' dir='ltr'><strong>sponsam</strong></span> <span class='ocrx_word' id='word_1_647' title='bbox 773 4740 1005 4797; x_wconf 86' lang='lat' dir='ltr'><strong>Thetide</strong></span> <span class='ocrx_word' id='word_1_648' title='bbox 1028 4759 1190 4809; x_wconf 86' lang='lat' dir='ltr'><strong>quam</strong></span> <span class='ocrx_word' id='word_1_649' title='bbox 1230 4743 1442 4815; x_wconf 86' lang='lat' dir='ltr'><strong>Jupiter</strong></span> <span class='ocrx_word' id='word_1_650' title='bbox 1479 4747 1593 4815; x_wconf 90' lang='lat' dir='ltr'><strong>ipse</strong></span> <span class='ocrx_word' id='word_1_651' title='bbox 1643 4761 1742 4815; x_wconf 91' lang='lat' dir='ltr'><strong>pro</strong></span> <span class='ocrx_word' id='word_1_652' title='bbox 1772 4761 1829 4800; x_wconf 90' lang='lat' dir='ltr'><strong>se</strong></span> 
     </span>
    </p>
   </div>
   <div class='ocr_carea' id='block_1_92' title="bbox 249 4832 1830 4911">
    <p class='ocr_par' dir='ltr' id='par_1_92' title="bbox 249 4832 1830 4911">
     <span class='ocr_line' id='line_1_92' title="bbox 249 4832 1830 4911; baseline 0.003 -26"><span class='ocrx_word' id='word_1_653' title='bbox 249 4832 468 4885; x_wconf 86' lang='lat' dir='ltr'><strong>ambire</strong></span> <span class='ocrx_word' id='word_1_654' title='bbox 490 4832 783 4901; x_wconf 87' lang='lat' dir='ltr'><strong>potuisset,</strong></span> <span class='ocrx_word' id='word_1_655' title='bbox 817 4835 1095 4890; x_wconf 81' lang='lat' dir='ltr'><strong>celebrant</strong></span> <span class='ocrx_word' id='word_1_656' title='bbox 1128 4835 1389 4892; x_wconf 84' lang='lat' dir='ltr'><strong>Peleum:</strong></span> <span class='ocrx_word' id='word_1_657' title='bbox 1423 4840 1579 4908; x_wconf 87' lang='lat' dir='ltr'><strong>cujus</strong></span> <span class='ocrx_word' id='word_1_658' title='bbox 1612 4840 1830 4911; x_wconf 84' lang='lat' dir='ltr'><strong>generis</strong></span> 
     </span>
    </p>
   </div>
   <div class='ocr_carea' id='block_1_93' title="bbox 247 4922 773 4979">
    <p class='ocr_par' dir='ltr' id='par_1_93' title="bbox 247 4922 773 4979">
     <span class='ocr_line' id='line_1_93' title="bbox 247 4922 773 4979; baseline 0.004 -2"><span class='ocrx_word' id='word_1_659' title='bbox 247 4924 349 4977; x_wconf 79' lang='lat' dir='ltr'><strong>illa</strong></span> <span class='ocrx_word' id='word_1_660' title='bbox 372 4933 503 4977; x_wconf 87' lang='lat' dir='ltr'><strong>sunt</strong></span> <span class='ocrx_word' id='word_1_661' title='bbox 522 4922 719 4978; x_wconf 89' lang='lat' dir='ltr'><strong>Catulli</strong></span> <span class='ocrx_word' id='word_1_662' title='bbox 758 4943 773 4979; x_wconf 89' lang='lat'><strong>:</strong></span> 
     </span>
    </p>
   </div>
   <div class='ocr_carea' id='block_1_94' title="bbox 400 5039 1603 5112">
    <p class='ocr_par' dir='ltr' id='par_1_94' title="bbox 400 5039 1603 5112">
     <span class='ocr_line' id='line_1_94' title="bbox 400 5039 1603 5112; baseline 0.008 -22"><span class='ocrx_word' id='word_1_663' title='bbox 400 5039 569 5112; x_wconf 58' lang='lat' dir='ltr'><strong>Teque</strong></span> <span class='ocrx_word' id='word_1_664' title='bbox 597 5043 747 5112; x_wconf 80' lang='lat' dir='ltr'><strong>adeo.</strong></span> <span class='ocrx_word' id='word_1_665' title='bbox 775 5042 964 5095; x_wconf 80' lang='lat' dir='ltr'><strong>eximie</strong></span> <span class='ocrx_word' id='word_1_666' title='bbox 990 5044 1140 5097; x_wconf 72' lang='lat' dir='ltr'><strong>(mdis</strong></span> <span class='ocrx_word' id='word_1_667' title='bbox 1164 5044 1406 5112; x_wconf 74' lang='lat' dir='ltr'><strong>felicibus</strong></span> <span class='ocrx_word' id='word_1_668' title='bbox 1433 5057 1603 5106; x_wconf 79' lang='lat' dir='ltr'><strong>aucte.</strong></span> 
     </span>
    </p>
   </div>
   <div class='ocr_carea' id='block_1_95' title="bbox 402 5110 1690 5186">
    <p class='ocr_par' dir='ltr' id='par_1_95' title="bbox 402 5110 1690 5186">
     <span class='ocr_line' id='line_1_95' title="bbox 402 5110 1690 5186; baseline 0.006 -24"><span class='ocrx_word' id='word_1_669' title='bbox 402 5110 683 5186; x_wconf 55' lang='lat' dir='ltr'><strong>Thessalia</strong></span> <span class='ocrx_word' id='word_1_670' title='bbox 716 5112 972 5186; x_wconf 65' lang='lat' dir='ltr'><strong>columen,</strong></span> <span class='ocrx_word' id='word_1_671' title='bbox 1004 5110 1185 5176; x_wconf 66' lang='lat' dir='ltr'><strong>Peleu,</strong></span> <span class='ocrx_word' id='word_1_672' title='bbox 1210 5118 1293 5169; x_wconf 81' lang='lat' dir='ltr'><strong>cui</strong></span> <span class='ocrx_word' id='word_1_673' title='bbox 1323 5116 1533 5185; x_wconf 79' lang='lat' dir='ltr'><strong>Jupiter</strong></span> <span class='ocrx_word' id='word_1_674' title='bbox 1560 5119 1690 5186; x_wconf 67' lang='lat' dir='ltr'><strong>ipse,</strong></span> 
     </span>
    </p>
   </div>
   <div class='ocr_carea' id='block_1_96' title="bbox 400 5178 1633 5255">
    <p class='ocr_par' dir='ltr' id='par_1_96' title="bbox 400 5178 1633 5255">
     <span class='ocr_line' id='line_1_96' title="bbox 400 5178 1633 5255; baseline 0.009 -24"><span class='ocrx_word' id='word_1_675' title='bbox 400 5178 522 5248; x_wconf 76' lang='lat' dir='ltr'><strong>Ipse</strong></span> <span class='ocrx_word' id='word_1_676' title='bbox 548 5198 668 5234; x_wconf 77' lang='lat' dir='ltr'><strong>suos</strong></span> <span class='ocrx_word' id='word_1_677' title='bbox 692 5182 873 5236; x_wconf 83' lang='lat' dir='ltr'><strong>divum</strong></span> <span class='ocrx_word' id='word_1_678' title='bbox 900 5185 1106 5251; x_wconf 80' lang='lat' dir='ltr'><strong>genitor</strong></span> <span class='ocrx_word' id='word_1_679' title='bbox 1132 5188 1383 5240; x_wconf 71' lang='lat' dir='ltr'><strong>concessit</strong></span> <span class='ocrx_word' id='word_1_680' title='bbox 1396 5178 1633 5255; x_wconf 72' lang='lat' dir='ltr'><strong>umores,</strong></span> 
     </span>
    </p>
   </div>
   <div class='ocr_carea' id='block_1_97' title="bbox 251 5291 1831 5368">
    <p class='ocr_par' dir='ltr' id='par_1_97' title="bbox 251 5291 1831 5368">
     <span class='ocr_line' id='line_1_97' title="bbox 251 5291 1831 5368; baseline 0.007 -23"><span class='ocrx_word' id='word_1_681' title='bbox 251 5294 373 5345; x_wconf 70' lang='lat' dir='ltr'><strong>Nec</strong></span> <span class='ocrx_word' id='word_1_682' title='bbox 420 5291 621 5347; x_wconf 86' lang='lat' dir='ltr'><strong>fortea</strong></span> <span class='ocrx_word' id='word_1_683' title='bbox 665 5294 827 5364; x_wconf 84' lang='lat' dir='ltr'><strong>genio</strong></span> <span class='ocrx_word' id='word_1_684' title='bbox 884 5295 1237 5368; x_wconf 82' lang='lat' dir='ltr'><strong>Pachymeris</strong></span> <span class='ocrx_word' id='word_1_685' title='bbox 1273 5299 1503 5353; x_wconf 91' lang='lat' dir='ltr'><strong>multum</strong></span> <span class='ocrx_word' id='word_1_686' title='bbox 1547 5301 1831 5356; x_wconf 86' lang='lat' dir='ltr'><strong>aberraret</strong></span> 
     </span>
    </p>
   </div>
   <div class='ocr_carea' id='block_1_98' title="bbox 250 5383 1829 5452">
    <p class='ocr_par' dir='ltr' id='par_1_98' title="bbox 250 5383 1829 5452">
     <span class='ocr_line' id='line_1_98' title="bbox 250 5383 1829 5452; baseline 0.006 -18"><span class='ocrx_word' id='word_1_687' title='bbox 250 5385 351 5452; x_wconf 82' lang='lat' dir='ltr'><strong>qui</strong></span> <span class='ocrx_word' id='word_1_688' title='bbox 382 5383 765 5452; x_wconf 87' lang='lat' dir='ltr'><strong>suspicaretur</strong></span> <span class='ocrx_word' id='word_1_689' title='bbox 798 5386 871 5440; x_wconf 76' lang='lat' dir='ltr'><strong>ita</strong></span> <span class='ocrx_word' id='word_1_690' title='bbox 903 5389 1216 5443; x_wconf 88' lang='lat' dir='ltr'><strong>meminisse</strong></span> <span class='ocrx_word' id='word_1_691' title='bbox 1258 5391 1412 5445; x_wconf 92' lang='lat' dir='ltr'><strong>illum</strong></span> <span class='ocrx_word' id='word_1_692' title='bbox 1448 5390 1589 5447; x_wconf 87' lang='lat' dir='ltr'><strong>Pelei</strong></span> <span class='ocrx_word' id='word_1_693' title='bbox 1644 5392 1829 5446; x_wconf 84' lang='lat' dir='ltr'><strong>herois</strong></span> 
     </span>
    </p>
   </div>
   <div class='ocr_carea' id='block_1_99' title="bbox 250 5473 1825 5554">
    <p class='ocr_par' dir='ltr' id='par_1_99' title="bbox 250 5473 1825 5554">
     <span class='ocr_line' id='line_1_99' title="bbox 250 5473 1825 5554; baseline 0.008 -28"><span class='ocrx_word' id='word_1_694' title='bbox 250 5473 547 5543; x_wconf 84' lang='lat' dir='ltr'><strong>inculpati,</strong></span> <span class='ocrx_word' id='word_1_695' title='bbox 567 5476 963 5533; x_wconf 89' lang='lat' dir='ltr'><strong>utalluseritad</strong></span> <span class='ocrx_word' id='word_1_696' title='bbox 984 5491 1202 5552; x_wconf 82' lang='lat' dir='ltr'><strong>etymon</strong></span> <span class='ocrx_word' id='word_1_697' title='bbox 1233 5484 1471 5539; x_wconf 90' lang='lat' dir='ltr'><strong>nominis</strong></span> <span class='ocrx_word' id='word_1_698' title='bbox 1498 5486 1697 5554; x_wconf 71' lang='lat' dir='ltr'><strong>ejuséx</strong></span> <span class='ocrx_word' id='word_1_699' title='bbox 1732 5486 1825 5539; x_wconf 83' lang='grc' dir='ltr'>τοῦ</span> 
     </span>
    </p>
   </div>
   <div class='ocr_carea' id='block_1_100' title="bbox 252 5563 1829 5642">
    <p class='ocr_par' dir='ltr' id='par_1_100' title="bbox 252 5563 1829 5642">
     <span class='ocr_line' id='line_1_100' title="bbox 252 5563 1829 5642; baseline 0.01 -27"><span class='ocrx_word' id='word_1_700' title='bbox 252 5563 456 5630; x_wconf 76' lang='grc' dir='ltr'><strong>πηλοῦ,</strong></span> <span class='ocrx_word' id='word_1_701' title='bbox 493 5567 640 5634; x_wconf 86' lang='lat' dir='ltr'><strong>quod</strong></span> <span class='ocrx_word' id='word_1_702' title='bbox 695 5568 864 5622; x_wconf 78' lang='lat' dir='ltr'><strong>lutum</strong></span> <span class='ocrx_word' id='word_1_703' title='bbox 922 5572 1214 5642; x_wconf 83' lang='lat' dir='ltr'><strong>signiﬁcat,</strong></span> <span class='ocrx_word' id='word_1_704' title='bbox 1252 5575 1489 5641; x_wconf 90' lang='lat' dir='ltr'><strong>formati,</strong></span> <span class='ocrx_word' id='word_1_705' title='bbox 1543 5577 1692 5631; x_wconf 80' lang='lat' dir='ltr'><strong>velut</strong></span> <span class='ocrx_word' id='word_1_706' title='bbox 1745 5578 1829 5631; x_wconf 84' lang='lat' dir='ltr'><strong>in-</strong></span> 
     </span>
    </p>
   </div>
   <div class='ocr_carea' id='block_1_101' title="bbox 253 5662 1828 5739">
    <p class='ocr_par' dir='ltr' id='par_1_101' title="bbox 253 5662 1828 5739">
     <span class='ocr_line' id='line_1_101' title="bbox 253 5662 1828 5739; baseline 0.008 -28"><span class='ocrx_word' id='word_1_707' title='bbox 253 5671 437 5711; x_wconf 85' lang='lat' dir='ltr'><strong>nuens</strong></span> <span class='ocrx_word' id='word_1_708' title='bbox 455 5672 565 5713; x_wconf 90' lang='lat' dir='ltr'><strong>non</strong></span> <span class='ocrx_word' id='word_1_709' title='bbox 598 5662 773 5730; x_wconf 77' lang='lat' dir='ltr'><strong>magis</strong></span> <span class='ocrx_word' id='word_1_710' title='bbox 812 5662 1026 5717; x_wconf 79' lang='lat' dir='ltr'><strong>attinent</strong></span> <span class='ocrx_word' id='word_1_711' title='bbox 1078 5663 1249 5719; x_wconf 84' lang='lat' dir='ltr'><strong>fuisse</strong></span> <span class='ocrx_word' id='word_1_712' title='bbox 1274 5666 1535 5735; x_wconf 85' lang='lat' dir='ltr'><strong>Veccum,</strong></span> <span class='ocrx_word' id='word_1_713' title='bbox 1571 5678 1828 5739; x_wconf 68' lang='lat' dir='ltr'><strong>spectata:</strong></span> 
     </span>
    </p>
   </div>
   <div class='ocr_carea' id='block_1_102' title="bbox 332 5834 1187 5904">
    <p class='ocr_par' dir='ltr' id='par_1_102' title="bbox 332 5834 1187 5904">
     <span class='ocr_line' id='line_1_102' title="bbox 332 5834 1187 5904; baseline 0.014 -19"><span class='ocrx_word' id='word_1_714' title='bbox 332 5834 408 5904; x_wconf 80' lang='grc' dir='ltr'><strong>(Ι)</strong></span> <span class='ocrx_word' id='word_1_715' title='bbox 446 5837 528 5891; x_wconf 77' lang='lat' dir='ltr'><strong>Cl.</strong></span> <span class='ocrx_word' id='word_1_716' title='bbox 571 5837 909 5897; x_wconf 82' lang='lat' dir='ltr'><strong>Glossarium</strong></span> <span class='ocrx_word' id='word_1_717' title='bbox 939 5841 1187 5897; x_wconf 82' lang='lat' dir='ltr'><strong>alterum.</strong></span> 
     </span>
    </p>
   </div>
   <div class='ocr_carea' id='block_1_103' title="bbox 1935 4646 3501 4726">
    <p class='ocr_par' dir='ltr' id='par_1_103' title="bbox 1935 4646 3501 4726">
     <span class='ocr_line' id='line_1_103' title="bbox 1935 4646 3501 4726; baseline -0.007 -16"><span class='ocrx_word' id='word_1_718' title='bbox 1935 4656 2315 4726; x_wconf 75' lang='lat' dir='ltr'><strong>percommode</strong></span> <span class='ocrx_word' id='word_1_719' title='bbox 2346 4651 2509 4707; x_wconf 90' lang='lat' dir='ltr'><strong>fuerit</strong></span> <span class='ocrx_word' id='word_1_720' title='bbox 2543 4652 2850 4705; x_wconf 87' lang='lat' dir='ltr'><strong>istiusmodi</strong></span> <span class='ocrx_word' id='word_1_721' title='bbox 2882 4650 3027 4704; x_wconf 82' lang='lat' dir='ltr'><strong>vasis</strong></span> <span class='ocrx_word' id='word_1_722' title='bbox 3057 4649 3230 4702; x_wconf 82' lang='lat' dir='ltr'><strong>forma</strong></span> <span class='ocrx_word' id='word_1_723' title='bbox 3266 4646 3331 4700; x_wconf 85' lang='lat' dir='ltr'><strong>ad</strong></span> <span class='ocrx_word' id='word_1_724' title='bbox 3372 4646 3501 4699; x_wconf 77' lang='lat' dir='ltr'><strong>istas</strong></span> 
     </span>
    </p>
   </div>
   <div class='ocr_carea' id='block_1_104' title="bbox 1931 4739 3501 4819">
    <p class='ocr_par' dir='ltr' id='par_1_104' title="bbox 1931 4739 3501 4819">
     <span class='ocr_line' id='line_1_104' title="bbox 1931 4739 3501 4819; baseline -0.008 -17"><span class='ocrx_word' id='word_1_725' title='bbox 1931 4748 2169 4819; x_wconf 73' lang='lat' dir='ltr'><strong>eulogia:</strong></span> <span class='ocrx_word' id='word_1_726' title='bbox 2230 4748 2479 4818; x_wconf 79' lang='lat' dir='ltr'><strong>frumenti</strong></span> <span class='ocrx_word' id='word_1_727' title='bbox 2539 4746 2671 4799; x_wconf 82' lang='lat' dir='ltr'><strong>cocti</strong></span> <span class='ocrx_word' id='word_1_728' title='bbox 2726 4753 2837 4797; x_wconf 89' lang='lat' dir='ltr'><strong>tum</strong></span> <span class='ocrx_word' id='word_1_729' title='bbox 2891 4744 3090 4797; x_wconf 88' lang='lat' dir='ltr'><strong>decore</strong></span> <span class='ocrx_word' id='word_1_730' title='bbox 3134 4739 3501 4794; x_wconf 84' lang='lat' dir='ltr'><strong>admovendas</strong></span> 
     </span>
    </p>
   </div>
   <div class='ocr_carea' id='block_1_105' title="bbox 1931 4832 3499 4910">
    <p class='ocr_par' dir='ltr' id='par_1_105' title="bbox 1931 4832 3499 4910">
     <span class='ocr_line' id='line_1_105' title="bbox 1931 4832 3499 4910; baseline -0.009 -13"><span class='ocrx_word' id='word_1_731' title='bbox 1931 4846 2064 4907; x_wconf 89' lang='lat' dir='ltr'><strong>aris,</strong></span> <span class='ocrx_word' id='word_1_732' title='bbox 2102 4851 2215 4896; x_wconf 90' lang='lat' dir='ltr'><strong>tum</strong></span> <span class='ocrx_word' id='word_1_733' title='bbox 2246 4840 2378 4895; x_wconf 91' lang='lat' dir='ltr'><strong>inde</strong></span> <span class='ocrx_word' id='word_1_734' title='bbox 2405 4848 2527 4910; x_wconf 90' lang='lat' dir='ltr'><strong>post</strong></span> <span class='ocrx_word' id='word_1_735' title='bbox 2570 4838 2874 4893; x_wconf 85' lang='lat' dir='ltr'><strong>sacerdotis</strong></span> <span class='ocrx_word' id='word_1_736' title='bbox 2908 4834 3347 4890; x_wconf 73' lang='lat' dir='ltr'><strong>benedictionem</strong></span> <span class='ocrx_word' id='word_1_737' title='bbox 3400 4832 3499 4884; x_wconf 74' lang='lat' dir='ltr'><strong>de-</strong></span> 
     </span>
    </p>
   </div>
   <div class='ocr_carea' id='block_1_106' title="bbox 1933 4923 3503 5004">
    <p class='ocr_par' dir='ltr' id='par_1_106' title="bbox 1933 4923 3503 5004">
     <span class='ocr_line' id='line_1_106' title="bbox 1933 4923 3503 5004; baseline -0.008 -17"><span class='ocrx_word' id='word_1_738' title='bbox 1933 4934 2229 5004; x_wconf 85' lang='lat' dir='ltr'><strong>portandas</strong></span> <span class='ocrx_word' id='word_1_739' title='bbox 2261 4933 2315 4985; x_wconf 93' lang='lat' dir='ltr'><strong>in</strong></span> <span class='ocrx_word' id='word_1_740' title='bbox 2348 4933 2540 4986; x_wconf 89' lang='lat' dir='ltr'><strong>domos</strong></span> <span class='ocrx_word' id='word_1_741' title='bbox 2589 4928 3061 4995; x_wconf 89' lang='lat' dir='ltr'><strong>tuto,latitudine,</strong></span> <span class='ocrx_word' id='word_1_742' title='bbox 3121 4940 3187 4979; x_wconf 78' lang='lat' dir='ltr'><strong>ex</strong></span> <span class='ocrx_word' id='word_1_743' title='bbox 3219 4939 3323 4994; x_wconf 87' lang='lat' dir='ltr'><strong>qua</strong></span> <span class='ocrx_word' id='word_1_744' title='bbox 3368 4923 3503 4987; x_wconf 57' lang='lat' dir='ltr'><strong>niue-</strong></span> 
     </span>
    </p>
   </div>
   <div class='ocr_carea' id='block_1_107' title="bbox 1930 5014 3499 5092">
    <p class='ocr_par' dir='ltr' id='par_1_107' title="bbox 1930 5014 3499 5092">
     <span class='ocr_line' id='line_1_107' title="bbox 1930 5014 3499 5092; baseline -0.006 -16"><span class='ocrx_word' id='word_1_745' title='bbox 1930 5026 2071 5077; x_wconf 81' lang='grc' dir='ltr'>τεῖαι</span> <span class='ocrx_word' id='word_1_746' title='bbox 2096 5023 2375 5085; x_wconf 89' lang='lat' dir='ltr'><strong>dicuntur,</strong></span> <span class='ocrx_word' id='word_1_747' title='bbox 2399 5022 2676 5092; x_wconf 86' lang='lat' dir='ltr'><strong>paulisper</strong></span> <span class='ocrx_word' id='word_1_748' title='bbox 2701 5034 2957 5083; x_wconf 87' lang='lat' dir='ltr'><strong>concava,</strong></span> <span class='ocrx_word' id='word_1_749' title='bbox 2994 5026 3045 5071; x_wconf 90' lang='lat' dir='ltr'><strong>et</strong></span> <span class='ocrx_word' id='word_1_750' title='bbox 3063 5014 3278 5085; x_wconf 88' lang='lat' dir='ltr'><strong>capacis</strong></span> <span class='ocrx_word' id='word_1_751' title='bbox 3309 5023 3499 5068; x_wconf 83' lang='lat' dir='ltr'><strong>rotun-</strong></span> 
     </span>
    </p>
   </div>
   <div class='ocr_carea' id='block_1_108' title="bbox 1930 5111 3501 5180">
    <p class='ocr_par' dir='ltr' id='par_1_108' title="bbox 1930 5111 3501 5180">
     <span class='ocr_line' id='line_1_108' title="bbox 1930 5111 3501 5180; baseline -0.006 -8"><span class='ocrx_word' id='word_1_752' title='bbox 1930 5117 2134 5180; x_wconf 86' lang='lat' dir='ltr'><strong>ditatis,</strong></span> <span class='ocrx_word' id='word_1_753' title='bbox 2200 5116 2357 5170; x_wconf 90' lang='lat' dir='ltr'><strong>facile</strong></span> <span class='ocrx_word' id='word_1_754' title='bbox 2408 5115 2731 5170; x_wconf 88' lang='lat' dir='ltr'><strong>admittente</strong></span> <span class='ocrx_word' id='word_1_755' title='bbox 2779 5111 3064 5165; x_wconf 88' lang='lat' dir='ltr'><strong>materiam</strong></span> <span class='ocrx_word' id='word_1_756' title='bbox 3113 5111 3300 5170; x_wconf 83' lang='lat' dir='ltr'><strong>talem,</strong></span> <span class='ocrx_word' id='word_1_757' title='bbox 3357 5117 3413 5161; x_wconf 89' lang='lat' dir='ltr'><strong>et</strong></span> <span class='ocrx_word' id='word_1_758' title='bbox 3471 5123 3501 5162; x_wconf 88' lang='lat' dir='ltr'><strong>a</strong></span> 
     </span>
    </p>
   </div>
   <div class='ocr_carea' id='block_1_109' title="bbox 1930 5199 3502 5278">
    <p class='ocr_par' dir='ltr' id='par_1_109' title="bbox 1930 5199 3502 5278">
     <span class='ocr_line' id='line_1_109' title="bbox 1930 5199 3502 5278; baseline -0.007 -15"><span class='ocrx_word' id='word_1_759' title='bbox 1930 5210 2088 5278; x_wconf 85' lang='lat' dir='ltr'><strong>lapsu</strong></span> <span class='ocrx_word' id='word_1_760' title='bbox 2119 5208 2445 5278; x_wconf 87' lang='lat' dir='ltr'><strong>prohibente</strong></span> <span class='ocrx_word' id='word_1_761' title='bbox 2493 5205 2760 5261; x_wconf 70' lang='lat' dir='ltr'><strong>hencliclo</strong></span> <span class='ocrx_word' id='word_1_762' title='bbox 2787 5204 2920 5258; x_wconf 88' lang='lat' dir='ltr'><strong>editi</strong></span> <span class='ocrx_word' id='word_1_763' title='bbox 2969 5203 3176 5257; x_wconf 88' lang='lat' dir='ltr'><strong>circum</strong></span> <span class='ocrx_word' id='word_1_764' title='bbox 3212 5199 3502 5268; x_wconf 70' lang='lat' dir='ltr'><strong>marginis,</strong></span> 
     </span>
    </p>
   </div>
   <div class='ocr_carea' id='block_1_110' title="bbox 1932 5293 3505 5368">
    <p class='ocr_par' dir='ltr' id='par_1_110' title="bbox 1932 5293 3505 5368">
     <span class='ocr_line' id='line_1_110' title="bbox 1932 5293 3505 5368; baseline -0.005 -15"><span class='ocrx_word' id='word_1_765' title='bbox 1932 5300 2286 5368; x_wconf 89' lang='lat' dir='ltr'><strong>illiusncmpe</strong></span> <span class='ocrx_word' id='word_1_766' title='bbox 2310 5300 2378 5353; x_wconf 90' lang='lat' dir='ltr'><strong>de</strong></span> <span class='ocrx_word' id='word_1_767' title='bbox 2397 5314 2501 5367; x_wconf 90' lang='lat' dir='ltr'><strong>qua</strong></span> <span class='ocrx_word' id='word_1_768' title='bbox 2534 5298 2666 5361; x_wconf 79' lang='lat' dir='ltr'><strong>dixi,</strong></span> <span class='ocrx_word' id='word_1_769' title='bbox 2700 5296 2915 5350; x_wconf 88' lang='lat' dir='ltr'><strong>modice</strong></span> <span class='ocrx_word' id='word_1_770' title='bbox 2949 5297 3187 5348; x_wconf 64' lang='lat' dir='ltr'><strong>reductae</strong></span> <span class='ocrx_word' id='word_1_771' title='bbox 3211 5293 3385 5347; x_wconf 90' lang='lat' dir='ltr'><strong>etalte</strong></span> <span class='ocrx_word' id='word_1_772' title='bbox 3401 5306 3505 5361; x_wconf 77' lang='lat' dir='ltr'><strong>per</strong></span> 
     </span>
    </p>
   </div>
   <div class='ocr_carea' id='block_1_111' title="bbox 1930 5386 3504 5456">
    <p class='ocr_par' dir='ltr' id='par_1_111' title="bbox 1930 5386 3504 5456">
     <span class='ocr_line' id='line_1_111' title="bbox 1930 5386 3504 5456; baseline -0.008 -11"><span class='ocrx_word' id='word_1_773' title='bbox 1930 5392 2217 5445; x_wconf 86' lang='lat' dir='ltr'><strong>circuitum</strong></span> <span class='ocrx_word' id='word_1_774' title='bbox 2233 5387 2953 5445; x_wconf 66' lang='lat' dir='ltr'><strong>exstantisloricul;r.Voces</strong></span> <span class='ocrx_word' id='word_1_775' title='bbox 2966 5402 3179 5456; x_wconf 88' lang='lat' dir='ltr'><strong>quoque</strong></span> <span class='ocrx_word' id='word_1_776' title='bbox 3198 5386 3504 5438; x_wconf 81' lang='grc' dir='ltr'>ῑυιηὲκπω-</span> 
     </span>
    </p>
   </div>
   <div class='ocr_carea' id='block_1_112' title="bbox 1936 5482 3502 5552">
    <p class='ocr_par' dir='ltr' id='par_1_112' title="bbox 1936 5482 3502 5552">
     <span class='ocr_line' id='line_1_112' title="bbox 1936 5482 3502 5552; baseline -0.005 -16"><span class='ocrx_word' id='word_1_777' title='bbox 1936 5485 2121 5551; x_wconf 76' lang='grc' dir='ltr'>μάτων</span> <span class='ocrx_word' id='word_1_778' title='bbox 2150 5494 2261 5538; x_wconf 91' lang='lat' dir='ltr'><strong>tum</strong></span> <span class='ocrx_word' id='word_1_779' title='bbox 2304 5484 2539 5552; x_wconf 76' lang='grc' dir='ltr'><strong>ὑποδοχή</strong></span> <span class='ocrx_word' id='word_1_780' title='bbox 2577 5482 2866 5552; x_wconf 87' lang='lat' dir='ltr'><strong>aptissime</strong></span> <span class='ocrx_word' id='word_1_781' title='bbox 2902 5482 2957 5534; x_wconf 91' lang='lat' dir='ltr'><strong>in</strong></span> <span class='ocrx_word' id='word_1_782' title='bbox 2998 5488 3247 5533; x_wconf 88' lang='lat' dir='ltr'><strong>nostram</strong></span> <span class='ocrx_word' id='word_1_783' title='bbox 3273 5486 3502 5532; x_wconf 87' lang='lat' dir='ltr'><strong>senten-</strong></span> 
     </span>
    </p>
   </div>
   <div class='ocr_carea' id='block_1_113' title="bbox 1933 5570 3504 5652">
    <p class='ocr_par' dir='ltr' id='par_1_113' title="bbox 1933 5570 3504 5652">
     <span class='ocr_line' id='line_1_113' title="bbox 1933 5570 3504 5652; baseline -0.005 -23"><span class='ocrx_word' id='word_1_784' title='bbox 1933 5576 2064 5630; x_wconf 85' lang='lat' dir='ltr'><strong>tiam</strong></span> <span class='ocrx_word' id='word_1_785' title='bbox 2090 5576 2366 5631; x_wconf 81' lang='lat' dir='ltr'><strong>aeeidunt.</strong></span> <span class='ocrx_word' id='word_1_786' title='bbox 2401 5574 2651 5628; x_wconf 85' lang='lat' dir='ltr'><strong>Indicant</strong></span> <span class='ocrx_word' id='word_1_787' title='bbox 2677 5572 2835 5652; x_wconf 66' lang='lat' dir='ltr'><strong>enini</strong></span> <span class='ocrx_word' id='word_1_788' title='bbox 2855 5587 3013 5626; x_wconf 87' lang='lat' dir='ltr'><strong>usum</strong></span> <span class='ocrx_word' id='word_1_789' title='bbox 3065 5572 3226 5624; x_wconf 90' lang='lat' dir='ltr'><strong>istius</strong></span> <span class='ocrx_word' id='word_1_790' title='bbox 3252 5570 3395 5623; x_wconf 83' lang='lat' dir='ltr'><strong>vasis</strong></span> <span class='ocrx_word' id='word_1_791' title='bbox 3437 5582 3504 5621; x_wconf 89' lang='lat' dir='ltr'><strong>eo</strong></span> 
     </span>
    </p>
   </div>
   <div class='ocr_carea' id='block_1_114' title="bbox 1934 5663 3500 5737">
    <p class='ocr_par' dir='ltr' id='par_1_114' title="bbox 1934 5663 3500 5737">
     <span class='ocr_line' id='line_1_114' title="bbox 1934 5663 3500 5737; baseline -0.004 -15"><span class='ocrx_word' id='word_1_792' title='bbox 1934 5666 2063 5722; x_wconf 81' lang='lat' dir='ltr'><strong>facti</strong></span> <span class='ocrx_word' id='word_1_793' title='bbox 2101 5676 2155 5722; x_wconf 73' lang='lat' dir='ltr'><strong>Li</strong></span> <span class='ocrx_word' id='word_1_794' title='bbox 2183 5666 2400 5737; x_wconf 82' lang='lat' dir='ltr'><strong>pocula,</strong></span> <span class='ocrx_word' id='word_1_795' title='bbox 2433 5664 2762 5737; x_wconf 76' lang='grc' dir='ltr'>ἐκπώματα,</span> <span class='ocrx_word' id='word_1_796' title='bbox 2794 5664 3049 5736; x_wconf 85' lang='lat' dir='ltr'><strong>imposita</strong></span> <span class='ocrx_word' id='word_1_797' title='bbox 3072 5663 3371 5733; x_wconf 82' lang='lat' dir='ltr'><strong>exciperet,</strong></span> <span class='ocrx_word' id='word_1_798' title='bbox 3424 5663 3500 5718; x_wconf 87' lang='lat' dir='ltr'><strong>sic</strong></span> 
     </span>
    </p>
   </div>
   <div class='ocr_carea' id='block_1_115' title="bbox 3340 394 3577 462">
    <p class='ocr_par' dir='ltr' id='par_1_115' title="bbox 3340 394 3577 462">
     <span class='ocr_line' id='line_1_115' title="bbox 3340 394 3577 462; baseline 0.004 -2"><span class='ocrx_word' id='word_1_799' title='bbox 3340 398 3477 462; x_wconf 76' lang='grc'><strong>1054</strong></span> <span class='ocrx_word' id='word_1_800' title='bbox 3568 394 3577 409; x_wconf 84' lang='grc'><strong><em>“</em></strong></span> 
     </span>
    </p>
   </div>
  </div>
