3992 6542
588 370 725 437 1055
1497 378 1560 437 Ρ.
1604 378 1814 439 POSSl
1831 379 1907 439 NI
1953 378 2000 439 Ο
2013 378 2144 439 BSE

2256 381 2609 447 ATIONUM
2669 388 2818 449 LlB.
2860 389 2909 453 Ι.
3659 397 3767 466 1055

581 494 859 549 otl‘erenda
893 494 1139 551 convivis
1186 510 1348 549 manu
1409 497 1764 566 pocillatoris.
1798 500 1967 553 Porro
2021 498 2157 551 πλαο
2186 497 2234 555 Α
2266 514 2436 566 porro
2482 502 2612 570 quid
2672 502 2945 573 Iosephus
3008 505 3385 574 responderet,
3430 523 3767 571 commemorat

581 590 725 641 τείαι
760 588 1012 642 videntur
1042 590 1382 644 substantive
1412 590 1540 653 dici,
1560 590 1720 661 592
1757 590 1863 645 nisi
1894 590 2017 659 quis
2043 605 2155 643 ma-
2188 589 2207 602 ⁹
2259 589 2645 662 Pachymeres,
2672 597 2922 664 quamvis
2954 598 3293 653 subobscure
3334 599 3389 654 in
3420 602 3570 657 codd.
3596 603 3632 656 Β
3652 616 3698 659 et
3716 609 3765 663 Α.

584 679 663 742 lit,
700 696 824 735 cum
863 682 975 737 sola
1011 682 1126 737 haec
1166 698 1268 737 vox
1311 674 1537 753 ‘ponitur
1562 723 1577 745 ,
1612 682 2046 738 subaudiendam
2100 694 2155 738 et
2260 680 2367 738 Sed
2401 684 2458 739 in
2487 685 2646 756 593
2675 688 2936 751 Vaticano
2966 689 3205 753 clarius,
3259 701 3516 763 negatum
3561 692 3620 766 [P
3667 697 3765 771 MO]

585 773 749 827 tacite
781 774 1138 843 supplendam
1173 776 1319 831 illam
1369 778 1596 832 alteram
1629 777 1910 847 ὑποδςχαί.
2257 788 2456 843 nempe
2483 776 2552 830 ab
2581 777 2700 846 ipso
2720 778 2924 834 factum
2964 782 3367 851 :pertendlsse,
3401 783 3631 851 inquam,
3653 787 3765 843 haud

654 867 1067 934 Πνευματικὸς
1116 871 1211 922 καὶ
1257 868 1666 939 πνειοματίζων
1724 886 1781 940 p.
1839 870 1964 925 256.
1998 870 2152 926 lose-

2256 878 2323 918 eo
2356 865 2644 923 devenisse
2699 870 2991 926 Arsenium
3025 872 3392 941 patriarcbam
3421 884 3479 927 ut
3500 874 3593 928 sibi
3636 877 3766 942 juris‘

580 954 751 1021 phum
788 958 1125 1012 monasterio
1166 957 1368 1014 Galesii
1432 965 1784 1032 praepositum
1840 973 1998 1018 vocat
2052 963 2152 1029 Pa-

2256 950 2555 1009 dictioncm
2587 955 2857 1011 adimeret
2913 968 2969 1014 et
3010 959 3239 1014 omnino
3274 960 3613 1016 interdiceret
3644 964 3766 1018 abso-

580 1044 867 1115 chymeres
919 1048 1091 1115 ἄνδρα.
1121 1053 1490 1119 πνευματικὸν
1539 1053 1634 1107 καὶ
1674 1054 1754 1115 el;
1806 1053 2020 1125 πατέρα
2061 1073 2152 1109 τε-

2255 1041 2467 1097 lutione
2498 1045 2864 1114 imperatoris.
2898 1047 3074 1104 Verba
3124 1047 3241 1105 haec
3267 1058 3398 1104 sunt
3424 1050 3654 1106 historici
3691 1056 3765 1109 sub

580 1138 863 1204 ταγμένον
902 1138 979 1206 τῷ
1010 1139 1240 1207 βασιλεῖ.
1282 1141 1466 1197 Primo
1510 1153 1735 1213 aSpectu
1765 1160 1867 1199 vox
1902 1161 2152 1214 πνευμα-

2256 1131 2421 1188 linem
2459 1133 2579 1201 eius
2616 1136 2813 1204 capitis
2858 1156 2872 1193 :
2904 1139 3024 1191 Κᾶν
3070 1141 3146 1211 μὴ
3172 1140 3399 1209 γεγονὸς
3428 1142 3765 1213 ἑφημίσθη,ιιις

583 1231 736 1294 τικὸς
774 1231 877 1286 hoc
916 1232 1040 1288 loco
1072 1234 1287 1290 videtur
1315 1235 1458 1289 idem
1484 1251 1688 1292 sonare
1717 1253 1840 1292 cum
1864 1253 1929 1293 eo
1978 1238 2150 1308 quod,

583 1322 622 1375 1.
679 1338 761 1387 tn,
791 1338 843 1377 c.
896 1325 983 1384 l9.
1018 1337 1352 1381 memoratur
1380 1327 1658 1396 πνεύματι
1698 1328 1808 1393 ζῶν
1854 1331 2048 1399 spiritu
2079 1331 2156 1385 ei-

582 1430 726 1477 t'eus,
759 1417 904 1484 quod
938 1417 1011 1471 ibi
1042 1418 1245 1473 dicitur
1302 1420 1369 1474 de
1421 1421 1708 1476 monachis
1773 1422 2175 1477 sanctimonia:-

582 1506 844 1574 Opiniuue
888 1510 1239 1574 venerandis,
1298 1523 1513 1582 sumpta
1565 1527 1632 1566 ex
1681 1512 1852 1568 Paulo
1901 1515 2154 1584 apostolo

584 1595 818 1652 formula
854 1598 1136 1665 loquendi,
1188 1601 1377 1670 quales
1417 1603 1713 1671 imperator
1761 1619 1863 1674 pro
1897 1619 1956 1660 se
1989 1605 2149 1659 adhi-

578 1689 701 1744 buit
737 1693 965 1758 μεσίτας
1020 1692 1295 1763 πνεύματι
1353 1694 1564 1759 ζῶντας
1621 1697 1717 1749 καὶ
1765 1697 2022 1766 συνήθεις
2074 1698 2151 1769 τῷ

584 1786 919 1855 πατριάρχῃ.
962 1782 1167 1839 Tamen
1195 1788 1240 1839 si
1268 1789 1391 1853 quis
1424 1786 1789 1857 introspiciat,
1816 1790 1962 1844 aliud
2002 1791 2058 1844 in
2088 1806 2152 1845 ea

583 1872 753 1925 latere
779 1873 1158 1941 deprehendet
1189 1876 1331 1928 haud
1359 1876 1696 1947 negligenda:
1746 1880 2007 1935 notionis.
2052 1882 2155 1936 Ar-

579 1974 840 2035 gumenta
863 1965 931 2019 sit
955 1966 1098 2035 quod
1128 1968 1290 2036 paulo
1342 1979 1460 2037 post
1492 1969 1685 2024 eodem
1741 1974 1921 2039 capite
1964 1974 2155 2027 scribi-

579 2066 689 2119 tur,
721 2058 916 2110 famam
939 2072 1245 2122 emanasse,
1271 2060 1622 2116 interdictum
1648 2062 1890 2132 Josepho
1931 2066 2055 2120 huic
2085 2064 2175 2120 ab

577 2147 1131 2213 Arsenioiiatriarcha
1154 2150 1322 2207 fuisse
1354 2169 1422 2208 ne
1447 2154 1767 2225 fungeretur
1791 2156 1969 2213 ollicio
1994 2175 2156 2212 πνευ-

564 2241 813 2329 ματικοῦ
858 2241 1041 2298 ϐτςιαοει
1074 2244 1151 2299 sic
1172 2245 1405 2300 habent:
1440 2246 1514 2310 ὡς
1535 2249 1628 2301 καὶ
1660 2251 2041 2321 ἐπιτιμήσειεν
2068 2254 2152 2322 ἐφ’

579 2326 625 2399 ᾧ
666 2331 802 2402 μηδὲ
834 2336 1210 2401 πνευματικὸς
1232 2337 1570 2407 ἀναδέχοιτο.
1602 2338 1867 2394 Nimirum
1908 2360 2152 2409 πνευμα-

578 2423 733 2486 τικός
790 2434 876 2480 est
929 2424 1131 2482 Graecis
1175 2426 1508 2485 Christianis
1554 2430 1695 2485 idem
1746 2433 1892 2502 quod
1940 2430 2151 2489 Latinis

578 2516 984 2574 ecclesiasticis
1019 2523 1397 2592 confessarius,
1445 2531 1507 2578 ut
1544 2525 1708 2578 etiam
1754 2536 1903 2581 recte
1945 2527 2149 2581 dudum

582 2608 849 2665 Meursius
874 2610 1211 2667 observavit.
1243 2612 1431 2683 Itaque
1461 2616 1714 2687 suspicor
1768 2619 1831 2671 τὸ
1860 2620 1953 2671 καί
1982 2619 2153 2674 abun-

581 2703 738 2768 dare,
774 2713 833 2757 ut
858 2718 1005 2774 sape
1038 2704 1176 2761 alibi
1209 2706 1353 2775 apud
1385 2718 1660 2772 nostrum.
1690 2712 1770 2766 sic
1819 2710 1875 2765 in
1907 2712 2024 2766 loco
2054 2712 2151 2767 dc-

578 2798 820 2865 scripto;
850 2805 1048 2851 etcum
1076 2800 1450 2868 πνευματικὸς
1478 2802 1571 2855 καὶ
1601 2803 1683 2866 εις
1715 2804 1929 2875 πατέρα
1954 2822 2151 2871 τεταγ-

580 2889 742 2955 μένος
796 2889 897 2960 τῷ“
930 2888 1140 2960 βασιλεῖ
1191 2890 1462 2963 Josepbus
1509 2894 1735 2961 dicitur,
1795 2896 1932 2950 nihil
2001 2897 2151 2952 aliud

578 2979 814 3037 indicari
843 2979 946 3036 nisi
975 2997 1100 3036 eum
1136 2991 1346 3053 patrem
1377 2984 1743 3054 Spiritualem.
1775 2988 1880 3044 hoc
1911 3002 2151 3045 est-con-
2253 2991 2368 3037 mat
2415 2983 2784 3052 Pachymeres
2824 2981 2963 3050 ipse,
3032 2980 3371 3065 proutjejus
3423 2987 3678 3033 contentis
3714 2976 3765 3030 ab

578 3072 871 3128 fessarium
909 3073 1230 3144 imperatori
1254 3075 1446 3133 fuisse.
1483 3077 1558 3134 Ex
1604 3097 1711 3150 qua
1760 3082 2149 3139 observatione

2255 3075 2476 3146 optimis
2500 3075 2785 3129 codicibus
2822 3075 3133 3139 exhibetur,
3167 3073 3338 3134 infra,
3364 3074 3403 3127 Ι.
3435 3089 3509 3134 ιν,
3539 3087 3583 3125 c.
3620 3070 3678 3124 28
3707 3067 3766 3122 sic

580 3166 672 3219 lux
700 3165 925 3237 alfulget
973 3166 1371 3236 posterioribus
1412 3185 1442 3223 a
1473 3186 1557 3225 me
1593 3172 1887 3241 descriptis
1941 3173 2152 3245 Pachy-

2255 3168 2324 3224 dc
2346 3166 2595 3236 'Joseplto
2622 3168 2812 3222 dicens
2847 3183 2862 3222 :
2907 3168 3002 3221 Ὃν
3050 3166 3368 3235 ἀφωρὶᾱθαι
3401 3166 3576 3233 ἔλεγον
3603 3162 3678 3213 ἐπὶ
3711 3160 3766 3228 τῷ

581 3258 752 3312 meris
787 3258 992 3314 verbis.
1022 3258 1227 3314 Horum
1254 3260 1404 3315 enim
1439 3262 1569 3317 hinc
1603 3272 1753 3333 patet
1781 3281 1903 3320 esse
1924 3275 2150 3321 senten-

2256 3261 2332 3330 μὴ
2391 3260 2484 3313 τὸν
2542 3259 2768 3328 βασιλέα
2818 3260 2900 3322 εἰς
2969 3258 3359 3328 πνευματικὴν
3404 3258 3611 3325 νεότητα
3652 3254 3766 3321 δέχε-

2260 1334 2418 1387 μενος
2450 1317 2593 1390 ὑπὲρ
2630 1319 2812 1384 τοῦτο,
2848 1322 3237 1393 διισχυρίζετο.
3271 1322 3365 1379 Sic
3395 1326 3450 1381 in
3485 1324 3632 1381 codd.
3667 1328 3770 1383 duo-

2255 1410 2379 1467 bus.
2425 1412 2497 1466 At
2542 1412 2838 1469 Vaticanus
2891 1414 2972 1470 sic
3014 1415 3179 1471 habet
3224 1433 3238 1470 :
3295 1416 3485 1485 Ὅμως
3531 1420 3557 1471 ὁ
3613 1418 3767 1489 Ἰωσὴφ

2256 1505 2711 1576 πατριαρχεύσας
2760 1507 2990 1578 ὕστερον
3021 1508 3390 1578 διισχυρίζετο
3430 1509 3612 1578 ψεῦδος
3658 1505 3765 1564 εἶναι

2254 1599 2356 1651 τὸν
2404 1597 2564 1667 λόγον
2602 1601 2818 1668 (melius
2848 1603 3057 1658 diceret
3086 1603 3148 1655 τὸ
3176 1602 3486 1671 λεγομένου)
3543 1602 3637 1655 ὑπὸ
3669 1606 3768 1657 πο).-

2255 1690 2370 1752 λοῐς
2395 1704 2413 1722 ⁸
2446 1689 2640 1759 Ioseph
2674 1696 3001 1759 postmodum
3030 1692 3462 1764 patriarchatum
3487 1712 3651 1764 gerem
3681 1712 3769 1763 per-

2258 1782 2500 1838 tendebal
2566 1786 2763 1857 falsum
2825 1805 2934 1841 esse
2979 1790 3118 1858 quod
3161 1806 3192 1841 a
3253 1788 3436 1842 multis
3490 1789 3766 1857 joctabatur.

2256 1877 2466 1947 Nempe
2495 1888 2555 1933 ut
2576 1879 2738 1947 paulo
2766 1882 3020 1950 superius
3045 1879 3278 1941 dixerat,
3315 1879 3391 1941 ὡς
3410 1879 3572 1949 χωρὶς
3591 1878 3674 1945 τῆς
3698 1878 3768 1931 τοῦ

2257 1971 2602 2041 πατριάρχου
2664 1973 2862 2041 βουλῆς
2910 1975 3327 2042 ἀντιποιήσοιτο
3372 1972 3665 2043 (Iosephus)
3693 1973 3767 2039 τῆς

2258 2044 2520 2132 ﬂuctum;
2558 2065 2846 2134 ἁναδοχῆς,
2886 2066 3007 2119 sine
3048 2075 3186 2118 nutu
3226 2074 3282 2118 et
3331 2078 3556 2117 assensu
3585 2064 3768 2133 patriar-

2256 2154 2373 2209 chze
2398 2155 2672 2225 Josephus
2732 2156 3019 2227 ingesserit
3072 2172 3131 2211 se
3167 2157 3232 2210 ad
3261 2156 3579 2210 audiendam
3626 2170 3767 2208 sacra-

2257 2247 2568 2301 mentaliter
2627 2247 3027 2303 confessionem
3069 2247 3437 2319 imperaturis.
3486 2246 3687 2314 Φέρεται
3708 2246 3766 2311 δὲ,

2256 2337 2530 2407 subiungit
2566 2339 2770 2404 statim,
2828 2339 2923 2392 καὶ
2952 2340 3109 2407 λόγος
3150 2338 3306 2409 παρὰ
3348 2336 3554 2399 πολλοῖς
3607 2336 3670 2396 dt;
3699 2338 3769 2389 ml

2254 2429 2635 2499 ἐπιτιμήσειεν
2681 2422 2723 2482 ⁸ὁ
2787 2430 3133 2501 πατριάρχης
3202 2432 3413 2483 ἐκεῖνον
3484 2428 3766 2499 (Josepbum)

2255 2519 2399 2573 ὥστε
2434 2521 2509 2590 μὴ
2549 2517 2687 2573 εἶναι
2740 2519 2834 2574 τοῦ
2887 2519 3154 2590 βασιλέως
3205 2518 3589 2584 πνευματικόν·
3622 2517 3767 2570 Fertur

2252 2612 2449 2666 scilicet
2494 2628 2733 2666 sermone
2768 2612 3050 2665 nmltorum
3079 2612 3447 2679 patriarclram
3495 2610 3766 2663 interdixit“

2250 2704 2471 2772 Joseplro
2508 2722 2571 2759 ne
2594 2713 2723 2758 esset
2774 2704 3130 2774 confessarius
3180 2704 3537 2771 imperatoris.
3589 2701 3655 2756 Ita
3685 2702 3766 2755 cla-

2254 2798 2392 2861 rius,
2421 2805 2482 2852 ut
2509 2798 2646 2862 dixi,
2683 2799 2978 2853 Vaticanus
3019 2780 3447 2865 paraphrastes';
3485 2810 3512 2848 a
3546 2808 3641 2862 quo
3675 2807 3766 2861 grt-

2254 2906 2470 2945 tnanam
2498 2889 2743 2945 auctoris
2775 2888 3106 2957 sententiam
3157 2889 3246 2943 hic
3281 2886 3765 2958 express-immolit-

2186 1832 2227 1889 Β

2256 3350 2400 3402 σθαι.
2446 3349 2577 3415 Qua:
2606 3350 2679 3403 ibi
2734 3350 2815 3406 sic
2851 3349 2991 3405 verti
3026 3368 3041 3405 :
3106 3351 3259 3414 Quod
3299 3348 3454 3402 illum
3506 3349 3687 3401 aiebant
3727 3344 3764 3393 in

2252 3446 2845 3500 exeommunicalionem
2871 3446 3174 3503 incurrisse.
3207 3446 3303 3499 sub
3340 3446 3486 3515 cujus
3516 3441 3761 3496 intermina-

2255 3542 2395 3594 tione
2450 3542 2666 3593 vetitum
2713 3541 2760 3593 ei
2795 3540 2924 3592 olim
2963 3557 2993 3594 a
3041 3538 3351 3608 patriarcha
3405 3538 3576 3606 [uisset
3620 3534 3760 3585 habere

2253 3632 2494 3699 deinceps
2540 3631 2911 3698 imperatorem
2971 3630 3082 3683 loco
3114 3629 3413 3697 spiritualis
3434 3627 3549 3695 ﬁlii,
3580 3634 3621 3675 et
3654 3622 3761 3673 illius

2255 3723 2617 3793 ronfessiones,
2659 3732 2716 3775 ut
2757 3732 2916 3776 antea
2965 3730 3329 3783 consueverat,
3366 3722 3419 3772 in
3451 3728 3680 3782 posterum
3701 3728 3760 3764 ec‘

2255 3819 2445 3884 cipere.
2474 3815 2594 3869 Non
2627 3814 2827 3884 poterit
2873 3807 3175 3868 autem‘me
3224 3813 3543 3882 quisquam,
3597 3806 3760 3874 opinor.

2255 3907 2684 3977 reprehendere,
2719 3905 2861 3971 quod
2908 3906 3279 3973 πνευματικόν
3307 3902 3676 3959 conlessarium
3705 3897 3763 3948 in-

2256 4008 2551 4068 terpreter,
2583 3996 2713 4066 quin
2745 3996 2895 4065 prius
2936 4004 3130 4067 arguat
3176 3996 3454 4067 vulgatum
3498 3989 3763 4055 Florentiae

2254 4090 2606 4144 (Bcutncnicse
2659 4087 2849 4156 synodi
2909 4087 3301 4156 interpretem,
3368 4086 3461 4157 qui
3516 4084 3680 4152 pagina
3715 4076 3763 4131 l7

2256 4182 2385 4237 Ionii
2412 4179 2631 4242 XXXII,
2661 4183 2747 4234 ed.
2781 4178 2956 4235 Coac.
2997 4178 3152 4249 εἶρε..
3177 4178 3267 4231 illa
3297 4179 3459 4234 verba
3490 4174 3761 4243 τιμιώτατος

2255 4270 2631 4339 πνευματικὸς
2672 4268 2832 4338 κύρις
2856 4268 3158 4339 Γρηγὸριος
3215 4268 3299 4322 sic
3354 4267 3540 4321 Latine
3579 4261 3759 4316 reddit:

2260 4362 2602 4419 llonorabilis
2623 4379 2657 4414 a
2681 4361 3096 4432 confessionibus
3118 4360 3342 4413 domnus
3377 4357 3654 4428 Gregorius.
3670 4351 3763 4431 Erat

2255 4455 2465 4509 scilicet
2515 4451 2888 4507 confessarius
2956 4448 3304 4518 imperatoris
3353 4449 3655 4508 Grai-orum,
3694 4440 3763 4509 qui

2256 4546 2494 4602 concilio
2556 4542 2874 4599 Florentino
2938 4541 3207 4597 interfuit.
3284 4542 3359 4598 Ut
3413 4540 3637 4597 omittam
3686 4531 3761 4587 alia

2259 4638 2505 4709 ejusdem
2531 4636 2773 4711 potionis
2798 4635 2969 4690 verbo
3014 4633 3387 4704 πνευματικός
3424 4632 3662 4702 subjecta:
3708 4635 3765 4677 te-

2259 4728 2522 4784 stimonia
2557 4744 2585 4781 a
2617 4727 2873 4790 Meursio,
2906 4734 2968 4780 ut
2992 4725 3128 4789 disi,
3174 4725 3399 4779 recitata
3429 4765 3445 4788 ,
3474 4738 3583 4793 qua:
3606 4719 3644 4775 si
3674 4715 3765 4785 quis

2257 4823 2444 4878 omnia
2471 4819 2928 4882 consideraverit,
2959 4833 3045 4872 na:
3076 4818 3123 4873 is
3162 4817 3305 4874 haud
3354 4816 3547 4888 poterit
3571 4813 3765 4882 judicare

2257 4916 2534 4972 addidisse
2564 4930 2653 4968 me
2713 4914 3006 4983 quidquam
3049 4911 3229 4965 sensis
3263 4912 3502 4966 anetoris
3529 4908 3638 4968 mei,
3668 4903 3762 4956 dum

2257 5010 2326 5063 ab
2354 5024 2420 5063 eo
2454 5016 2809 5067 memoratam
2837 5002 3221 5073 πνευματικὴν
3285 5001 3504 5068 νεότητι
3535 4998 3593 5052 ad
3645 4990 3766 5045 mini-

2257 5102 2580 5157 strationem
2656 5099 2922 5169 privatam
2984 5095 3317 5151 sacramenti
3382 5089 3684 5161 pmnitrttlia:
3727 5090 3766 5134 et

2257 5193 2598 5261 exceptionis
2629 5200 2963 5245 secretarum
2998 5187 3405 5242 confessionum
3435 5180 3601 5236 retuli.

2330 5288 2587 5351 Ποιότης
2612 5302 2666 5353 p.
2702 5284 2829 5337 362.
2884 5283 3018 5351 llap’
3040 5280 3069 5334 ὃ
3103 5282 3198 5335 καὶ
3253 5283 3286 5351 ἠ
3341 5271 3656 5347 προσηγορία
3693 5266 3767 5334 τῆς

2258 5380 2543 5447 ποιότητος
2580 5378 2858 5443 εἴληπται.
2898 5374 3012 5430 Hoc
3040 5375 3186 5429 estsi
3232 5376 3298 5428 ad
3335 5372 3546 5427 verbum
3573 5362 3765 5460 reddas-3

2252 5472 2416 5529 Juxta
2447 5469 2583 5536 quod
2610 5478 2657 5523 et
2685 5468 2971 5537 appellatio
3003 5468 3285 5538 qualitatis
3312 5473 3516 5529 sumpta
3551 5473 3634 5514 est.
3660 5448 3767 5519 Quid

2254 5577 2436 5619 autem
2469 5562 2613 5618 istud
2640 5571 2724 5616 est
2754 5560 2982 5615 relativo
3009 5560 3148 5629 quod
3167 5555 3497 5614 indicatum?
3518 5552 3711 5617 Nempe.
3724 5548 3767 5596 ιιι

2255 5665 2479 5728 apparet
2504 5673 2571 5709 ex
2588 5653 3042 5724 praecedentibus,
3060 5652 3337 5720 obliquum
3348 5643 3575 5716 adoptari
3593 5650 3641 5696 et
3658 5650 3767 5728 em:

2255 5721 2411 5819 quin
2448 5748 2649 5801 debere
2668 5745 2733 5799 ad
2766 5754 2995 5809 rectum,
3040 5760 3147 5798 non
3173 5759 3205 5798 e
3232 5754 3492 5797 converso
3521 5721 3766 5830 rectum

2257 5814 2554 5912 obliquum.
2583 5839 2812 5894 Conﬁdo
2832 5836 2926 5893 ,ch
2958 5852 3023 5891 cx
3044 5839 3165 5908 .hoc
3196 5834 3335 5902 loco,
3390 5829 3472 5887 cui
3524 5820 3655 5883 inulti
3699 5814 3765 5870 alii

580 3349 735 3411 tiam,
769 3349 968 3405 iratum
1006 3351 1321 3421 imperatori
1368 3356 1741 3425 patriarcham
1786 3359 2028 3414 vetuisse
2080 3374 2150 3413 ne

579 3438 854 3510 Josephus
882 3441 1144 3513 deinceps
1166 3445 1331 3500 etiam
1364 3447 1607 3517 privatas
1626 3448 1748 3517 ejus
1782 3442 2152 3504 confessiones

576 3534 863 3603 exciperet
891 3536 1247 3607 (ἁναδέχοιτο,
1287 3539 1354 3593 de
1382 3556 1493 3609 quo
1529 3541 1699 3595 verbo
1729 3558 1847 3611 qum
1877 3558 1977 3595 suo
2029 3543 2150 3597 loco

578 3635 857 3688 notamus,
886 3627 995 3703 huc
1018 3629 1253 3697 confer),
1273 3642 1367 3686 aut
1396 3631 1572 3699 ipsum
1594 3633 1645 3685 in
1671 3632 1809 3700 foro,
1830 3642 1891 3687 ut
1911 3633 2149 3701 loquun-

584 3722 1058 3789 tur,‘conscientiw
1085 3722 1405 3780 absolveret.
1442 3725 2008 3794 hactenussiquidem
2027 3737 2151 3794 post

519 3851 525 3857 ρ
578 3812 873 3868 anathema
907 3814 1225 3884 imperatori
1265 3816 1482 3884 publii-e
1531 3815 1764 3877 dictum,
1808 3818 1864 3871 in
1921 3818 2153 3885 quibus-

578 3904 706 3960 dam
738 3920 860 3974 qua:
886 3906 1147 3975 antiquus
1194 3923 1327 3963 usus
1382 3910 1604 3964 vetabat
1659 3911 2152 3968 excommunicatis

578 3997 848 4065 permitti,
885 3997 1291 4055 connivendum
1349 4012 1629 4068 putavtrat
1687 4004 2028 4072 patriarcha,
2090 4014 2150 4060 ut

579 4088 946 4159 Pachymeres
985 4091 1242 4160 superius
1287 4094 1593 4149 admonuit.
1656 4094 1732 4149 De
1794 4095 1897 4149 hoc
1949 4111 2152 4165 genere

580 4181 798 4235 videtur
828 4183 1015 4238 ethoc
1050 4183 1241 4248 fuisse,
1271 4185 1530 4240 nimirum
1561 4186 1796 4241 tolerare
1815 4196 1874 4240 ut
1895 4188 2150 4258 privatim

576 4273 935 4331 conﬁteretur
956 4284 1011 4330 et
1045 4277 1102 4331 in
1135 4277 1255 4331 foro
1286 4279 1640 4334 conscientia:
1661 4280 2069 4336 absolveretur.
2091 4281 2151 4336 ιιι

570 4363 729 4432 quod
763 4381 913 4421 nunc
943 4366 1164 4421 tandem
1209 4366 1456 4422 offensus
1481 4369 1740 4424 instantia
1763 4368 1990 4440 Iosephi
2020 4387 2150 4439 pro-

580 4456 825 4511 hibuerit
851 4466 941 4523 ;et
976 4458 1236 4513 videlicet
1254 4460 1705 4530 iurisdictionem
1732 4463 2028 4519 abstulerit
2053 4480 2152 4520 ne-

574 4549 877 4603 cessariam
928 4549 995 4604 ad
1054 4551 1459 4607 absolutionem
1490 4554 1666 4608 valide
1698 4554 2144 4624 impertiendam.

581 4639 741 4696 Unde
772 4657 894 4697 cum
936 4642 1111 4697 nihilo
1140 4645 1321 4699 secius
1353 4654 1540 4714 postea
1566 4647 1842 4719 Iosephus
1870 4651 2153 4718 perrexis-

577 4739 667 4785 set
697 4732 853 4798 dare,
883 4742 943 4788 ut
984 4734 1155 4803 prius,
1210 4751 1433 4804 operam
1464 4738 1748 4794 conﬁtenti
1778 4740 2046 4808 Augusto.
2101 4749 2157 4795 et

579 4821 736 4883 illum
775 4821 1029 4881 videlicet
1059 4824 1127 4879 de
1152 4841 1305 4880 more
1337 4828 1684 4894 absolvisset,
1708 4844 1899 4884 ansam
1924 4830 2152 4900 Iosephi

574 4914 910 4968 criminandi
943 4916 1226 4971 Arseniani
1256 4918 1324 4971 ab
1364 4933 1432 4973 eo
1466 4920 1579 4989 jam
1632 4921 1949 4989 patriarcha
2004 4921 2150 4976 schi-

575 5015 757 5063 amate
790 5008 1010 5063 discissi
1052 5021 1426 5079 sumpserunt,
1480 5012 1634 5080 quasi
1669 5021 1994 5068 attentasset
2038 5030 2152 5068 rem

577 5095 852 5159 nefariam
909 5098 1137 5153 ferendo
1183 5101 1507 5155 sententiam
1561 5100 1922 5156 absolutionis
1971 5118 2155 5158 sacra-

577 5191 839 5253 nientalis
868 5194 989 5246 sine
1036 5200 1307 5261 potestate
1360 5192 1783 5262 jurisdictionis,
1831 5210 1939 5263 quo
1990 5198 2154 5250 modo

576 5283 689 5347 lata
729 5283 855 5338 talis
882 5284 1155 5342 sententia
1186 5284 1307 5339 sine
1339 5284 1507 5346 dubio
1537 5285 1692 5340 irrita
1754 5298 1859 5352 est,
1888 5286 2033 5340 unde
2098 5286 2150 5341 id

572 5382 881 5432 attentasse
906 5376 962 5429 in
996 5386 1344 5431 sacramento
1376 5376 1509 5433 nihil
1538 5376 1721 5431 minus
1746 5381 1819 5431 sit
1867 5394 2030 5447 quam
2068 5394 2154 5433 sa-

573 5467 887 5535 Crilegintn.
914 5466 1006 5522 Est
1041 5476 1295 5523 autemet
1331 5469 1383 5523 id
1424 5479 1581 5525 extra
1607 5470 1857 5530 dubium,
1890 5486 2153 5525 emanare

573 5560 649 5613 ab
704 5559 976 5630 episcopis
1023 5562 1216 5615 ordine
1293 5559 1648 5616 hierarchico
1713 5562 2150 5631 jnrisdictionem

572 5650 764 5716 istam.
815 5651 997 5718 Quare
1026 5631 1084 5708 .si
1126 5668 1246 5707 eam
1289 5653 1405 5707 'rite
1442 5653 1753 5733 patriarcha
1819 5664 2149 5719 revocasset,

579 5753 792 5798 certum
822 5755 943 5801 erat
974 5762 1083 5800 non
1129 5746 1374 5815 potuisse
1437 5748 1635 5801 deinde
1689 5750 2075 5817 imperatorem
2120 5764 2150 5803 a

583 5837 824 5911 Joscpho
846 5841 1025 5897 audiri
1065 5851 1155 5895 aut
1193 5838 1400 5895 absolvi
1430 5840 1928 5896 sacratncntaliter.
1976 5839 2055 5896 Ad
2094 5841 2146 5897 id

2186 4503 2229 4558 D

2256 1224 2350 1277 καὶ
2395 1226 2426 1279 ὁ
2466 1226 2662 1295 Ἰωσὴφ
2714 1229 3158 1298 πατριαρχεύσας
3214 1230 3460 1301 ὕστερον,
3518 1233 3767 1300 ἀπλογού-
3860 1280 3863 1285 .

3810 5052 3827 5077 l
