3992 6532
263 388 401 453 ιοδτ

1618 388 2137 448 GLOSSARIUM.

3369 394 3507 466 1059

258 502 421 556 simili
454 499 760 571 ἀσυστασίᾳ
797 509 851 554 et
903 497 1275 566 insuspieahili
1320 498 1625 553 eohmsione
1677 508 1829 554 tene—

1933 513 2043 566 quo
2076 496 2365 553 Vulcanius
2391 500 2495 570 legi
2522 501 2679 569 jubet
2708 519 2954 571 grumare
2996 503 3158 577 595
3187 508 3505 582 empticium

262 595 405 645 brosi
449 608 545 661 per
588 593 728 646 hanc
765 591 1042 645 hlsmiiain
1107 601 1427 652 occurrunt,
1480 602 1832 644 assensurum

261 684 391 737 mihi
428 683 685 738 lectorem
715 682 1035 751 prudentem
1067 681 1109 735 si
1130 681 1319 736 dixero
1346 680 1508 752 594
1539 680 1830 751 OEdipum,

260 790 369 828 nou
405 772 614 828 Davum
643 788 761 827 esse
793 781 1048 842 oportere
1087 771 1441 841 interpretem
1464 770 1833 841 Pacbymeris,

261 865 569 934 scriptoris,
605 865 650 918 si
706 864 994 933 quisquam
1053 864 1216 927 ullus,
1283 861 1596 931 antiquarii,
1638 862 1833 931 cuique

262 958 471 1013 meliori
501 959 624 1027 jure
655 973 815 1026 quam
844 957 918 1010 illi
946 957 997 1009 in
1028 971 1191 1026 quem
1221 954 1448 1010 Latinus
1476 955 1834 1025 epigramma-

264 1052 439 1107 tarius
462 1051 565 1107 hoc
605 1066 764 1105 versu
803 1048 931 1117 lusit
954 1088 968 1112 ,
999 1046 1409 1117 exprobraveris
1446 1062 1461 1100 :

339 1141 464 1197 Non
486 1142 676 1196 lectore
706 1142 810 1194 tuis
837 1157 966 1209 opus
992 1150 1089 1206 est,
1119 1139 1208 1193 sed
1237 1137 1476 1203 Apolline
1510 1138 1679 1189 libris.

264 1234 372 1287 Sed
398 1234 692 1302 παρέργων
722 1234 771 1302 ἢί
787 1232 1089 1303 προοιμίων
1110 1230 1248 1293 ἃλις.
1282 1229 1430 1298 Opus
1447 1227 1832 1296 vocatipsum;

263 1335 320 1379 et
350 1334 595 1379 attentus
661 1338 949 1379 consessus
977 1321 1084 1377 dici
1127 1338 1155 1376 a
1189 1336 1276 1376 me
1308 1336 1527 1375 causam
1561 1327 1833 1388 exspectat

261 1435 362 1472 cur
394 1419 448 1471 in
483 1418 768 1485 ποιότητος
804 1415 1069 1470 vocabulo
1097 1429 1226 1476 non,
1256 1420 1314 1466 ut
1342 1412 1500 1479 vulgo
1526 1408 1829 1474 consuevit,

261 1511 606 1579 qualitatem,
644 1509 738 1563 sed
765 1507 1000 1577 regulam
1046 1505 1428 1560 intellexerim.
1462 1504 1662 1559 Vereor
1688 1503 1833 1556 enim

261 1611 321 1655 ut
352 1601 497 1669 apud
535 1598 821 1670 plerosque
846 1599 978 1651 satis
1009 1597 1077 1651 sit
1099 1598 1351 1666 allegare,
1377 1594 1521 1664 quod
1551 1593 1833 1648 verissime

258 1704 508 1758 possum,
544 1687 892 1742 manifestum
930 1701 994 1740 ex
1017 1685 1358 1755 inspectione
1408 1683 1830 1753 praecedentium

258 1786 581 1848 verborum,
615 1779 723 1834 loci
756 1779 1086 1834 sententiam
1119 1778 1175 1832 id
1203 1776 1500 1848 ﬂagitasse.
1531 1774 1648 1829 Non
1683 1775 1831 1829 e'nim

255 1873 495 1929 deerunt
523 1872 614 1942 qui
662 1871 880 1941 exigant
904 1870 1067 1925 etiam
1117 1869 1493 1925 aberrationes
1531 1874 1587 1922 et
1645 1866 1832 1922 deliria

258 1964 595 2033 scriptorum
624 1962 693 2017 ab
748 1962 1141 2030 interpretibus
1179 1959 1446 2031 exprimi;
1492 1971 1657 2029 atque
1699 1959 1834 2013 adeo

259 2055 315 2108 in
345 2055 456 2110 isto
493 2068 695 2122 genere
726 2069 886 2121 quam
919 2051 1455 2122 superstitiosissime
1482 2050 1712 2120 ineptire
1766 2049 1834 2104 li-

254 2146 383 2200 dem
411 2154 628 2201 vocent.
658 2145 762 2198 Aio
803 2144 963 2212 igitur
999 2145 1277 2212 Opinatum
1336 2158 1455 2198 esse
1493 2157 1601 2209 me,
1632 2124 1833 2195 vidisse

158 2286 169 2291 -
253 2236 467 2304 aliquid
504 2236 716 2306 uspiam
745 2236 1133 2307 Pachymerem
1183 2251 1291 2304 quo
1316 2243 1499 2289 motus
1546 2234 1611 2290 ad
1641 2232 1835 2288 existi-

256 2329 522 2382 mandum
551 2330 642 2393 sit,
672 2336 932 2397 ποιότητα
949 2327 1471 2398 regulamintcrdum
1505 2324 1830 2395 signiﬁcare;

258 2422 535 2488 istamque
574 2427 631 2471 ut
666 2418 826 2484 solet,
849 2418 1097 2488 quamvis
1123 2434 1320 2480 raram,
1356 2417 1629 2471 notionem
1653 2418 1831 2471 oblata

255 2512 627 2579 qualicunque
689 2511 976 2564 occasione
1039 2524 1297 2577 usurpare
1348 2506 1829 2576 allectasse.,Non

258 2614 347 2658 est
379 2601 742 2656 inverisimile
772 2601 980 2656 homini
1021 2600 1389 2655 obsoletorum
1415 2598 1703 2652 verborum
1734 2614 1831 2652 au.

256 2694 387 2763 cupi
439 2693 624 2747 talium
658 2692 999 2746 collectorem
1025 2701 1079 2744 et
1108 2701 1475 2743 euarratorem
1514 2690 1827 2758 diligentem

256 2782 586 2837 familiarem
651 2782 980 2852 Hesychium
1015 2780 1220 2845 fuisse;
1278 2780 1435 2849 cujus
1495 2777 1828 2832 vocabularii

258 2874 407 2928 haud
437 2874 599 2943 paulo
659 2872 988 2928 correctiora
1024 2870 1495 2938 Constantinopoli
1550 2877 1677 2924 ante
1731 2870 1829 2923 hos

256 2968 687 3037 quadringentos
715 2964 779 3038 [ιι
804 2965 934 3049 Ml]
958 2981 1148 3032 amics,
1176 2965 1279 3021 hoc
1315 2974 1403 3019 est
1440 2973 1598 3020 aetate
1628 2963 1827 3034 Pachy-

258 3062 449 3124 meris,
484 3058 813 3129 exemplaria
858 3058 1023 3114 fuisse
1048 3074 1207 3129 quam
1244 3058 1372 3115 illud
1395 3076 1458 3114 ex
1512 3073 1620 3130 quo
1663 3058 1830 3111 Aldus

1939 592 2016 645 uti
2038 600 2092 647 et
2113 607 2213 662 pro
2237 607 2304 647 eo
2318 594 2464 662 quod
2499 594 2701 650 ibidem
2736 611 2858 652 mox
2878 599 3122 654 cernitur
3139 619 3327 671 gruma
3356 606 3506 675 βασι-

1935 682 2060 752 λικὴ
2099 684 2290 754 γνώμη
2345 686 2721 753 reponendum
2749 690 3028 744 contendit
3050 709 3238 761 gruma
3273 694 3503 767 διόπτρα

1934 776 2247 844 τεκτονική.
2325 773 2558 830 Videtur
2616 778 2941 835 vocabulum
3022 782 3166 838 istud
3213 766 3504 857 antiquum

1934 883 2122 936 gruma
2151 883 2179 921 a
2210 868 2411 938 priscis
2445 867 2657 924 Latinis
2697 885 2765 924 ex
2796 869 2984 929 Graeco
3034 876 3269 945 γράμμα
3301 879 3504 934 forma-

1935 965 2073 1012 tum.
2115 958 2211 1013 Est
2263 970 2447 1014 autem
2487 960 2759 1031 γράμμα.
2793 975 2851 1019 ut
2910 964 3029 1020 aliis
3057 968 3245 1037 glossae
3270 969 3503 1026 Graeco-

1936 1047 2137 1107 Latinte
2184 1062 2397 1107 veteres
2426 1052 2644 1118 docent,
2669 1056 2696 1108 ό
2719 1054 2959 1126 σταθμός
2981 1059 3291 1125 scripulum.
3335 1062 3503 1118 Scru-

1936 1142 2124 1212 pulum
2167 1155 2350 1198 autem
2413 1145 2528 1200 sive
2587 1146 2913 1216 scripulum,
2958 1160 3017 1203 ut
3067 1168 3133 1205 ex
3178 1153 3417 1211 Varrone
3445 1167 3501 1211 et

1934 1234 2236 1291 Columella
2267 1236 2415 1293 libris
2459 1240 2527 1291 de
2562 1254 2620 1292 re
2649 1241 2850 1295 rustica
2887 1241 2983 1296 viri
3025 1244 3168 1299 do’cti
3216 1248 3498 1317 colligunt,

1934 1341 2190 1380 mensura
2225 1337 2307 1381 est
2330 1327 2573 1383 adhiberi
2605 1330 2762 1383 solita
2799 1332 3084 1389 metiendis
3112 1336 3280 1402 agris,
3303 1354 3499 1409 nempe

1934 1433 2120 1488 gruma
2155 1424 2271 1473 sive
2300 1435 2507 1489 groma,
2572 1434 2691 1489 qua:
2725 1432 2846 1476 erat
2884 1424 3306 1483 instrumentum
3345 1431 3502 1501 cujus

1936 1523 2041 1576 ope
2072 1509 2410 1579 dirigebatur
2461 1511 2656 1565 oculus
2693 1512 2760 1565 ad
2792 1512 2964 1567 lineas
3004 1517 3284 1573 ducendas
3309 1535 3501 1578 exacte

1934 1607 2136 1664 rectas,
2170 1600 2467 1668 promiscui
2496 1616 2629 1656 usus
2661 1602 2978 1659 architectis
3015 1616 3070 1660 et
3105 1610 3500 1678 agriinensorio

1936 1692 2059 1755 bus,
2088 1692 2231 1765 und;
2263 1690 2492 1761 διόπτρα
2523 1696 2807 1764 τεκτονική
2838 1696 3005 1762 dicta,
3035 1706 3092 1753 ut
3118 1700 3370 1757 vidimus.
3420 1704 3499 1759 Ex

1939 1780 2027 1835 his
2057 1781 2230 1851 liquet
2263 1798 2443 1853 qroma
2477 1782 2595 1838 sive
2617 1800 2809 1851 gruma
2846 1785 2989 1842 idem
3011 1803 3134 1844 esse
3180 1793 3324 1861 quod
3355 1795 3498 1862 γνώο

1936 1888 2075 1940 μων,
2120 1872 2384 1942 σταθμὸς,
2424 1872 2652 1944 διόπτρα
2673 1880 2983 1948 τεκτονική,
3031 1882 3331 1951 scripulum
3382 1887 3498 1941 sive
3534 1922 3545 1935 .

1931 1960 2272 2029 scrupulum,
2299 1978 2420 2031 quae
2451 1965 2647 2037 omnia,
2693 1967 2969 2024 vocabulis
2992 1969 3199 2027 Latinis
3250 1980 3495 2042 amassis,

1934 2066 2154 2115 norma,
2185 2053 2380 2123 regula:
2411 2055 2763 2124 reSpondent,
2799 2068 2854 2112 et
2887 2060 3249 2118 instrumenta
3284 2067 3495 2137 signili-

1933 2151 2080 2209 cant,
2106 2145 2306 2213 quibus
2332 2144 2485 2200 visus
2515 2146 2785 2202 humanus
2812 2149 2881 2206 ad
2930 2138 3373 2218 dijudicationem
3415 2176 3498 2213 re-

1933 2233 2007 2287 cti
2042 2248 2070 2287 a
2101 2249 2270 2290 curvo
2299 2244 2395 2289 aut
2427 2236 2494 2290 ad
2531 2238 2964 2307 exaequationem
2986 2242 3190 2313 obliqui
3212 2246 3278 2300 ad
3307 2258 3499 2303 exacte

1933 2326 2197 2381 directqu
2232 2328 2443 2395 utitur;
2484 2330 2550 2384 ad
2574 2332 2715 2401 quod
2753 2347 2877 2388 cum
2912 2346 3057 2390 esset
3092 2352 3220 2392 usus
3240 2352 3498 2410 opportu-

1932 2433 2036 2472 nus
2061 2417 2451 2486 funiculorum,
2483 2421 2647 2475 etiam
2694 2424 2874 2491 γόνος,
2924 2426 3079 2493 μίτος
3133 2427 3234 2483 hoc
3303 2431 3499 2486 instru-

1933 2519 2174 2563 mentum
2214 2510 2324 2564 dici
2364 2515 2568 2581 potuit;
2606 2529 2726 2582 quae
2761 2517 2926 2570 verba
2986 2515 3256 2588 “t’SyCiliO
3309 2522 3496 2578 funem

1931 2611 2128 2656 sonant
2158 2603 2636 2672 agrimensorium.
2672 2604 2841 2661 Porro
2873 2622 2995 2661 cum
3028 2606 3349 2681 Hesychius.
3403 2616 3497 2683 qui

1932 2701 2039 2743 tam
2078 2692 2243 2746 multa
2272 2694 2429 2747 nobis
2460 2694 2641 2763 ignota
2673 2706 3023 2752 monumenta
3056 2708 3235 2754 vetera
3262 2703 3495 2769 viderat,

1929 2784 2131 2838 alicubi
2166 2785 2303 2839 forte
2327 2788 2623 2855 repet-isset
2647 2787 2750 2842 hoc
2780 2788 3228 2856 instrumentum,
3264 2794 3497 2863 τρώμαν

1930 2876 2046 2931 sive
2078 2878 2342 2947 γράμμαν
2368 2879 2594 2942 dictum,
2621 2879 2844 2949 ποιότην
2877 2890 2969 2937 aut
2997 2884 3259 2953 ποιότητα.
3292 2892 3493 2951 vocari,

1930 2979 1985 3023 et
2022 2970 2126 3024 hoc
2157 2973 2298 3024 inter
2330 2971 2583 3025 nationes
2615 2972 2898 3028 abstrusas
2926 2974 3334 3040 vocabulorum,
3363 2994 3497 3048 qua-

1934 3062 2012 3117 les
2037 3065 2354 3116 innumeras
2390 3078 2559 3132 opere
2590 3062 2683 3117 illo
2717 3078 2819 3119 suo
2870 3066 3273 3136 complectitur,
3316 3073 3498 3140 expri-

257 3152 532 3207 Mauutius
562 3153 858 3207 editionem
887 3154 1155 3222 expressit
1178 3168 1356 3219 suam,
1388 3168 1550 3206 nemo
1583 3152 1896 3233 prudens'c
1934 3156 2188 3206 mendum
2214 3161 2481 3222 putasset,
2524 3153 2637 3207 lieri
2672 3153 2831 3210 facile
2864 3157 3047 3225 potuit
3096 3168 3151 3213 ut
3179 3175 3245 3214 ex
3275 3174 3341 3216 eo
3397 3163 3499 3218 Pa-o

259 3244 615 3299 dubitaverit.
642 3241 903 3311 SuSpicor
934 3243 1116 3310 itaque
1141 3241 1529 3314 Pacbymerem
1576 3242 1630 3295 in
1662 3242 1828 3296 verbo

260 3337 485 3405 ποιότης
519 3336 663 3406 apud
701 3335 1030 3405 Hesychiqu
1059 3334 1217 3403 longe
1241 3333 1384 3388 aliud
1418 3334 1618 3405 legisse
1665 3349 1827 3404 quam

259 3430 365 3484 hoc
387 3429 463 3484 ibi
493 3430 654 3483 hodie
680 3443 947 3498 apparens
976 3427 1176 3481 nullius
1204 3426 1362 3496 pretii
1387 3444 1400 3479 :
1436 3427 1661 3496 [Ισιότης
1688 3426 1832 3498 χρῶ-

259 3538 339 3591 μα
369 3521 530 3590 ἡδονὴ
573 3520 742 3581 νότος.
777 3519 915 3585 Quid
943 3533 1126 3588 quaeso
1168 3518 1340 3584 νότος,
1378 3519 1505 3588 quid
1540 3518 1701 3589 ἡδονή
1761 3519 1830 3573 ad

259 3610 568 3691 τξοιότηταῖ
599 3609 738 3675 Quid
774 3610 905 3665 illud
948 3611 1128 3679 ipsum
1168 3609 1405 3680 χρῶμαΐ
1441 3625 1603 3678 quam
1654 3609 1831 3678 inopi.

257 3714 451 3758 natum
483 3712 563 3766 et,
589 3715 646 3757 ut
675 3705 843 3758 bbere
889 3704 1089 3768 dicam,
1125 3703 1584 3772 enpooaswm?
1639 3718 1700 3756 ac
1733 3718 1830 3772 pra

258 3799 369 3851 illis
418 3796 638 3863 quidem
679 3795 841 3864 ἡδονὴ
872 3796 1022 3857 νότος
1048 3798 1425 3865 reponendum
1474 3797 1736 3864 putarim,
1763 3814 1828 3851 ex

257 3891 330 3944 iis
352 3904 472 3957 qua-
496 3889 564 3941 ad
591 3888 809 3941 verbum
838 3889 1140 3953 γονικεύειν
1164 3887 1441 3951 adnotavi,
1474 3888 1506 3957 ἤ
1538 3889 1711 3956 γόνος,
1743 3889 1832 3958 μί-

254 4000 368 4042 τος.
404 3980 559 4044 Quod
597 3995 741 4031 nunc
768 3979 987 4043 attinet,
1038 3978 1238 4049 γρώμα
1267 3995 1365 4049 pro
1390 3980 1588 4049 χρῶμα
1635 3981 1690 4033 in
1720 3980 1830 4035 lie-

256 4092 308 4145 δ)
324 4075 452 4128 Lbio
486 4071 909 4142 l‘achymeriano
925 4071 1174 4139 suspicor
1192 4075 1456 4139 scriptum
1487 4072 1828 4140 apparuisse.

257 4165 455 4220 Croma
478 4180 576 4218 vox
608 4172 769 4219 estex
798 4177 903 4232 qua
932 4162 1022 4231 qui
1044 4178 1293 4233 agrorum
1313 4163 1708 4216 metiendorum
1741 4179 1833 4217 ra-

258 4258 466 4311 tionem
492 4254 784 4319 tradidere,
812 4257 866 4308 in
908 4270 1076 4307 unum
1105 4254 1323 4309 collecti
1364 4268 1585 4323 corpus,
1617 4269 1831 4323 groma-

260 4348 354 4403 tici
391 4348 709 4415 scriptores,
770 4361 972 4400 nomen
1028 4345 1378 4401 invenerunt.
1433 4346 1532 4401 Est
1586 4346 1731 4402 enim
1776 4345 1829 4400 id

259 4438 615 4494 instrumenti
644 4438 964 4492 vocabulum
1008 4439 1108 4492 ista
1152 4439 1207 4492 in
1256 4449 1375 4493 arte
1404 4438 1689 4510 praecipui.
1723 4453 1831 4508 quo

1931 3248 2239 3317 chymeres,
2294 3253 2542 3315 captator
2607 3246 2838 3315 cupidus
2906 3250 3196 3305 verborum
3250 3252 3497 3310 inusitati

1931 3338 2286 3408 signiﬁcatus,
2357 3338 2643 3409 ποιότητος
2698 3340 3021 3396 vocabulum
3083 3343 3186 3399 hoc
3219 3344 3341 3401 loco
3399 3362 3497 3417 pro

1932 3431 2112 3501 regula
2145 3431 2408 3500 posuerit.
2444 3430 2714 3486 Hactenus
2754 3432 2957 3501 scripta
2991 3450 3115 3489 eum
3147 3438 3497 3494 ostenderem

1933 3523 2305 3579 illustrissimo
2342 3522 2403 3576 Ι).
2455 3524 2640 3578 abbati
2667 3523 2893 3580 Octavio
2949 3526 3291 3595 Falcouerio,
3326 3532 3499 3600 ipsius

1930 3613 2365 3669 ealimatissimo
2396 3613 2606 3682 judicio
2638 3614 2961 3684 subjiciens,
3006 3628 3273 3687 suggesszl
3303 3620 3393 3676 ille
3423 3626 3499 3675 vi-

1931 3705 2044 3757 deri
2082 3719 2239 3772 posse
2264 3706 2549 3772 antiquum
2583 3703 2874 3759 Etruscum
2918 3708 3241 3762 vocabulum
3262 3710 3407 3778 piata
3465 3727 3499 3766 e

1930 3794 2120 3850 (ira-co
2172 3798 2394 3865 ποιότης
2433 3794 2698 3865 expositae
2745 3796 2832 3851 hic
2866 3798 3107 3853 notionis
3135 3811 3337 3864 ortum,
3375 3818 3500 3871 pro-

1932 3887 2300 3940 miscuotunc
2364 3902 2464 3939 usu
2519 3887 2761 3955 gentium
2820 3890 3125 3954 auibarum,
3179 3901 3235 3944 et
3292 3891 3499 3949 Latinis

1931 3979 2045 4031 sive
2071 3977 2222 4031 Italis
2260 3977 2543 4045 peruiultis
2592 3977 3074 4047 Constantinopoli
3130 3989 3186 4034 et
3216 3980 3273 4034 in
3311 3982 3499 4036 multis

1929 4071 2053 4125 aliis
2080 4068 2371 4124 Orientalis
2415 4069 2629 4138 imperii
2662 4070 2857 4123 insulis
2897 4078 2953 4123 et
2982 4071 3115 4125 locis
3147 4073 3501 4140 peregrinan-

1933 4162 2079 4215 tibus
2116 4169 2211 4215 aut
2240 4160 2584 4230 degentibus,
2613 4169 2669 4213 et
2711 4160 2950 4215 vicissim
2984 4176 3094 4216 non
3133 4164 3324 4231 paucis
3352 4162 3499 4218 Crte-

1931 4257 2014 4310 cis
2062 4253 2212 4310 Pisas
2264 4262 2428 4321 atque
2478 4252 2749 4307 Etruriam
2806 4253 3127 4321 visentibus,
3177 4255 3326 4308 varia
3353 4271 3501 4310 com-

1931 4348 2256 4404 merciorum
2284 4346 2425 4403 vice.
2468 4346 2697 4400 Constat
2727 4360 2858 4400 sane
2907 4347 3049 4416 apud
3111 4345 3339 4402 Dantem
3389 4347 3501 4402 Ali-

1930 4439 2206 4510 gherium,
2254 4438 2540 4505 antiquum
2595 4445 2651 4491 et
2718 4436 2939 4490 maximi
3005 4436 3244 4491 nominis
3284 4446 3498 4507 poetam

258 4534 327 4586 ad
357 4532 672 4602 dirigendas
701 4529 934 4584 limitum
965 4528 1135 4583 lineas
1159 4529 1213 4582 in
1254 4538 1518 4584 terrarum
1540 4530 1829 4600 partitione
1861 4524 1907 4582 ι)
1938 4528 2237 4593 Thuscum,
2271 4540 2457 4582 vocem
2474 4526 2620 4594 piata
2647 4540 2747 4595 pro
2762 4525 2899 4595 pede
2921 4525 3190 4597 usurpari.
3212 4528 3342 4582 Vide
3380 4527 3499 4599 ejus

258 4631 355 4676 aut
410 4621 752 4675 dimensione
790 4622 1105 4675 utebantur.
1134 4615 1329 4673 Croma
1364 4621 1478 4674 sive
1510 4636 1719 4691 gruma,
1772 4630 1831 4675 ut

263 4716 428 4783 vulgo
476 4712 771 4781 explicant,
814 4727 1057 4764 mensura
1119 4715 1361 4781 qua’dam
1404 4724 1477 4766 est
1518 4729 1622 4781 qua
1679 4715 1831 4783 ﬂexis

262 4822 363 4862 me
394 4808 463 4859 ad
517 4805 708 4858 lineam
735 4804 1222 4877 dirigunturhaut,
1290 4814 1348 4857 ut
1386 4804 1592 4859 Nonius
1643 4805 1829 4873 habet,

260 4901 380 4953 loca
442 4897 611 4951 media
649 4899 703 4949 in
746 4912 861 4966 qua:
905 4896 1116 4957 directa:
1175 4906 1401 4964 quatuor
1453 4905 1833 4964 congregantur

259 4996 381 5056 υἰε,
419 4993 560 5059 quod
592 4992 849 5042 nimirum
880 5004 931 5042 in
966 4987 1054 5041 illo
1083 4996 1272 5041 centro
1306 4987 1481 5056 campi
1513 4986 1830 5055 dimetiendi

255 5096 666 5151 agruneusores
688 5096 907 5151 grutnvs
934 5096 1063 5133 suas
1103 5083 1469 5140 intenderent,
1492 5090 1545 5131 et
1572 5078 1639 5130 iis
1660 5076 1831 5146 adjuti

261 5184 346 5230 τοι
385 5175 560 5228 lineas
595 5176 692 5242 ipsi
730 5173 891 5241 primi
923 5180 1098 5225 rectas
1120 5170 1467 5240 designarent
1492 5169 1572 5223 vel
1603 5169 1834 5224 curvita-

259 5279 436 5321 t..tem
474 5267 625 5335 prius
676 5264 1076 5333 descriptarum
1127 5263 1529 5332 deprehensam
1588 5264 1831 5331 corrige-

258 5372 410 5416 rent.
438 5360 670 5414 istorum
709 5358 851 5411 hanc
885 5357 1155 5409 actionem
1181 5355 1445 5423 expressit
1472 5353 1678 5410 Ennius
1707 5370 1832 5423 cum

257 5470 509 5528 grumam
567 5452 788 5521 dirigere
846 5450 1086 5519 scripsit.
1139 5446 1198 5500 In
1234 5447 1525 5501 Glossariis
1562 5448 1833 5501 veteribus

256 5525 330 5601 ab
358 5545 594 5599 Henrico
610 5543 887 5613 Stephano
912 5549 968 5594 ct
995 5539 1370 5603 Bonavenlura
1395 5525 1650 5592 Vulcaniii
1673 5538 1834 5593 editis

258 5642 463 5710 legitur
480 5654 668 5708 gruma
704 5635 959 5704 γνώμων.
996 5633 1149 5688 Unde
1184 5632 1657 5701 verbumgrumat,
1690 5631 1831 5700 quod

261 5735 335 5788 ibt
379 5734 681 5800 eXplicatur
712 5744 808 5799 per
837 5726 927 5781 illa
974 5723 1160 5780 Graeca
1192 5729 1398 5795 μετρεῖ,
1433 5726 1620 5789 eam.
1668 5723 1835 5778 Paulo

262 5832 390 5893 post
418 5820 724 5890 ibiponitur
749 5818 987 5890 grumari
1018 5819 1391 5887 κατεικρέψλι
1426 5819 1688 5890 Ampium,
1725 5835 1821 5887 pro

760 6048 790 6064 κ

1934 4620 2209 4691 lufernum
2231 4620 2335 4673 sub
2357 4619 2517 4673 linem
2547 4626 2743 4673 cantus
2767 4634 2880 4673 xix.
2910 4619 3169 4675 Vocabuli
3204 4630 3384 4675 autem
3413 4638 3501 4690 prs

1932 4725 1989 4769 et
2018 4710 2545 4781 tequivalentiumin‘
2587 4712 2800 4765 cunctis
2848 4711 3047 4780 linguis
3098 4728 3229 4765 usus
3271 4724 3351 4767 est
3396 4713 3502 4765 fre-

1931 4804 2328 4876 quentissimus
2378 4803 2446 4857 ad
2515 4803 2929 4872 signilieaudam
2990 4817 3301 4858 mensuram
3384 4806 3500 4858 sive

1934 4896 2362 4952 instrumentum
2410 4898 2691 4951 metiendi.
2737 4894 2891 4951 Unde
2952 4895 3039 4951 ille
3088 4897 3246 4950 tritus
3294 4894 3500 4950 “Ofillli

1936 5005 2129 5059 versus
2162 5006 2176 5042 :

1971 5082 2154 5135 Metiri
2182 5098 2237 5136 se
2262 5099 2515 5153 quemque
2543 5097 2638 5133 suo
2673 5078 2882 5132 modulo
2908 5094 2970 5131 ac
2997 5078 3128 5147 pede
3157 5095 3331 5133 verum
3367 5090 3461 5133 est.

1935 5174 2192 5242 Ejusdem
2252 5174 2468 5247 generis
2528 5184 2583 5227 et
2637 5172 2873 5226 nominis
2926 5181 3083 5226 erant
3138 5171 3501 5226 instrumenta

1935 5273 2115 5335 plures
2144 5266 2305 5321 simul
2337 5268 2505 5336 pedes
2535 5263 2895 5327 dimetientia,
2949 5262 3014 5335 [Ρ
3046 5261 3174 5333 412]
3219 5278 3338 5332 qua:
3402 5281 3501 5332 pro

1938 5360 2149 5412 ratione
2184 5361 2419 5420 numeri,
2461 5365 2674 5409 retento
2715 5355 2871 5424 pedis
2899 5354 3139 5416 nomine,
3202 5355 3501 5425 distingui:-

1937 5454 2173 5505 bautur..
2205 5450 2281 5503 Ex
2317 5449 2401 5503 his
2435 5460 2552 5501 erat
2620 5447 2955 5515 decempeda
2994 5445 3339 5500 dimetiendis
3390 5434 3505 5500 tisi-

1938 5554 2047 5599 tata
2082 5542 2380 5614 porticibus
2401 5557 2462 5595 ex
2492 5541 2714 5592 Horatio
2745 5540 2933 5592 eodem
2971 5555 2983 5589 :
3176 5525 3185 5534 ’

2294 5674 2459 5729 Nulla
2495 5675 2817 5742 decempedis

2228 5748 2425 5799 .lletatu
2469 5747 2685 5812 privatis
2714 5759 2936 5811 opacam

2223 5817 2465 5871 Porticus
2514 5816 2799 5881 (κιτπρὶιϋίεε
2837 5825 3050 5866 ,ιι-ιιυιι.
