3992 6542
561 380 700 444 1039

1478 383 1539 445 P.
1584 386 1882 447 POSSINI
1928 385 2580 447 OBSERVATIONUM
2627 387 2769 448 LIB.
2809 387 2852 448 Ι.

3639 393 3749 456 Ῑοῦθ

555 496 721 569 596
757 497 916 563 Nam,
949 508 1006 552 ut
1036 513 1198 567 supra
1251 498 1508 560 vidimus,
1538 499 1848 552 architectis
1909 507 1959 549 et
1992 497 2133 565 agri-
2165 503 2205 558 Α
2238 497 2320 550 vir
2347 495 2688 552 Theodosius
2724 505 2966 557 vocatur,
3025 497 3100 551 uti
3134 505 3262 551 etc.
3298 496 3386 564 23,
3425 498 3457 552 Ι.
3491 515 3544 553 ιι.
3573 500 3638 554 Ex
3687 506 3753 558 his

560 590 908 644 tttettsoribus
966 590 1282 644 communia
1341 599 1500 644 erant
1559 589 1871 659 hujusmodi
1922 588 2122 643 instru-

559 691 741 735 menta
777 697 1176 736 tttcnserarum.
1224 682 1359 746 Quia
1415 696 1576 752 porro
1618 681 1938 750 plerumque
1969 680 2027 734 [lt
2073 689 2130 733 ut

558 785 830 825 mensurae
864 787 1065 826 nomen
1101 774 1178 826 rei
1215 783 1542 828 mensuram
1573 774 1864 836 tribuatur,
1897 783 1951 828 et
1981 773 2129 827 diea-

557 871 648 916 tttr
694 863 927 932 exempli
986 864 1156 934 gratia
1209 881 1300 934 per
1359 875 1534 930 terrm,
1588 865 1800 934 palmus
1843 865 1956 919 sive
2001 865 2127 918 ulna

555 955 743 1023 panni,
783 965 915 1020 etc.,
952 956 1022 1010 ita
1059 956 1308 1010 videmus
1335 957 1576 1011 ltalicuut
1609 956 1930 1013 vocabulum
1986 973 2018 1022 ρ
2042 968 2128 1010 ora

559 1057 715 1100 terrae
753 1049 1029 1102 interdum
1069 1049 1258 1113 tribui,
1296 1049 1438 1106 forte
1472 1067 1537 1105 ex
1585 1051 1928 1105 dimensione
1986 1052 2129 1119 agri-

561 1141 839 1194 mensoria
892 1143 1052 1210 cujus
1115 1142 1542 1197 instrumentum
1596 1143 1740 1210 piata
1819 1152 2126 1198 vocari-tur.

557 1231 744 1296 Picta,
773 1233 931 1287 aiunt
960 1243 1215 1287 auctores
1249 1233 1647 1286 accuratissimi
1677 1231 1858 1286 Lexici
1891 1231 2126 1295 Etrusci,

554 1326 786 1378 diciamo
819 1325 869 1378 la
895 1325 1034 1378 zolla
1065 1326 1118 1379 di
1149 1335 1288 1378 terra
1339 1326 1430 1378 clte
1461 1324 1613 1378 abbia
1660 1340 1776 1378 seco
1832 1323 2012 1376 l‘crba.
2049 1323 2127 1378 Ad

554 1415 702 1482 quod
723 1416 894 1469 citant
917 1415 1096 1469 Pietro
1128 1413 1322 1468 Venari
1353 1416 1593 1466 Trattato
1613 1427 1688 1476 vr,
1722 1412 1775 1466 in
1798 1411 1912 1464 haec
1931 1411 2124 1463 verba:

561 1504 680 1558 Non
710 1521 938 1575 uengono
969 1522 1002 1558 a
1031 1515 1143 1557 star
1178 1503 1339 1558 molto
1393 1508 1512 1572 [κον
1539 1502 1680 1555 della
1735 1510 1874 1555 terra
1901 1516 1993 1568 per
2038 1516 2128 1553 ca-

553 1599 699 1650 uam“
722 1596 806 1649 del
833 1597 1127 1650 semenzaio
1158 1611 1254 1648 con
1304 1609 1445 1658 esea,
1485 1593 1594 1647 cioé
1623 1593 1677 1646 in
1701 1608 1807 1645 una
1845 1592 1988 1661 picta
2021 1601 2123 1646 etc.

558 1687 713 1740 Picta
743 1685 1071 1758 ergoltalice
1089 1669 1231 1740 idem
1246 1685 1390 1755 quod
1413 1699 1527 1755 pes,
1549 1683 1694 1738 unde
1713 1693 1770 1738 et
1789 1683 2123 1737 instrumeno

555 1787 672 1831 tum
690 1777 834 1849 agris
852 1775 1142 1831 metiendi:
1173 1775 1380 1831 dictum
1407 1775 1486 1831 sic
1508 1773 1692 1839 fuerit,
1709 1783 1765 1829 et
1781 1788 1880 1828 vox
1902 1773 2122 1840 ποιότης

553 1868 757 1922 Graecis
812 1867 912 1922 avi
965 1867 1235 1938 sequioris
1303 1867 1493 1922 eadem
1548 1867 1772 1921 notione
1833 1874 2127 1933 usurpata,
2165 1856 2203 1910 Β

554 1960 720 2016 istum
743 1975 900 2014 usum
930 1958 1201 2031 Hesychio
1221 1968 1447 2013 notante
1469 1967 1525 2012 et
1557 1957 1886 2029 Pachymere
1919 1957 2124 2011 exscri-

553 2050 740 2116 bente,
776 2059 937 2119 prout
981 2050 1248 2105 hactenus
1301 2049 1558 2116 diximus,
1604 2063 1713 2102 non
1770 2048 2122 2111 atlirmantes,

557 2143 653 2198 sed
685 2129 993 2211 qttarentes
1021 2125 1077 2196 et
1104 2141 1259 2212 quasi
1303 2143 1572 2196 micantes
1591 2139 1645 2193 in
1682 2137 1943 2195 tenebris.

624 2236 947 2305 Πράγματα
1005 2250 1059 2304 p.
1117 2233 1241 2288 με.
1297 2231 1406 2287 Hoc
1474 2232 1593 2286 loco
1661 2246 1763 2288 vox
1821 2230 2123 2301 πράγματα

552 2327 792 2382 similem
838 2327 1120 2380 notionem
1170 2325 1335 2379 habet
1389 2325 1510 2393 ejus
1551 2324 1619 2378 de
1673 2337 1777 2392 qua
1835 2323 2124 2378 adnotasse

552 2418 755 2488 aliquid
808 2415 1033 2471 memini
1102 2416 1328 2471 scholiis
1369 2417 1442 2469 ad
1502 2414 1762 2470 Catenam
1811 2412 2120 2468 Graecorum

553 2507 774 2561 Patrum
807 2509 864 2562 in
901 2506 1250 2578 Evangelium
1280 2503 1338 2562 S.
1372 2505 1561 2567 Marci,
1595 2505 1768 2571 brevi,
1791 2505 1898 2560 nisi
1929 2505 2124 2559 litterae

555 2603 856 2656 amicorum
884 2602 1100 2664 fallunt,
1131 2599 1354 2655 Parisiis
1384 2599 1673 2655 edendam.
1711 2597 1974 2663 Similem,
2039 2597 2124 2649 in-

555 2706 716 2756 quam
743 2708 756 2746 :
783 2706 892 2745 non
931 2691 1075 2745 enim
1133 2690 1422 2760 pecuniam
1481 2690 1773 2760 signatam,
1813 2687 1910 2743 sed
1943 2689 2121 2757 signa,

556 2798 702 2844 vasa,
743 2797 984 2852 gemmas
1013 2790 1067 2855 et
1099 2783 1222 2850 ejus
1249 2780 1462 2850 generis
1490 2780 1777 2849 pretiosam
1829 2788 1880 2830 ct
1917 2780 2126 2846 specio-

553 2889 668 2928 siitn
737 2872 1132 2942 supellectilem
1205 2871 1295 2926 hic
1363 2884 1430 2925 eo
1482 2870 1651 2924 verbo
1685 2869 1960 2941 designari
2023 2869 2124 2923 loci

551 2967 823 3021 sententia
855 2965 1042 3036 exigit.
1070 2963 1145 3018 De
1177 2979 1236 3019 re
1259 2965 1373 3034 ipsa
1407 2963 1495 3018 hic
1527 2962 1780 3027 indicata,
1815 2961 1916 3016 hoc
1944 2971 2028 3017 est
2059 2963 2126 3016 de

551 3060 704 3116 clade
731 3059 924 3116 lsaacii
954 3059 1203 3131 Augusti,
1239 3059 1396 3129 cuius
1429 3057 1718 3112 occasione
1746 3057 1847 3112 ista
1875 3058 2126 3110 venerint

552 3154 606 3206 in
637 3162 962 3222 potestatem
989 3151 1366 3222 Bulgarorum,
1390 3149 1636 3204 dicemus
1667 3149 1720 3202 in
1744 3151 1888 3202 notis
1908 3150 1972 3201 atl
1996 3164 2119 3202 eunt

2238 591 2504 645 habemus
2535 591 2605 644 ita
2640 589 2811 643 fuisse
2843 589 3120 658 peculiare
3157 588 3417 658 Principia
3466 605 3647 646 nomen
3677 601 3751 665 dy-

2232 683 2407 737 nastis
2439 683 2823 752 Peloponnesi,
2859 691 2918 735 ut
2953 696 3050 750 pro
3079 683 3341 736 vocabulo
3368 681 3574 736 familiae
3603 686 3751 738 adnas-

2235 780 2379 825 reret
2409 771 2716 842 singulisex
2761 786 2821 825 ea
2872 770 3035 825 domo
3083 771 3375 841 prognatis,
3423 786 3518 826 usu
3543 773 3752 831 videlicet

2231 865 2564 928 Graecorum,
2594 877 2780 918 verum
2802 872 2857 917 et
2884 862 3083 931 gentile
3107 878 3299 916 nomen
3329 863 3472 917 illius
3487 865 3729 932 stirpisori

2233 954 2362 1025 giue
2387 953 2667 1007 Francicm
2698 955 2858 1019 vulgo
2890 967 3052 1006 nosse
3079 952 3261 1005 minus
3284 953 3752 1023 curantium,quan-

2229 1061 2390 1115 quam
2423 1046 2555 1099 illttd
2586 1045 2865 1099 doctiores
2895 1059 3004 1098 non
3036 1045 3335 1099 nescirent.
3369 1043 3502 1098 Nam
3534 1045 3751 1114 Georgius

2229 1135 2554 1204 Acropolita,
2599 1133 2845 1188 Historirv
2890 1149 3002 1188 suae
3049 1148 3097 1187 c.
3133 1133 3222 1196 ιε,
3288 1133 3505 1188 Achaia:
3545 1145 3592 1189 et
3630 1134 3750 1191 Pelo-

2229 1227 2458 1298 ponnesi
2501 1227 2797 1296 principem
2827 1225 3142 1296 Βιλαρδουῖν
3200 1224 3576 1279 Villarditiuem
3612 1233 3749 1281 nonn-

2229 1327 2417 1370 natum
2445 1316 2565 1370 dOCt
2587 1329 2624 1369 t.
2657 1316 2925 1386 Gregoras
2949 1331 3079 1370 vero
3113 1321 3147 1369 Ι.
3175 1332 3273 1376 vn.
3321 1333 3374 1384 p.
3421 1315 3537 1378 109,
3572 1319 3745 1372 titulum

2228 1407 2499 1479 Principis
2541 1407 2922 1479 Peloponneso
2959 1409 3409 1478 imperitantibus
3437 1411 3668 1464 tributum
3693 1424 3750 1466 a'.t

2225 1503 2333 1574 iam
2361 1518 2390 1556 a
2410 1512 2651 1574 tempore
2681 1504 3022 1558 Constantini
3047 1503 3244 1576 Magni.
3270 1504 3346 1558 uti
3377 1515 3432 1558 et
3459 1504 3746 1561 Athenarum

2227 1595 2470 1667 dynastze
2504 1610 2699 1650 nomen
2734 1597 2916 1666 magni
2949 1596 3106 1650 ducis
3136 1608 3192 1649 et
3222 1595 3534 1649 Thebarum
3555 1595 3742 1652 Baetis.

2228 1705 2348 1742 rum
2381 1687 2604 1742 domino
2641 1687 3062 1758 appellationem
3089 1687 3270 1758 magni
3304 1687 3594 1756 primiceiii
3617 1691 3749 1758 μεγά-

2228 1781 2324 1835 Ἁου
2353 1784 2744 1854 πριμικηρίου,
2775 1799 2894 1852 qum
2943 1791 3133 1853 postea
3178 1799 3280 1838 usu
3308 1782 3451 1854 vulgi
3472 1782 3522 1836 in
3556 1786 3748 1853 μεγάλου

2233 1876 2425 1943 κυρίου
2486 1875 2954 1944 nuncupationem
3004 1875 3460 1945 degeneraverit;
3526 1871 3746 1929 obtinenti

2227 1963 2461 2034 denique
2489 1963 2732 2018 Siciliam
2761 1966 2903 2032 regis
2937 1979 3158 2017 nomen.
3197 1963 3468 2027 Ridicule,
3495 1965 3639 2032 quasi
3662 1965 3748 2032 jam

2229 2066 2342 2110 tum
2367 2067 2525 2112 aetate
2556 2055 2900 2111 Constantini
2933 2054 3108 2126 Magni
3148 2054 3360 2117 Sicilia,
3383 2053 3594 2119 Thebe,
3620 2053 3749 2108 Atla-

2227 2165 2332 2212 nte,
2355 2149 2768 2219 Peloponnesus
2787 2147 2974 2201 avulsa
3009 2162 3037 2201 a
3062 2162 3292 2217 corpore
3319 2138 3556 2200 Romani
3577 2146 3747 2216 imperii

2227 2241 2470 2313 dynastis
2502 2228 2741 2311 'propriis
2776 2239 3090 2302 subessent,
3120 2255 3229 2294 non
3264 2237 3431 2293 modo
3459 2238 3508 2291 id
3531 2237 3748 2292 tolerante

2228 2349 2382 2388 nova:
2417 2333 2605 2386 Romae
2634 2332 2938 2396 conditore,
2980 2331 3074 2386 sed
3111 2331 3300 2398 etiam,
3356 2329 3403 2384 si
3437 2329 3632 2396 superis
3661 2332 3748 2397 pla-

2225 2432 2330 2487 cet,
2369 2425 2504 2477 istos
2536 2422 2754 2494 regulos
2791 2423 2985 2492 amplis
3038 2421 3314 2475 honorare
3341 2419 3749 2490 appellationibus

2225 2526 2479 2570 Curante.
2541 2514 2772 2568 Porrol.
2838 2530 2917 2579 tn,
2950 2530 2998 2567 c.
3060 2512 3147 2578 16,
3201 2513 3343 2566 hanc
3394 2526 3575 2565 vocem
3627 2511 3748 2563 aliter

2226 2605 2589 2678 Pachynteres
2629 2607 2817 2660 scribit
2866 2607 2921 2660 in
2980 2604 3064 2660 his
3101 2605 3284 2658 verbis
3326 2623 3340 2657 :
3387 2602 3748 2672 Καθημερινοὺς

2227 2700 2498 2769 πολέμους
2541 2700 2673 2770 πρὸς
2721 2699 2812 2751 τὸν
2860 2697 3130 2767 Πρίντζην
3180 2697 3368 2764 ἐξῆγε.
3440 2696 3677 2764 Loquitur
3697 2698 3747 2746 de

2227 2795 2667 2847 schastocrature
2707 2791 2874 2844 fratre
2909 2791 3255 2862 imperatoris
3289 2791 3440 2844 circa
3487 2788 3748 2841 Monemha-

2228 2885 2361 2939 siam
2387 2883 2722 2954 quotidianis
2754 2881 3169 2938 velitationibus
3226 2881 3496 2936 adversus
3529 2879 3747 2947 Pelopmi~

2230 2976 2507 3032 ncsil’rinu
2530 2978 2670 3046 ipcm
2704 2977 3050 3040 decernente,
3097 2991 3256 3046 quem
3291 2974 3562 3045 Πρῐντζην
3601 2971 3748 3026 Ρτξιιιη

2228 3087 2348 3124 zt'm
2391 3081 2566 3133 vocat,
2603 3070 2866 3124 vocabulo
2898 3069 3121 3138 propius
3159 3070 3459 3122 accedente
3497 3067 3559 3120 ad
3597 3079 3745 3118 vocem

2216 3148 2544 3218 Francicam
2582 3162 2792 3226 l’rincc,
2825 3177 2929 3231 qua
2968 3161 3211 3215 Francici
3240 3171 3375 3215 tunc
3403 3159 3584 3214 incola:
3622 3155 3746 3209 Pelo-

549 3245 749 3299 loeum.
783 3241 887 3298 Pro
918 3258 1050 3298 voce
1079 3242 1344 3296 κάλλιστα
1395 3242 1450 3296 in
1499 3241 1619 3295 cod.
1653 3240 1953 3295 Barberino
1978 3241 2120 3310 lcge-
2151 3228 2191 3281 ο
2229 3253 2454 3324 ροηιιοεί
2483 3252 2762 3322 proprium
2788 3253 3068 3306 dominum
3104 3251 3485 3322 intligitabant.

553 3337 712 3390 batur
733 3337 992 3406 μάλιστα,
1029 3336 1122 3389 sed
1147 3344 1203 3388 et
1235 3333 1288 3387 in
1326 3333 1574 3404 ejusdem
1609 3340 1705 3387 ora
1735 3333 1943 3388 codicis
1993 3333 2122 3386 κάλ-

547 3428 707 3482 λιστα
737 3439 994 3498 tanquam
1024 3425 1209 3480 verior
1260 3425 1421 3479 lectio
1467 3424 2118 3495 agnoscebaturzctcunt

553 3537 676 3575 eam
704 3521 874 3574 solam
927 3519 1171 3590 optimus
1233 3527 1287 3572 et
1319 3518 1432 3588 ipse
1487 3518 1655 3571 codex
1707 3517 2015 3570 Allatianus
2064 3517 2116 3568 in

549 3624 866 3669 contextum
901 3613 1189 3682 reciperet,
1215 3627 1320 3665 nou
1354 3610 1594 3666 dubitavi
1619 3611 1752 3680 quin
1782 3609 2116 3681 pmferenda

549 3714 711 3758 esset.
746 3705 1041 3758 Vaticanus
1069 3703 1227 3758 solita
1253 3701 1546 3757 securitate
1576 3709 1864 3770 utramque
1891 3701 2112 3753 omittit.

548 3798 820 3850 Convenit
860 3806 1043 3849 autem
1075 3795 1395 3865 adjunctum
1427 3793 1691 3846 κάλλιστα.
1731 3792 1864 3845 satis
1895 3802 2017 3862 apte
2049 3794 2116 3845 ad

549 3889 960 3959 signiﬁcandam
1018 3892 1252 3957 speciem
1286 3888 1551 3957 insignem
1611 3901 1847 3950 coronie,
1893 3884 2114 3953 sceptri,

551 3997 806 4035 vasorum
830 3989 1163 4050 {aureorunn
1203 3978 1500 4048 torquium,
1537 3977 1842 4041 monilium,
1879 3992 2118 4048 gemma-

551 4089 672 4129 rum
700 4077 1044 4135 vestiumuue
1073 4072 1564 4142 imperatoriamtn,
1593 4087 1716 4140 qua
1741 4072 1843 4125 hoc
1873 4072 1996 4124 loco
2020 4070 2118 4123 de-

553 4167 844 4238 signantur
901 4167 1066 4220 vetbo
1104 4166 1467 4235 πραγμάτων.
1519 4165 1656 4219 Galli
1712 4165 1876 4220 hodie
1911 4179 2013 4217 usu
2041 4163 2114 4216 si-

548 4261 663 4314 mili
697 4268 894 4314 vocant
942 4259 1081 4329 eﬂ'eta
1106 4273 1193 4312 res
1227 4257 1402 4326 pretio
1435 4259 1752 4321 azstitnatas,
1813 4265 1973 4328 prout
2001 4256 2116 4310 dis-

551 4353 876 4420 tinguuntur
913 4366 940 4402 a
982 4349 1157 4418 pretio
1193 4347 1312 4416 ipso
1332 4357 1386 4401 et
1409 4329 1668 4401 nummis.

621 4441 686 4512 [Ρ
712 4440 842 4511 415]
897 4441 1160 4508 "pirate?
1211 4438 1312 4491 καὶ
1361 4438 1667 4506 Πρίντζης,
1733 4454 1787 4508 p.
1843 4435 1967 4492 ωε.
2031 4437 2119 4490 Ait

2292 3346 2632 3412 Προὸολεύς
2669 3361 2724 3414 p.
2753 3344 2876 3399 482.
2913 3344 3102 3398 Merito
3137 3343 3234 3398 hic
3265 3343 3474 3398 Veccus
3500 3341 3555 3394 τὸ
3587 3337 3743 3407 προδο-

2219 3440 2346 3500 λεὺς
2379 3455 2456 3499 et;
2486 3439 2544 3489 τὺ
2577 3438 2747 3498 αἴτιος
2802 3436 3234 3506 μετα).αμ65ινει,
3303 3435 3410 3487 ltoc
3465 3443 3560 3498 est,
3601 3433 3744 3484 inesse

2223 3531 2490 3584 vocabulo
2557 3526 2857 3598 προευλεύε
2935 3527 3040 3580 vim
3103 3534 3494 3592 notionemque
3539 3518 3742 3590 principii

2220 3619 2380 3674 activi
2413 3634 2476 3673 ac
2507 3634 2686 3673 cauiac
2713 3611 3096 3673 contendebat.
3161 3615 3252 3669 Sic
3279 3613 3432 3670 enim
3457 3612 3604 3682 plane
3626 3621 3741 3662 rami
3839 3681 3842 3696 ί

2219 3711 2344 3764 dum
2386 3725 2570 3764 vocem
2593 3707 2860 3762 intellexit
2902 3717 2957 3762 et
2993 3705 3280 3776 usurpavit
3335 3705 3616 3775 Gregorius
3663 3698 3743 3751 Na-

2221 3807 2538 3865 zianzenus,
2567 3799 2827 3856 Oratione
2877 3801 2946 3856 de
2980 3798 3134 3862 Filio,
3164 3801 3218 3853 in
3283 3798 3371 3854 his
3421 3797 3589 3854 verbis
3617 3813 3629 3850 :
3661 3794 3740 3847 Kal

2220 3894 2376 3947 τοῦτό
2417 3895 2566 3948 ἐστιν
2612 3895 2744 3962 ἡμτν
2774 3893 2802 3945 6
2834 3893 3026 3961 Πατὴρ
3062 3891 3158 3944 καὶ
3183 3892 3211 3944 6
3259 3891 3393 3953 Υἱὸς
3425 3892 3515 3944 καὶ
3543 3888 3596 3941 τὸ
3619 3887 3740 3952 ἅγιον

2221 3986 2468 4058 Πνεῦμα,
2507 3986 2535 4039 6
2560 3986 2658 4056 μὲν
2696 3985 2978 4054 (nimirum
3014 3983 3199 4051 Pater)
3236 3984 3511 4054 γεννήτωρ
3532 3980 3616 4032 καὶ
3640 3992 3742 4046 προ-

2218 4079 2403 4142 εολεὺς
2435 4078 2599 4146 (λέγω
2628 4077 2680 4130 δὲ
2723 4075 2947 4137 ἀπαθῶς
3006 4075 3101 4129 καὶ
3132 4075 3380 4145 ἀχρόνως
3433 4073 3523 4127 καὶ
3554 4069 3740 4135 dempti-

2216 4177 2368 4242 τως),
2405 4171 2511 4225 τῶν
2540 4170 2596 4224 δὲ
2633 4173 2705 4238 (et
2759 4169 2878 4222 Filii
2914 4175 2970 4223 et
3030 4166 3267 4237 Spiritus
3316 4164 3512 4232 sancti)
3568 4161 3622 4214 τὸ
3666 4159 3741 4228 μὲν

2218 4264 2462 4331 γέννημα
2483 4303 2497 4326 ν
2523 4261 2584 4313 τδ
2617 4260 2674 4312 δὲ
2711 4258 3018 4330 πράὸλημα.
3052 4256 3152 4312 U'bi
3193 4255 3340 4311 Clare
3387 4253 3539 4308 Pater
3585 4249 3741 4318 γεννή-

2217 4372 2332 4427 τωρ
2364 4355 2485 4409 Filii
2522 4352 2734 4418 aeterni,
2771 4349 3076 4423 προϐολεύς
3116 4358 3298 4403 autem
3332 4345 3504 4403 sancti
3551 4342 3740 4414 Spiritus

2219 4449 2442 4513 dicitur,
2469 4446 2712 4502 vicissim
2743 4455 2925 4500 autem
2956 4444 3125 4498 Filius
3160 4443 3336 4496 Patris
3367 4442 3616 4508 γέννημα,
3643 4433 3739 4502 Spi-

551 4535 787 4604 plurium
817 4535 1092 4604 sullragiis
1123 4532 1456 4588 destinatum
1538 4530 1929 4602 patriarchatui
1970 4529 2117 4584 Gon-
2151 4554 2193 4608 ι)
2224 4542 2362 4594 riuis
2389 4550 2570 4593 autem
2607 4546 2829 4592 sanctus
2854 4535 3101 4606 ejusdem
3138 4534 3450 4605 πρόσλημα.
3480 4529 3552 4584 Ex
3579 4525 3740 4597 quibus

548 4626 1035 4696 stantinOpolitauo
1067 4625 1235 4680 fuisse
1273 4625 1600 4680 monachum
1636 4626 1856 4677 nomine
1908 4621 2117 4674 Princi-

549 4734 673 4788 pem
703 4734 771 4772 ex
826 4719 1027 4771 familia
1057 4717 1369 4786 Principum
1425 4715 1809 4786 Peloponnesi.
1869 4715 1994 4784 Agit
2048 4714 2116 4766 de

547 4813 738 4868 eodem
769 4812 802 4865 l.
844 4827 921 4872 ttt.
953 4827 1002 4866 e.
1035 4810 1089 4875 3,
1123 4809 1335 4873 Noster,
1365 4813 1491 4864 dum
1527 4810 1674 4864 hunc
1700 4809 1768 4862 ab
1796 4807 2120 4877 imperatore

551 4905 776 4958 missum
805 4905 879 4957 ait
906 4903 968 4957 ad
987 4904 1188 4957 Cbalat’t
1225 4903 1594 4958 Tocltarorum
1625 4899 1985 4957 Orientalium
2017 4901 2118 4972 dy-

548 5007 756 5048 nastaat
803 4995 1093 5048 deduxisse
1145 4995 1306 5047 tiliam
1354 4994 1576 5046 notliam
1612 4993 1959 5061 imperatoris
2016 4991 2116 5060 ipsi

542 5087 750 5143 Cltalau
780 5087 1137 5156 desponsam;
1167 5101 1286 5155 qua:
1305 5094 1487 5139 tamen
1511 5099 1636 5138 cum
1663 5099 1730 5137 eo
1757 5085 2114 5153 pervenisset,

546 5188 766 5249 reperto
800 5189 1012 5232 mortuo
1057 5177 1282 5242 Chal-au,
1348 5177 1466 5246 ejus
1531 5175 1642 5229 lilio
1700 5187 1755 5230 et
1813 5174 2117 5230 successori

544 5275 744 5340 Apaga:
774 5271 856 5324 vel
911 5269 1150 5340 Apagani
1208 5269 1474 5337 nupserit.
1536 5266 1710 5322 Verba
1765 5267 2118 5336 Paehymet-is

546 5373 674 5417 sunt
711 5380 724 5416 :
763 5363 852 5431 Τῷ
889 5363 988 5430 μὲν
1027 5359 1248 5414 Χαλαοῦ
1305 5361 1440 5428 μετὰ
1470 5359 1562 5411 τοῦ
1609 5359 1847 5428 μονοιχοῦ
1900 5361 1992 5411 καὶ
2043 5361 2118 5409 ie-

546 5455 685 5523 ρὲως
713 5455 1010 5523 ιΙρίγκιπος
1038 5450 1266 5515 ἐξεδίδου
1294 5450 1389 5518 τὴν
1419 5452 1483 5502 ὲκ
1505 5450 1599 5518 τῆς
1625 5449 2120 5516 Διπλοὸλτατςὶνης

544 5551 612 5598 ἐκ
643 5545 856 5608 νοθείας
902 5548 1064 5598 παῖδα
1088 5543 1327 5612 Μαρίαν·
1359 5545 1452 5596 καὶ
1483 5545 1511 5594 6
1543 5542 1786 5611 ιιρίγκιψ
1843 5542 2114 5610 ἀρχιμαν-

545 5639 736 5708 api-cn;
771 5638 847 5690 ὢν
888 5639 1008 5691 τότε
1042 5638 1139 5706 τῆς
1175 5637 1268 5690 τοῦ
1303 5628 1738 5704 πανίτοκρὰτορος
1775 5633 1964 5701 μονῆς,
2009 5643 2112 5697 etc,

546 5731 596 5785 Is
626 5742 808 5799 postea
858 5743 1075 5786 creatus
1122 5731 1499 5784 Antiocheuus
1534 5727 1842 5796 patriarcha
1907 5727 2108 5779 ibidem

543 5823 744 5877 dit‘ttur
771 5864 784 5880 .
846 5834 899 5874 et
941 5839 1027 5875 ινδ
1059 5831 1306 5875 narratur
1337 5819 1494 5879 59⁸7
1525 5820 1556 5871 Ι.
1603 5835 1677 5880 vt,
1711 5833 1760 5870 c.
1796 5816 1849 5880 5,
1904 5820 1990 5869 ubi
2034 5819 2118 5870 hic

2225 4641 2369 4699 patet
2405 4631 2630 4683 verbum
2657 4627 2980 4700 προϐάλλειν
2995 4641 3107 4680 non
3135 4638 3515 4695 quamcunque
3533 4616 3739 4676 emissio—

2223 4738 2346 4776 nem
2381 4720 2570 4774 l.atinc
2602 4721 2930 4791 signiﬁcare,
2964 4718 3059 4772 sed
3099 4731 3218 4771 eam
3265 4731 3388 4786 quin
3413 4715 3484 4768 sit
3515 4725 3625 4767 cum
3675 4707 3737 4760 in-

2223 4814 2367 4867 lluxu
2398 4813 2577 4866 activo
2603 4811 2928 4878 conjunCta;
2957 4809 3133 4879 qualis
3157 4817 3242 4863 est
3260 4807 3480 4862 emissio
3507 4814 3736 4858 ramorum

2223 4919 2290 4958 cx
2344 4903 2558 4957 vivente
2594 4911 2809 4956 trunco.
2846 4901 3100 4967 Qualium
3134 4900 3490 4956 emissionum
3511 4903 3588 4949 est
3613 4907 3737 4946 men-

2224 4997 2298 5048 tio
2324 4993 2482 5049 Cant.
2512 5010 2587 5058 tv,
2626 4994 2691 5048 l5
2725 5011 2738 5046 :
2768 4992 3083 5047 Emisaionea
3154 5002 3257 5046 tute
3315 4990 3590 5060 paradisus
3651 4999 3740 5036 tua-

2225 5088 2396 5140 lorum
2479 5085 2824 5140 Punicorum.
2900 5085 3078 5151 Quare
3142 5085 3274 5138 mihi
3367 5084 3572 5139 videtur
3633 5074 3739 5130 satis

2224 5182 2364 5234 bene
2414 5178 2747 5248 respondere
2805 5178 2994 5234 Graeco
3059 5175 3188 5232 huic
3237 5177 3400 5232 verbo
3463 5168 3739 5242 προσάλλειν

2221 5269 2476 5323 Latinum
2497 5270 2802 5337 producere,
2834 5267 2976 5338 quod
3011 5277 3067 5322 et
3100 5269 3276 5338 ipsum
3305 5253 3478 5322 causa:
3504 5263 3739 5318 notionem

2224 5363 2410 5422 habet,
2439 5365 2576 5415 adeo
2607 5369 2663 5414 ut
2696 5361 3000 5430 προὸολεύς
3029 5370 3176 5416 recte
3208 5359 3504 5430 explicetur
3519 5351 3739 5409 vocabulo

2221 5452 2525 5520 productor,
2565 5451 2751 5520 sicque
2777 5451 2829 5504 in
2884 5451 3200 5506 testimonio
3250 5449 3559 5506 Damasceni
3608 5445 3738 5499 Pater

2222 5553 2465 5598 aeternus
2496 5545 2792 5612 productor
2816 5545 2988 5599 sancti
3019 5544 3256 5614 Spiritus
3286 5560 3382 5614 per
3431 5543 3610 5598 Filium
3626 5539 3740 5592 dic.-

2224 5646 2336 5691 lur.
2370 5636 2535 5690 Multa
2564 5636 2632 5690 de
2665 5639 2946 5692 vocabulis
2981 5637 3278 5709 προϐολεύς
3305 5647 3360 5693 et
3386 5634 3608 5707 προϐολή
3638 5647 3741 5684 eru-

2221 5729 2491 5784 ditissime
2527 5729 2777 5799 disputat
2828 5729 3085 5786 Petavius
3133 5740 3322 5787 noster
3347 5747 3394 5787 c.
3456 5731 3507 5796 8,
3532 5729 3563 5781 Ι.
3593 5743 3639 5792 v,
3682 5725 3738 5775 In:

2227 5821 2489 5876 Triuitate
2522 5821 2687 5890 598
2727 5833 2780 5878 et
2812 5823 2940 5879 alibi
2997 5824 3048 5878 in
3076 5839 3142 5878 eo
3199 5840 3383 5895 opere,
3433 5839 3545 5890 qua:
3599 5819 3736 5870 vidui
