3992 6520
239 348 375 420 1061

235 465 387 536 apud
422 478 543 519 eum
570 471 818 532 possunt.
851 460 964 518 Hoc
987 461 1133 517 enim
1182 457 1326 528 quod
1354 458 1612 524 diximus,
1647 460 1804 514 nobis
1835 467 1878 521 Α

161 615 168 621 ,
235 573 343 627 pro
375 556 651 621 instituto,
678 565 734 610 et
760 555 860 610 loci
887 569 1049 626 quem
1073 560 1371 608 tractamus
1429 551 1808 622 intelligentia,

238 645 440 700 sutlicit
472 644 529 699 in
565 656 824 714 praesens.
1290 680 1292 682 τ

313 735 380 808 [Ρ
411 735 562 807 415⁸]
596 735 1023 804 Προσελῶντες
1041 751 1094 806 p.
1121 735 1523 805 209.8emiges
1549 733 1648 789 bos
1678 730 1809 786 fuis-

241 842 328 890 se,
354 827 446 897 qui
481 827 854 897 προσελῶντες
885 829 1041 898 quasi
1066 828 1288 899 proprio
1320 829 1456 882 artis
1479 835 1572 879 aut
1604 825 1811 878 ordinis

242 919 512 973 vocabulo
537 919 884 981 dicebantur,
911 930 965 974 et
991 921 1108 992 ipsa
1134 923 1286 991 origo
1309 919 1501 975 suadet
1527 918 1676 972 vocis
1703 914 1812 970 ἀπὸ

233 1011 332 1081 τσῦ
381 1009 772 1078 προσελαύνειν
806 1010 921 1066 sive
957 1011 1225 1082 προσελᾷν
1262 1027 1501 1080 prorsum
1525 1006 1809 1077 impellere,

245 1111 298 1151 et
339 1099 544 1153 diserte
569 1097 764 1153 Noster
799 1101 982 1166 tradit,
1038 1111 1150 1156 tum
1199 1103 1288 1156 bic
1322 1112 1436 1157 tum
1485 1117 1534 1156 c.
1564 1101 1654 1163 50,
1695 1099 1730 1152 l.
1756 1113 1808 1162 ν,

245 1193 334 1246 ubi
365 1210 528 1262 quem
593 1195 760 1248 semel
802 1194 1149 1266 προσελῶντα
1186 1193 1412 1256 dixerat.
1471 1201 1656 1261 pes-tea
1686 1207 1812 1247 συν-

235 1282 474 1352 ωνύμως
535 1283 1081 1354 γοιοιιιπροσερέτην.
1145 1282 1375 1336 Wolﬁus
1438 1281 1490 1334 in
1543 1281 1814 1350 excerptis

239 1371 691 1442 Pacbymerianis
727 1369 981 1442 GregOra:
1020 1374 1284 1443 subjectis
1336 1373 1583 1426 vitiosam
1653 1373 1814 1443 hujus

239 1463 490 1518 vocabuli
523 1464 845 1532 scripturam
878 1460 1152 1532 exprimit,
1179 1481 1244 1517 ex
1279 1465 1539 1518 mendoso
1565 1464 1814 1519 videlicet

238 1557 454 1619 codice.
485 1556 618 1610 dum
651 1558 791 1611 banc
842 1561 1032 1612 recitat
1057 1573 1119 1610 ex
1173 1555 1278 1610 hoc
1325 1555 1663 1632 baudduhie
1695 1557 1812 1610 loco

237 1650 574 1704 sententiam
609 1666 622 1702 :
658 1646 1014 1704 Gasmulicum
1039 1647 1108 1699 ad
1150 1647 1284 1700 bella
1326 1656 1441 1700 erat
1489 1647 1810 1713 animosum,

236 1739 556 1812 Pyzylontes
579 1757 697 1794 vero
726 1740 942 1810 agendis
975 1741 1127 1794 remis
1154 1740 1376 1794 strenui.

311 1832 638 1898 Προσπαίω
667 1846 722 1898 ρ.
745 1828 870 1884 ἳῖϐ.
910 1829 1006 1881 Vix
1039 1829 1165 1883 alibi
1199 1828 1439 1898 reperies
1466 1829 1808 1898 προσπαίειν,

238 1921 343 1975 etsi
377 1922 582 1986 παίειν,
608 1920 684 1976 uti
723 1928 776 1974 et
811 1920 913 1972 alia
950 1934 1017 1974 ex
1062 1933 1142 1973 ρο·
1176 1919 1500 1989 composita,
1556 1916 1814 1990 frequens

237 2015 332 2068 sit.
392 2013 534 2081 Quid
597 2012 750 2084 aliud
779 2023 1035 2084 putemus
1085 2028 1248 2084 quam
1306 2012 1680 2082 metaphoram
1725 2011 1814 2066 hic

237 2117 431 2160 eSSEa
464 2106 657 2176 sagitta
718 2105 772 2159 in
827 2120 1052 2174 scopum
1086 2105 1294 2158 intenta
1325 2103 1387 2176 [P
1410 2102 1537 2175 415]
1571 2113 1626 2158 et
1659 2103 1812 2159 illuni

240 2198 481 2252 feriente
517 2195 770 2253 ductam?
799 2197 878 2252 sic
907 2197 1052 2251 enim
1076 2199 1149 2251 ait
1174 2196 1410 2252 fabulam
1449 2197 1726 2250 incurrere
1755 2195 1811 2249 in

239 2304 434 2343 verum
458 2305 520 2344 ac
543 2289 669 2344 illud
690 2289 1172 2358 quasifpercutere,
1206 2297 1258 2340 ut
1295 2287 1540 2358 sagittam
1565 2302 1811 2356 scopum.

235 2380 433 2435 Simile
475 2380 732 2449 quiddam
789 2395 1069 2433 sacrarum
1101 2379 1428 2433 Litterarum
1490 2378 1812 2446 interpretes

233 2472 594 2527 adnotantad
618 2472 744 2526 illud
784 2473 840 2526 S.
875 2471 1024 2526 Pauli
1059 2473 1124 2525 ad
1163 2469 1319 2524 Rom.
1350 2487 1401 2536 x,
1425 2470 1458 2522 4
1506 2489 1517 2522 :
1562 2467 1715 2523 Finis
1735 2469 1810 2522 Ie-

235 2568 318 2636 gis
355 2566 624 2620 Christus.
675 2566 782 2620 Lex
830 2566 906 2620 ibi
957 2573 1178 2620 vocatur
1233 2574 1338 2618 tota
1374 2564 1598 2618 historia
1655 2572 1813 2618 vetus

235 2658 418 2711 sacris
448 2657 605 2714 libris
633 2658 1030 2719 commendata,
1063 2658 1262 2726 quibus
1296 2665 1348 2710 et
1378 2672 1463 2709 res
1503 2672 1531 2708 a
1568 2654 1812 2724 patribus

233 2759 406 2820 gesta:
435 2759 489 2802 et
517 2765 796 2804 sacrorum
823 2758 1116 2821 apparatus
1145 2765 1206 2802 ac
1230 2749 1568 2801 ca-remoniae
1587 2747 1812 2801 tradun-

239 2847 574 2910 tur,‘oninia
605 2847 884 2902 Christum
941 2855 1229 2900 venturum
1284 2843 1703 2913 przvﬁgurantia.
1752 2842 1813 2896 ln

235 2955 352 3009 quo
383 2937 634 2994 allusisse
656 2936 949 3008 Apostolus
983 2946 1204 3006 putatur
1244 2937 1307 2987 ad
1354 2937 1614 3003 origini-ni
1668 2937 1814 2990 vocis

233 3027 517 3083 Hebraicaa
558 3028 719 3098 legem
753 3028 1112 3098 signiﬁcante.
1170 3034 1309 3083 thin
1363 3027 1511 3077 thoro
1579 3025 1723 3078 enim
1781 3040 1810 3079 a

233 3122 425 3176 radice

229 3211 474 3280 projecit.
503 3209 658 3265 Unde
689 3212 806 3276 ejus
821 3219 903 3268 est
929 3223 1057 3262 usus
1089 3206 1337 3276 proprius
1366 3207 1418 3258 in
1433 3205 1808 3275 ejaculalione.

231 3303 252 3357 l
279 3302 492 3374 Regum
519 3319 608 3366 xx,
647 3301 738 3364 56,
778 3302 844 3354 de
869 3299 1178 3352 Jonathanc
1205 3297 1453 3366 sagittam
1511 3297 1812 3366 ejaculante

229 3395 497 3451 scribitur
523 3403 660 3455 iam
689 3400 787 3452 mi
833 3402 994 3451 nam
1045 3392 1174 3445 vehu
1220 3392 1373 3444 iaralt
1425 3391 1654 3460 Itaclielsi
1699 3406 1718 3444 :
1762 3402 1808 3446 et

227 3490 344 3551 ipse
366 3487 494 3555 jecit
521 3488 789 3556 sagittam.
832 3485 950 3551 Quo
973 3483 1253 3554 pertinere
1282 3492 1500 3552 putatur
1515 3484 1807 3538 multorum

230 3581 587 3651 Psalmorum
618 3578 940 3646 inscriptio:
970 3575 1034 3628 In
1065 3576 1246 3644 finem,
1293 3577 1396 3631 hoc
1438 3585 1521 3629 est
1564 3578 1616 3629 in
1649 3577 1806 3651 Chri-

229 3683 408 3725 stum.
447 3670 504 3724 ln
533 3685 694 3739 quem
724 3668 914 3738 procul
949 3667 1303 3722 indicandum
1324 3675 1378 3720 et
1427 3667 1580 3736 quasi
1616 3667 1811 3737 indigi-

231 3762 469 3817 tandum
527 3762 786 3830 pleraque
851 3759 924 3814 ibi
985 3758 1188 3830 scripta
1247 3758 1636 3830 dirigebantur.
1701 3759 1810 3812 Nec

225 3851 473 3918 frustra;
527 3852 761 3906 veritate
788 3850 990 3920 quippe
1025 3850 1331 3920 prOpbetiis
1359 3859 1547 3904 exacte
1583 3865 1808 3919 respon-

223 3944 431 4009 dente,
465 3943 653 4014 Μυῖα
686 3941 740 3995 in
779 3956 893 3995 rem
935 3941 1308 3996 incurrerunt.
1362 3939 1576 3994 Fabulae
1606 3940 1808 3994 morale

225 4043 566 4108 praeceptum
616 4034 994 4088 adumbrantis
1049 4049 1147 4103 par
1200 4036 1340 4086 ratio
1373 4041 1476 4088 est.
1539 4033 1610 4088 Ut
1661 4033 1804 4086 enim

225 4131 406 4202 ﬁgura
431 4126 776 4197 prophetica,
803 4141 925 4181 cum
957 4140 1042 4180 res
1067 4125 1290 4194 ﬁgurata
1307 4125 1615 4191 exhibetur,
1641 4142 1808 4196 προσ-

223 4222 415 4274 παίειν
446 4219 696 4290 ἀληθείᾳ,
724 4221 778 4272 in
809 4221 1085 4273 veritatem
1116 4218 1345 4272 incidere
1380 4218 1599 4283 dicitur,
1631 4219 1710 4271 sic
1749 4229 1804 4272 et

221 4313 516 4382 apologus.
546 4328 669 4366 cum
706 4327 772 4364 eo
807 4311 1170 4381 signiﬁcalum
1197 4309 1356 4364 cilicii
1411 4313 1678 4365 monitum
1712 4311 1805 4365 de-

219 4407 472 4459 claratur
502 4414 556 4456 et
586 4403 748 4472 quasi
786 4401 849 4455 ad
888 4418 1000 4455 rem
1050 4401 1219 4471 ipsam
1247 4401 1572 4472 applicatur.

1601 319 2115 415 GLOSSARlUM.

1841 1799 1886 1856 Β

3347 359 3482 424 1062

1978 465 2168 516 Πύλαι
2229 464 2318 517 καὶ
2367 465 2532 518 mila
2567 480 2615 536 p.
2666 465 2790 521 565.
2827 464 2928 523 llic
2975 481 3163 522 vocem
3207 465 3480 538 ἀριρυίσς

1913 547 2322 609 emendavimus
2382 555 2582 610 indicio
2634 558 2910 627 syntaxis,
2975 573 3097 612 cum
3156 560 3474 630 ἀραρυὶαις,

1910 647 2052 718 (ιιιοά
2077 648 2129 701 in
2157 646 2316 701 codd.
2352 645 2390 700 Β
2415 659 2464 702 et
2484 649 2549 712 A,
2571 649 2830 706 Vaticano
2854 651 3158 715 omittente,
3178 650 3477 720 legebatur,

1911 740 2180 808 quadrare
2209 739 2275 792 ad
2309 753 2490 792 vocem
2524 737 2697 802 πύλας
2716 755 2825 795 non
2849 749 3043 810 potest.
3064 739 3304 796 Probain
3331 742 3477 797 hunc

1913 829 2090 883 locum
2115 839 2196 884 est
2224 828 2581 900 παράφρασις
2620 829 2863 886 Vaticani
2887 832 3093 886 codicis
3130 831 3213 886 his
3249 832 3473 888 verbis:

1912 920 2023 973 Καὶ
2048 920 2220 982 πύλας
2243 921 2302 972 ὲν
2330 923 2446 982 ταῖς
2467 923 2693 989 πέτραις
2720 921 2886 993 ἤγουν
2911 922 3072 975 ἄλυον
3099 923 3238 994 (lego
3263 923 3476 993 ἅλυσιν)

1915 1015 2142 1086 σιδηρᾶν
2182 1018 2279 1069 καὶ
2313 1017 2539 1086 ἰσχυρὰν
2571 1017 2962 1082 κατεσκεύαζε.
2997 1018 3112 1074 Non
3146 1035 3276 1088 ergo
3304 1029 3476 1088 porta)

1917 1113 2011 1158 aut
2055 1106 2220 1160 valva:
2248 1122 2314 1160 ex
2349 1107 2491 1168 [erro
2528 1107 2712 1164 solida:
2743 1107 3104 1179 intelligenda:
3146 1109 3233 1164 hic
3273 1108 3423 1163 fuere
3459 1125 3473 1162 :

1913 1214 2089 1266 neque
2147 1198 2292 1252 enim
2359 1199 2412 1254 id
2462 1201 2594 1254 sinit
2639 1201 2714 1254 rei
2771 1202 3029 1270 subjectae
3069 1211 3282 1254 natura.
3334 1202 3475 1267 Non,

1915 1289 2160 1358 inquam,
2221 1290 2434 1359 portui,
2487 1300 2545 1345 ut
2591 1292 2773 1345 domui
2839 1301 2934 1346 aut
2982 1293 3225 1346 conclavi
3278 1293 3478 1348 Obdﬂti

1913 1381 2145 1454 solidum
2202 1383 2401 1438 ostium
2452 1393 2652 1453 potest.
2683 1383 2786 1448 Qui
2820 1386 2964 1438 enim
3000 1395 3092 1439 aut
3125 1385 3324 1454 quibus
3363 1401 3476 1440 mo-

1911 1472 2080 1527 liendi
2132 1474 2400 1528 machinis
2455 1484 2615 1530 tanta;
2672 1476 2974 1531 latitudinis
3026 1487 3208 1545 postes
3269 1486 3478 1542 essent,

1879 1576 2113 1634 .quanta
2158 1569 2375 1637 explere
2425 1577 2587 1635 atque
2618 1567 2897 1632 obturare,
2940 1584 3100 1638 quam
3139 1579 3290 1624 vaste
3338 1567 3476 1632 hiat,

1912 1655 2155 1734 valerent
2186 1666 2358 1711 totum
2411 1673 2473 1712 os
2523 1668 2730 1726 portus,
2763 1675 2872 1726 quo
2937 1675 3142 1729 magna:
3187 1674 3252 1714 ac
3303 1658 3480 1726 longae

1913 1763 2081 1804 naves
2130 1749 2434 1820 praelongas
2483 1750 2610 1806 hinc
2656 1751 2779 1805 inde
2826 1753 3216 1821 protendentes
3265 1765 3480 1814 remos,

1915 1855 2101 1909 eaeque
2143 1857 2251 1896 non
2313 1840 2614 1910 singulares
2643 1843 2738 1897 sed
2769 1843 2950 1913 plures
2983 1843 3252 1898 interdum
3293 1843 3477 1902 simul,
3515 1837 3519 1840 ’

1914 1933 2121 1987 aditum
2173 1931 2492 2001 exitumque
2552 1933 2751 1987 habere
2802 1935 3146 1990 commodum
3206 1934 3480 1989 debeant?

1915 2020 2053 2092 Ergo
2098 2021 2188 2077 hic
2245 2020 2438 2077 Noster
2482 2039 2604 2078 cum
2639 2023 2812 2087 πύλας
2861 2025 3029 2089 dixit,
3075 2025 3481 2080 intellecturum

1913 2115 2120 2183 putavit
2140 2115 2462 2184 prudentem
2496 2115 2754 2170 lectorem
2782 2117 2885 2171 tale
2913 2118 3106 2172 ostium
3131 2118 3274 2186 quod
3299 2115 3480 2186 portui

1913 2207 2215 2262 claudendo
2237 2209 2434 2278 apponi
2452 2217 2660 2278 posset,
2685 2217 2931 2264 catenam
2949 2209 3202 2264 nimirum
3221 2209 3479 2266 ferream.

1912 2298 2118 2352 Addam
2155 2299 2243 2352 hic
2311 2300 2446 2353 satis
2491 2315 2666 2354 raram
2703 2300 2980 2356 notionem
3040 2300 3287 2354 vocabuli
3331 2299 3478 2365 πύλη

1912 2401 2005 2444 aut
2045 2389 2226 2450 πύλαι,
2286 2390 2446 2459 cujus
2502 2406 2660 2446 usum
2697 2392 2872 2460 reperi
2905 2391 2959 2444 in
2991 2390 3171 2446 Graaca
3221 2393 3478 2445 versione

1914 2479 2243 2550 Speciminis
2263 2478 2554 2550 Sapientim
2583 2481 2866 2546 ludorum,
2908 2497 3068 2551 quem
3099 2483 3292 2538 librum
3330 2484 3480 2537 Lati-

1912 2571 2080 2624 nitate
2155 2586 2186 2624 a
2246 2585 2337 2631 me
2417 2571 2673 2624 donatum
2761 2571 2888 2641 huic
2955 2571 3196 2626 historiae
3262 2571 3474 2641 imperii

1914 2661 2191 2715 Michaelis
2243 2661 2542 2731 Palaeologi
2593 2664 2839 2732 Augusti,
2871 2677 2902 2716 a
2957 2679 3066 2729 quo
3117 2665 3168 2718 id
3231 2666 3472 2734 opusin

1911 2748 2142 2814 quadam
2204 2748 2472 2802 concione
2526 2750 2810 2818 allegatur,
2884 2750 3101 2804 hortatu
3171 2753 3470 2807 amicorum

1915 2849 2168 2908 tanquam
2226 2840 2672 2910 παρεμπόρευθια
2731 2843 2976 2912 adiunxi.
3031 2843 3108 2898 lbi
3178 2845 3233 2898 in
3297 2846 3473 2915 prima

1915 2928 2229 2998 praefatione
2267 2944 2386 2996 quae
2435 2929 2720 2984 historiam
2763 2932 3092 2988 inventionis
3123 2943 3180 2988 et
3219 2935 3473 3006 deporta-

1916 3021 2076 3075 tionis
2108 3023 2224 3090 cjus
2243 3022 2363 3076 libri
2400 3036 2466 3076 ex
2492 3023 2637 3078 india
2664 3026 2718 3078 in
2741 3025 3017 3081 Persidem
3044 3027 3255 3093 recitat,
3280 3033 3474 3100 pagira

546 3122 701 3174 iarah
756 3129 861 3183 est,
895 3119 1052 3186 cujus
1096 3118 1268 3186 prima
1318 3120 1463 3169 notio
1517 3126 1598 3168 est
1656 3117 1804 3184 jecit,
1836 3135 1877 3190 ο
1913 3114 2116 3166 codicis
2165 3131 2274 3182 quo
2317 3115 2505 3168 utebar
2545 3114 2716 3170 Gra'ci
2758 3132 2923 3182 nona,
2954 3118 3032 3172 sie
3061 3118 3296 3190 legitur:
3327 3124 3475 3192 Πλὴν

1913 3205 1998 3257 διὰ
2043 3206 2104 3258 τό
2143 3223 2224 3258 σοι
2274 3207 2503 3275 ἀρεστὸν
2541 3207 2784 3278 λήψομαι
2847 3209 2974 3276 μίαν
3019 3211 3196 3266 πύλαν
3248 3214 3310 3266 ὲκ
3363 3215 3474 3266 τῶν

1913 3297 2250 3367 ὑφασμάτων
2280 3299 2375 3366 τῆς
2417 3300 2925 3370 κώμηςφουϊστὰν,
2961 3305 3050 3357 ἶνα.
3071 3306 3133 3356 ὲν·
3159 3305 3296 3376 αὐτῇ
3321 3307 3476 3371 δοξε-

1913 3391 2181 3460 σῧήσομαι
2238 3392 2393 3459 κάγὼ
2441 3391 2624 3455 δοῦλός
2672 3412 2766 3448 σου
2802 3396 2860 3447 ἐν
2887 3394 3034 3466 πάσῃ
3072 3398 3137 3466 τῇ
3185 3398 3475 3468 συγγενείᾳ

1914 3497 2038 3547 μου.
2087 3480 2282 3533 Λαϐὼν
2332 3481 2387 3534 δὲ
2440 3484 2467 3535 ὀ
2504 3482 2723 3550 Περζωὲ
2761 3485 2823 3535 ὲκ
2855 3484 2961 3536 τῶν
3012 3484 3309 3554 βασιλικῶν
3343 3488 3474 3555 ἱμα-

1909 3576 2042 3627 τίων
2073 3587 2178 3630 ctc.
2215 3575 2300 3647 [P.
2341 3576 2469 3648 414]
2499 3578 2556 3631 In
2607 3578 2690 3632 bis
2740 3579 2920 3632 verbis
2959 3579 3193 3648 primum
3233 3582 3477 3634 occurrit

1909 3664 2264 3732 qnmrendum
2296 3666 2426 3732 quid
2456 3664 2527 3719 sit
2559 3666 2698 3718 πύλα
2729 3667 2793 3718 ὲκ
2814 3668 2923 3720 τῶν
2955 3669 3311 3737 ὑφασμάτων.
3336 3668 3470 3723 Nam

1907 3765 2070 3825 portae
2114 3760 2292 3816 notio,
2319 3772 2440 3825 quae
2472 3759 2734 3813 naturalis
2763 3769 2847 3812 est
2878 3745 3042 3830 πύλῃ,
3070 3775 3231 3828 quam
3272 3760 3360 3814 hic
3402 3781 3422 3813 δ
3452 3770 3472 3814 ι

1911 3847 2292 3916 intempestiva
2345 3862 2508 3902 neruo
2552 3863 2660 3902 non
2706 3848 2873 3905 videt.
2903 3849 3142 3906 Omnino
3167 3867 3474 3920 agnoscen-

1906 3937 2035 3991 dum
2093 3947 2178 3994 est
2225 3939 2371 3992 πύλα
2421 3939 2508 3993 hic
2555 3956 2654 4009 pro
2704 3941 3146 4018 mulorpositum
3180 3958 3210 3997 a
3246 3943 3471 3997 πτύσεω

1906 4028 2064 4097 plico,
2100 4029 2322 4092 involvo,
2357 4038 2415 4084 ut
2445 4030 2699 4085 volumen
2742 4042 2834 4084 aut
2861 4047 3058 4100 scapus
3089 4033 3254 4102 panni
3289 4034 3473 4100 cujus-

1905 4126 2046 4191 piam
2111 4121 2215 4176 laoc
2276 4123 2541 4177 vocabqu
2592 4138 2739 4178 nunc
2801 4123 3163 4194 signiﬁcetur.
3218 4123 3468 4181 Fundam

1908 4214 2080 4266 habeo
2112 4215 2441 4278 conjectura:
2467 4213 2834 4276 Eustathium,
2863 4214 2952 4283 qui
2977 4215 3044 4270 ad
3069 4214 3215 4268 illum
3251 4231 3470 4271 versum

1903 4304 2001 4358 411
2079 4303 2268 4359 Iliadis
2329 4306 2381 4370 0,
2444 4307 2695 4376 πρώτῃσι
2747 4305 2802 4358 δὲ
2861 4306 3062 4379 πύλῃσι
3123 4309 3468 4376 πολυπτύχου

1901 4395 2222 4464 ούλύμποιο,
2241 4398 2319 4451 sic
2344 4407 2570 4452 annotat
2592 4415 2642 4467 p.
2663 4397 2763 4453 72i
2785 4399 2872 4452 ed.
2895 4398 3051 4454 Rom.
3069 4399 3471 4470 Παρηχητικῶς

299 4493 543 4563 Πρῶτος
579 4509 628 4562 p.
676 4491 800 4546 298.
864 4492 1006 4571 Πρὸς
1051 4493 1141 4545 τὸν
1193 4492 1409 4562 πρῶτον
1471 4491 1790 4560 ἐκθέμενος.
1832 4473 1874 4528 Ῐ)
1903 4487 1959 4542 δέ
2001 4504 2118 4550 πως
2171 4489 2202 4558 ἢ
2246 4489 2655 4558 ὲτνμολογικῶς
2704 4493 3098 4562 παράκειταιὴ
3131 4491 3278 4562 πύλη
3312 4494 3407 4546 καὶ
3442 4495 3476 4545 ὀ

221 4584 330 4638 llic
359 4584 580 4653 πρῶτος
617 4584 867 4638 absolute
898 4597 950 4638 et
980 4584 1321 4638 substantive
1361 4593 1654 4652 usurpatur
1699 4599 1797 4654 pro

224 4691 493 4746 Supremo
555 4676 664 4729 illic
751 4676 978 4744 pra‘side
1035 4690 1335 4739 sacrorum,
1389 4690 1581 4743 nempe
1631 4675 1798 4745 patri-

217 4769 415 4823 arcba.

296 4855 606 4925 [Ipwtom‘u
629 4857 706 4920 υξ
738 4873 793 4926 p.
820 4855 945 4910 476.
975 4855 1146 4922 Quem
1183 4872 1341 4911 antea
1377 4865 1663 4912 vocaverat
1714 4857 1797 4911 60—

219 4951 487 5020 μέστικον
513 4947 828 5010 ἐκκλησίας,
873 4962 1020 5002 nunc
1072 4947 1309 5018 appellat
1367 4949 1792 5018 πρωτοκήρνκα,

215 5053 603 5110 synonymam,
636 5038 857 5107 opinor.
889 5053 1160 5108 usurpans
1185 5053 1305 5091 eam
1335 5053 1521 5092 vocem
1543 5051 1636 5106 pro
1649 5053 1796 5105 πρω-

213 5130 514 5199 τοψάλτης.
568 5128 700 5182 Nam
735 5127 1071 5183 utCodinus
1125 5129 1290 5182 babet
1344 5145 1394 5183 e.
1441 5129 1529 5192 17,
1585 5145 1642 5186 ιι.
1700 5125 1792 5192 10,

211 5223 292 5275 Οὐ
328 5219 741 5290 ,πρωιοψάλτην
794 5221 904 5289 ἔχει
939 5219 1225 5292 ἐκκλησία,
1259 5221 1396 5273 ἀλλὰ
1453 5221 1791 5290 δυμέστικον.

213 5313 432 5378 Quibus
462 5310 733 5381 signiﬁcat
759 5321 1179 5379 prmcentorem,
1211 5311 1316 5365 hoc
1353 5321 1456 5372 est,
1489 5326 1612 5364 eum
1634 5311 1792 5380 cujus

212 5407 456 5460 olIicinm
489 5413 570 5458 est
599 5411 819 5458 cantum
852 5402 1109 5457 inchoare
1141 5403 1193 5456 in
1221 5404 1409 5464 choro.
1435 5417 1542 5456 non
1580 5418 1791 5471 πρωτοο

117 5522 124 5529 α
177 5499 426 5566 ,ψάλτην
452 5497 629 5550 solere
647 5495 778 5552 dici.
813 5504 870 5547 ut
894 5508 983 5548 res
1016 5493 1279 5562 exigeret,
1309 5494 1401 5550 sed
1449 5493 1790 5546 domesticum

212 5589 480 5655 Ecclesire.
529 5588 653 5642 llaec
709 5585 840 5639 mihi
895 5601 1058 5640 causa
1117 5586 1218 5639 fuit
1259 5585 1424 5656 599
1473 5588 1789 5656 opponendi

208 5678 260 5732 in
296 5679 548 5732 versione
579 5678 1006 5747 πρωτοκὴρνκος
1032 5679 1297 5732 vocabulo
1352 5677 1598 5731 Latinum
1646 5694 1786 5746 prte-

208 5772 435 5824 ce..tvris
473 5788 692 5824 notnen.

1906 4579 2245 4649 πολύπτυχος
2266 4595 2281 4611 ο
2331 4581 2485 4650 παρὰ
2514 4581 2574 4633 τὸ
2602 4582 2866 4636 πτύσσειν
2895 4584 3004 4653 γὰρ
3037 4584 3132 4637 καί
3160 4584 3346 4656 ἄμφω,
3386 4585 3470 4636 ἴασι

1902 4668 1940 4746 ᾖ
1986 4671 2328 4741 πελύπτυχος
2378 4673 2407 4724 ὁ
2454 4672 2786 4737 πολύπυλος.
2823 4674 2950 4731 Haec
3000 4675 3127 4740 ille;
3170 4677 3225 4729 in
3274 4675 3472 4744 quibus

1905 4763 2058 4818 vides
2085 4763 2258 4833 πύλην
2307 4779 2337 4816 a
2370 4763 2629 4816 πτύσσειν
2675 4764 2892 4829 deduci,
2940 4765 3139 4820 extrita
3177 4765 3468 4834 subjuncto

1902 4873 1954 4909 τ.
1986 4855 2196 4909 Addam
2226 4871 2290 4910 ex
2337 4856 2634 4910 occasione
2659 4856 2724 4910 de
2775 4872 2954 4925 panno
3027 4857 3116 4912 hic
3165 4869 3470 4913 memorato

1904 4945 2023 5015 pagi
2053 4944 2337 5009 Pltuistan,
2372 4944 2517 5014 quod
2547 4944 2602 4998 in
2641 4944 2734 4998 illo
2773 4944 3029 4999 videlicet
3079 4944 3466 5014 pago'tcxere-

1902 5045 1992 5089 tur
2033 5055 2046 5089 :
2096 5037 2236 5089 forte
2275 5037 2399 5089 inde
2431 5045 2617 5089 natum
2675 5036 2893 5106 vulgare
2950 5050 3152 5089 nomen
3205 5035 3366 5088 hodie
3411 5036 3466 5088 in

1899 5126 2069 5180 Gallia
2125 5128 2289 5195 panni
2349 5128 2650 5197 cujusdam
2681 5142 2744 5182 ex
2786 5129 3053 5198 (gossypio
3104 5127 3256 5190 texti,
3320 5126 3467 5195 quod

1899 5218 2145 5286 fustaine,
2181 5219 2474 5288 [nasturtium
2522 5217 2845 5287 appellatur.
2895 5216 2972 5272 Ex
3003 5216 3466 5286 consequentibus

1900 5323 2064 5378 porro
2095 5309 2276 5363 verbis
2310 5308 2624 5379 intelligitur
2652 5323 2823 5379 genus
2849 5308 2951 5362 hoc
2975 5308 3139 5378 panni
3196 5309 3338 5380 regis
3369 5316 3465 5363 aut

1899 5403 2058 5473 regize
2141 5401 2360 5455 faitiilitn
2417 5400 2608 5456 usibus
2670 5399 2838 5456 luisse
2888 5409 3248 5466 reservatum,
3299 5401 3463 5454 itaut

1898 5493 2085 5548 vestiri
2120 5502 2382 5546 eo'nemo
2416 5501 2602 5560 posset
2637 5492 2755 5546 sine
2777 5507 3036 5548 concessu
3086 5491 3344 5560 peculiari
3373 5507 3462 5543 rr-

1897 5586 1998 5656 gis.
2035 5584 2190 5640 Unde
2223 5584 2593 5637 characterem
2628 5583 2854 5638 haberet
2880 5584 3044 5654 θα)
3063 5585 3248 5639 eximii
3288 5583 3464 5637 bonoa

1899 5678 1974 5730 ris
2005 5688 2060 5728 et
2104 5675 2245 5745 apud
2292 5674 2596 5744 principem
2659 5680 2846 5746 gratiae
2903 5677 3278 5730 indumentum
3332 5675 3457 5728 tale.

1898 5766 2190 5835 i’mptcrea
2237 5766 2381 5821 enim
2424 5766 2576 5821 addit.
2623 5766 2854 5820 Perzoes
2899 5768 3146 5838 accipere
3191 5782 3248 5822 se
3299 5769 3461 5820 istaur
