3992 6518
270 408 411 475 106.3

250 707 341 765 his
372 724 389 762 :
416 711 668 782 Σύμϐολα
699 720 1032 775 Δεσποτικοῦ
1071 731 1327 794 υανάτου,
1360 730 1652 789 ﬂaminica:
1696 756 1840 792 mor-

253 807 324 854 m
351 805 609 873 symbolo,
643 824 766 878 quae
795 815 978 867 statim
1007 827 1127 885 post
1163 819 1294 888 ἅγια
1322 823 1472 895 δῶρα
1528 844 1837 900 nuncupat.

248 895 427 961 Cujus
460 901 846 967 appellationis
914 913 1184 965 rationem
1247 931 1406 970 nemo
1467 922 1732 990 requiret,
1773 923 1836 996 [P

246 988 380 1062 “'6]
418 994 509 1061 qui
557 997 866 1053 meminerit
915 999 1048 1056 illud
1115 1006 1361 1075 Apostoli
1400 1009 1466 1064 ad
1502 988 1832 1083 ICoriuth."

247 1099 331 1147 xt,
354 1085 426 1137 ‘26
464 1101 478 1138 :
514 1085 935 1159 Quotiescunque
988 1101 1377 1156 mandueabitis
1395 1119 1583 1173 panem
1615 1107 1754 1163 hunc
1783 1124 1833 1165 et

243 1175 466 1229 calicem
500 1178 702 1245 bibetis,
735 1195 953 1238 mortem
985 1187 1206 1243 Domini
1233 1197 1644 1266 annuntiabitis,
1671 1204 1834 1258 donec

245 1271 448 1324 veniat.
489 1269 668 1326 Unum
705 1277 848 1330 addo
880 1277 946 1332 de
982 1296 1114 1336 voce
1152 1283 1454 1355 Σύμϐολον,
1512 1307 1634 1346 cunt
1693 1295 1833 1351 siin-

244 1365 468 1432 pliciter
496 1367 698 1422 dicitur
729 1386 1002 1427 summam
1030 1377 1471 1436 Christianorum
1511 1384 1828 1457 dogmatum

245 1458 504 1512 indicare
542 1462 685 1529 apud
742 1461 892 1520 hunc
948 1476 1195 1523 nostrum
1252 1488 1490 1544 quoque,
1542 1488 1595 1531 ut
1627 1495 1750 1535 cum
1783 1482 1830 1537 is

241 1564 370 1600 mox
409 1551 556 1604 addit
583 1554 974 1610 moribundum
1009 1559 1395 1628 imperatorem
1437 1565 1489 1619 in
1541 1571 1823 1637 procinctu

238 1642 390 1693 Sacri
429 1645 734 1709 accipiendi
771 1649 952 1702 viatici
987 1650 1048 1702 τὸ
1080 1649 1238 1720 ἅγιον
1292 1654 1549 1720 διεξιέναι
1608 1651 1824 1731 Σύμϐο-

241 1732 357 1794 λον,
418 1736 738 1805 Symbolum
791 1743 1044 1798 videlicet
1095 1748 1458 1815 apostolicum
1524 1753 1644 1808 fidei
1711 1771 1824 1812 sua:

238 1828 561 1896 profitenda)
607 1835 894 1890 recitasse.
945 1838 1085 1893 Ali-bi
1119 1856 1266 1911 stt-pe
1331 1843 1384 1898 in
1442 1844 1544 1901 hac
1592 1849 1818 1905 historia

235 1920 567 1990 Symbolum
603 1927 883 1984 Moeranum
919 1933 1172 1989 absolute
1205 1933 1523 2006 Symbolum
1551 1944 1818 2002 nmninat.

231 2014 658 2087 intelligebatur
708 2025 853 2076 enim
897 2024 965 2079 de
1000 2042 1110 2096 quo
1167 2027 1393 2092 diceret,
1445 2049 1509 2086 ex
1573 2035 1824 2105 subjecta

232 2113 496 2174 materia,
523 2129 646 2169 cum
681 2127 1012 2172 tractaretur
1035 2125 1409 2178 controversia
1440 2127 1507 2180 de
1543 2128 1824 2187 additione

237 2195 488 2267 Filioque
511 2203 770 2274 Symbolo
797 2206 1040 2275 Nicaeno,
1063 2213 1144 2265 vel
1176 2213 1220 2266 si
1251 2219 1496 2272 exactius
1529 2220 1823 2291 loquimur,

227 2291 871 2368 Consmntinopolitano,
936 2319 966 2357 a
1001 2305 1212 2362 Latinis
1247 2307 1476 2400 inserta.
1529 2312 1666 2372 Vide
1700 2333 1823 2388 quae

226 2396 567 2460 annotatnus
601 2392 666 2446 ad
695 2393 734 2448 l.
771 2411 824 2459 v,
859 2407 910 2450 c.
952 2398 1040 2452 Μ.
1357 2407 1360 2410 ’

233 2512 240 2520 -
299 2479 630 2550 Συγχωρέω
663 2487 755 2540 καὶ
775 2489 1181 2560 συγχώρησις,
1215 2509 1269 2563 p.
1306 2495 1431 2553 585.
1453 2498 1541 2553 All
1575 2501 1819 2558 oblatum

223 2575 296 2624 ab
325 2570 665 2642 imperatore
700 2594 862 2634 sacro
899 2585 1104 2653 templo
1133 2586 1598 2654 pretiosissimum
1625 2595 1819 2652 altaris

225 2665 440 2730 velum,
495 2681 617 2721 cum
685 2671 1064 2728 absolveretur
1110 2668 1179 2732 ab
1215 2684 1815 2753 excommunicatione,

225 2760 455 2828 ilignum
476 2775 532 2816 se
558 2777 622 2816 ac
656 2763 748 2817 tali
781 2766 1151 2834 gratulatione
1185 2771 1412 2827 donum.
1462 2772 1533 2830 Ut
1578 2777 1687 2844 hic,
1736 2781 1815 2835 sic

225 2861 282 2904 et
314 2853 446 2905 alibi
475 2853 709 2909 verbum.
736 2861 1045 2929 συγχωρεῖν
1079 2861 1132 2915 in
1169 2862 1270 2918 ista
1294 2865 1522 2920 notiOne
1556 2872 1810 2925 sumitur.

229 2941 318 2996 L'tl
351 2955 407 2997 et
435 2931 783 3017 συγχώρησις
843 2963 942 3020 pro
985 2952 1102 3021 ipsa
1155 2955 1504 3014 absolutione
1546 2961 1650 3015 hoc
1694 2963 1814 3031 ipso

219 3038 407 3106 capite
441 3040 753 3111 τάντείχετο
779 3039 852 3107 ὡς
881 3044 1062 3109 λεπὰς
1120 3047 1333 3102 ἐκείνου
1364 3049 1608 3122 (Josephi
1641 3046 1811 3125 patri-

218 3129 405 3184 archae
443 3133 592 3196 novi,
627 3134 719 3203 qui
763 3151 887 3190 eum
921 3138 991 3192 ab
1027 3143 1603 3201 excommunicatione
1634 3147 1810 3204 solve-

214 3223 330 3291 rat)
379 3218 469 3278 διά
495 3241 556 3276 τε
607 3226 706 3297 τὴν
766 3227 1092 3284 ἀπ’ὲκείνου
1123 3289 1128 3294 ,
1154 3235 1532 3307 συγχώρησιν,
1589 3253 1808 3312 propter
1835 3252 1878 3312 ο

213 3315 650 3379 absolutionem,
679 3335 841 3388 quam
863 3337 990 3376 cum
1024 3323 1229 3379 frustra
1253 3328 1320 3382 ab
1351 3328 1589 3386 Arseuio
1621 3333 1806 3402 petiis-

211 3417 320 3472 set,
362 3407 694 3464 aGermano
749 3414 1125 3486 accipiendam
1181 3434 1290 3474 non
1343 3431 1608 3491 putasset,
1645 3427 1802 3480 deni-

211 3516 323 3572 que
359 3516 389 3554 a
418 3501 659 3572 Josepho
701 3505 863 3560 tertio
902 3507 970 3560 ab
1015 3507 1249 3564 Arsenio
1280 3514 1596 3582 patriarcha
1627 3518 1800 3587 impe-

209 3606 484 3651 traverat.

192 3686 194 3688 ’
283 3691 600 3758 Συναπτή,
644 3708 698 3761 p.
732 3693 852 3750 I74.
879 3696 1135 3770 Synaptae
1169 3715 1371 3757 nomen
1417 3703 1609 3761 Latine
1662 3713 1794 3765 reti-

205 3782 304 3836 nui
351 3822 366 3846 ,
394 3785 525 3851 quia
549 3802 657 3840 non
693 3789 906 3852 reperio
944 3807 1112 3845 unum
1145 3792 1291 3849 aliud
1343 3795 1397 3850 in
1447 3808 1634 3855 nostra
1690 3804 1799 3861 liu-

205 3890 315 3944 gua
340 3879 570 3930 verbum
614 3894 724 3948 quo
749 3896 839 3934 res
897 3883 1018 3937 voci
1081 3888 1326 3958 συναπτή
1369 3889 1617 3961 subjecta
1659 3900 1793 3954 satis

205 3969 574 4038 exprimatur.
606 3969 776 4026 Multa
828 3973 894 4028 de
942 3991 1006 4030 ea
1057 3977 1267 4032 utiliter
1305 3981 1464 4038 docet
1503 3984 1789 4046 Meursius.

206 4059 446 4117 Videtur
473 4064 678 4134 aliquid
710 4067 887 4122 simile
917 4069 995 4124 illi
1045 4072 1188 4141 parti
1219 4073 1536 4133 litaniarum
1573 4095 1791 4138 nostra-

200 4171 356 4221 rum,
415 4173 523 4227 qua
563 4159 671 4213 Deo
704 4161 960 4216 continua
1004 4165 1145 4219 serie
1179 4166 1348 4222 multa
1400 4177 1789 4229 commendan-

195 4258 311 4314 tur,
357 4253 614 4318 ecclesia,
647 4254 889 4323 pontifex
925 4266 1057 4324 etc.,
1083 4259 1342 4328 adjuncta
1381 4265 1581 4336 cuique
1605 4274 1784 4325 accla-

193 4342 448 4396 matione
510 4346 694 4415 pepuli
734 4365 748 4401 :
784 4347 856 4402 Te
897 4365 1177 4418 rogamus,
1214 4352 1344 4407 audi
1374 4373 1490 4421 nos,
1525 4376 1622 4427 pro
1675 4382 1784 4430 quo

193 4433 405 4489 Graecis
424 4444 529 4502 est,
550 4436 656 4488 Τοῦ
674 4438 881 4506 Κυρίου
902 4438 1185 4510 δεηθῶμεν
1202 4442 1490 4499 Dominum
1509 4465 1779 4520 rogamus.

1644 441 2016 505 GLOSSARI
2033 449 2166 510 ΗΜ.

335 526 615 592 Σύμϐολα
641 527 1006 589 δεσποτικοῦ
1051 539 1333 608 θανάτου,
1365 561 1419 614 p.
1485 548 1611 606 530.
1671 552 1802 606 Mani

1909 556 2139 618 ,Joanni
2189 563 2335 619 duci.

257 615 403 673 recte
438 621 490 674 in
525 623 608 676 bis
656 638 816 680 sacra
846 627 1195 697 Eucharistia
1224 636 1552 708 designatur
1591 645 1700 702 illis
1727 663 1844 703 ver-

1856 1896 1898 1954 Β
1938 1863 2517 1954 operamkEmpedoeli

3394 483 3534 550 1066

2379 567 2533 626 Unde
2595 574 2918 650 intelligitur
2987 588 3320 650 additionem
3380 599 3530 657 illam

1948 741 2259 810 adjunctam
2287 753 2336 806 ei
2384 764 2785 821 consuetudine
2817 769 3030 830 illarum
3067 783 3310 848 gentium
3348 789 3525 860 urigi-

1949 837 1998 860 ..:
2023 855 2030 860 .
2065 837 2196 860 0--.---
2222 843 2287 860 -u
2473 851 2482 860 -
2607 855 2619 860 ·

3067 837 3096 848 -ι
3300 837 3309 839 ‘
3355 837 3394 842 "
3417 837 3487 860 ⁷ο·

1946 837 2032 890 nis
2064 837 2365 912 Francicaa,
2403 851 2482 902 vel
2515 869 2579 907 ex
2607 855 2765 928 longa
2801 877 2926 918 cum
2965 867 3192 928 Francis
3218 892 3520 938 consuetu-

1943 929 2092 996 dine,
2141 948 2340 992 nomen
2370 938 2523 1010 Syre,
2559 949 2706 1016 quod
2735 968 2801 1008 ex
2853 953 3043 1016 Graeco
3101 965 3288 1038 κύριος
3317 971 3522 1033 factum

1941 1032 2189 1094 putatur,
2216 1047 2317 1085 suo
2342 1036 2574 1109 principi
2633 1032 3198 1114 accommodantiutn.
3257 1063 3524 1136 Suspicor

3271 1115 3514 1136 ---ν-ν.

1937 1115 2083 1170 idem
2117 1135 2340 1192 nomen,
2374 1126 2500 1184 licet
2527 1137 2751 1201 paulum
2783 1141 3001 1200 diverse
3026 1154 3312 1222 scriptum,
3351 1159 3524 1220 fuisse

1937 1206 2299 1312 Συργιάννης,
2355 1223 2500 1290 quod
2553 1228 2773 1285 cuidam
2825 1237 2998 1292 nobili
3046 1206 3527 1312 Commio.

1937 1301 2140 1368 ptismo
2174 1306 2411 1366 inditum
2453 1316 2621 1373 refert
2652 1320 3088 1398 Cantacuzenus,
3128 1338 3162 1393 Ι.
3200 1357 3240 1405 r,
3267 1357 3316 1399 c.
3361 1347 3447 1406 Ii.

2002 1399 2262 1500 Σφὶαῇοος
2333 1406 2812 1484 Ἐμπεδόκλειος,
2873 1440 2927 1494 p.
2978 1426 3099 1485 203..
3153 1399 3339 1494 Primo
3385 1399 3522 1500 mihi

1943 1485 2046 1544 Ioci
2076 1489 2242 1563 hujus
2263 1511 2498 1558 occursu
2551 1509 2701 1563 venit
2763 1518 2816 1567 in
2864 1530 3100 1576 mentem
3153 1526 3369 1586 laudari
3429 1535 3524 1591 hic

1929 1585 2258 1640 sententiam
2291 1590 2597 1665 philosophi
2648 1606 2846 1661 veteris
2891 1625 2921 1664 e
2955 1611 3244 1684 discipulis
3294 1633 3389 1679 aut
3432 1644 3523 1682 se-

1929 1675 2122 1732 etariis
2187 1677 2559 1756 Empedoclis,
2632 1696 2719 1748 cui
2783 1715 2980 1758 nomen
3050 1708 3280 1778 Sphaero
3349 1733 3518 1778 esset.

1927 1763 2127 1829 Quidni
2161 1775 2308 1827 enim
2366 1779 2490 1836 talis
2544 1789 2933 1854 appellationis
2975 1763 3251 1872 quispiam
3299 1811 3520 1871 dedisse

2037 1876 2517 1974 iramntsmpedoeli
2550 1876 2616 1949 [Ρ
2643 1881 2772 1956 U7]
2793 1891 3082 1961 potuisset,
3104 1912 3229 1953 cum
3253 1901 3516 1974 Sphaerus

1931 1947 2128 2004 :iliu'se
2159 1951 2442 2015 Cleantltis
2499 1968 2708 2035 schota,
2759 1984 2923 2032 notus
2966 1993 3160 2039 auctor
3211 1947 3511 2050 tnu‘ltorum

1928 2052 2178 2111 cperunt,
2211 2048 2435 2121 Diogeni
2463 2055 2680 2115 Laertio
2723 2081 3060 2128 memoratus
3091 2078 3202 2132 sit?
3247 2084 3516 2141 Animad-

1929 2134 2062 2186 verti
2097 2148 2286 2204 postea
2348 2145 2595 2203 obortam
2654 2157 2967 2226 opinionem
3023 2171 3267 2227 eamdem
3320 2175 3512 2234 Iliero.

1925 2239 2087 2295 nymo
2117 2228 2317 2291 Wolfio
2345 2238 2492 2296 hunc
2525 2245 2704 2303 locum
2744 2252 2798 2305 in
2834 2272 2932 2310 sua
2996 2258 3265 2333 Excerpta
3325 2272 3512 2329 confe-

1923 2320 2089 2375 renti.
2119 2323 2224 2378 Sed
2269 2333 2647 2392 consideranti
2702 2358 2812 2397 rem
2855 2354 3120 2410 attentius
3147 2320 3294 2414 birevi
3333 2368 3510 2432 patuit

1925 2413 2166 2482 σφαῖρος
2202 2415 2292 2473 hic
2325 2437 2425 2489 pro
2459 2431 2663 2498 σφαῖρα
2716 2437 2953 2503 positum
2995 2443 3155 2512 plane
3197 2413 3511 2522 significare

1921 2503 2112 2560 follem
2150 2511 2543 2587 orbicularem,
2581 2527 2771 2592 quales
2808 2531 3056 2592 videmus
3089 2541 3230 2609 pilas
3266 2548 3506 2617 majores

1920 2597 2114 2667 spiritu
2160 2607 2457 2677 coiifertas,
2497 2619 2776 2680 quasltali
2812 2626 3037 2694 pallorii,
3088 2597 3229 2690 fialli
3291 2597 3504 2697 ouillo;

1920 2694 2231 2754 nominant.
2289 2699 2542 2773 Excipiat
2599 2710 2800 2782 aliquis
2847 2729 3040 2776 contra
3102 2742 3208 2782 non
3266 2736 3500 2802 reperiri

1919 2800 2117 2843 nomen
2147 2792 2288 2848 istud
2318 2795 2634 2871 haelorma,
2659 2807 2752 2862 sed
2783 2797 3060 2870 feminina?
3086 2819 3287 2888 ubique
3311 2831 3503 2883 terrui-

1916 2882 2162 2941 nationis
2176 2896 2249 2940 'e't
2294 2894 2507 2958 generis
2541 2899 2685 2967 apud
2718 2903 3018 2973 scriptures
3048 2912 3311 2972 classicos
3371 2919 3503 2990 legi.

1916 2971 2191 3033 Concedo.
2227 2980 2367 3045 Quid
2409 2994 2522 3040 tum
2557 3002 2746 3058 postea
2776 2995 2799 3048 ?
2855 3011 3037 3064 auest
3089 3005 3230 3061 adeo
3261 2971 3498 3069 alienuam

1918 3078 1948 3118 a
2001 3065 2355 3141 I'achynieris
2397 3093 2547 3134 more
2601 3085 2863 3152 quiddam
2922 3092 2975 3145 in
3011 3095 3213 3154 talibus
3257 3084 3503 3158 καινοτό-

1913 3161 2080 3227 μείνῖ
2113 3159 2384 3222 Praeterea
2418 3175 2687 3242 suspicari
2723 3179 2852 3234 licet
2886 3183 3064 3240 visum
3106 3190 3207 3260 ipsi
3257 3195 3497 3265 aliquem

1914 3251 2110 3308 librum
2149 3258 2328 3315 idonei
2367 3270 2611 3324 auctoris
2670 3288 2734 3325 ex
2794 3275 2862 3329 iis
2899 3281 3089 3337 multis
3135 3286 3227 3353 qui
3266 3289 3334 3344 ad
3388 3308 3490 3347 nos

1912 3361 2019 3400 non
2051 3364 2445 3421 pervenerunt,
2499 3361 2589 3415 ubi
2625 3369 2850 3437 σφαῖρος
2875 3386 2973 3438 pro
3010 3381 3217 3448 σφαῖρα
3267 3397 3496 3449 ponere-

1911 3446 2024 3491 tur.
2056 3438 2161 3496 Sed
2201 3447 2351 3501 verbi
2408 3458 2848 3513 controversiant
2889 3464 3390 3542 pt'olligaveritnus,
3435 3493 3494 3533 re

1907 3533 2074 3586 semel
2119 3534 2236 3604 ipsa
2274 3542 2597 3598 constituta.
2636 3546 3044 3621 Demonstrato,
3077 3559 3326 3633 inquam,
3385 3574 3492 3628 toci

1907 3638 2069 3690 quem
2100 3633 2399 3686 tractamus
2427 3641 2759 3695 sententiam
2795 3648 3016 3716 exigere
3047 3663 3104 3706 ut
3135 3660 3362 3729 σςραῖρος
3392 3663 3494 3718 fol~

3176 3695 3203 3724 Υ

1901 3713 2009 3768 lem
2073 3723 2326 3778 rotundae
2373 3726 2563 3783 fortine
2608 3732 2902 3806 signiticet,
2946 3742 3109 3800 simul
3155 3751 3488 3812 evicerimus

1901 3807 2060 3862 istam
2096 3811 2262 3883 hujus
2291 3817 2546 3876 vobabuli
2584 3824 2688 3880 hoc
2715 3828 2839 3883 loco
2861 3834 3140 3893 notionem
3173 3856 3299 3898 esse
3323 3848 3486 3903 mini-

1899 3914 1988 3955 me
2033 3905 2279 3963 dubiam.
2327 3911 2470 3983 Ergo
2495 3913 2562 3968 ad
2597 3917 2652 3970 id
2685 3935 2787 3975 nos
2824 3927 3196 3998 act'ingamus.
3257 3936 3351 3992 Ait
3393 3941 3484 3998 hic

1897 3992 2267 4066 Pachymeres
2342 4007 2717 4072 patriarcham
2793 3992 3134 4090 Arseniitm,
3186 4040 3482 4103 postquam

1898 4084 2145 4144 Michaeli
2192 4089 2496 4167 Palaeologo
2531 4100 2855 4172 imperaturi
2907 4113 2978 4166 ob
3005 4084 3350 4178 excaecata":
3380 4143 3483 4196 pu-

1894 4179 2082 4247 pillum
2113 4193 2168 4237 et
2192 4185 2454 4257 collegam
2493 4209 2652 4248 suum
2686 4197 2740 4251 in
2774 4199 3011 4272 imperio
3039 4205 3311 4269 Joannem
3344 4236 3478 4288 pue-

1897 4289 2012 4328 rum
2044 4277 2223 4333 sacris
2258 4279 2644 4353 interdixerat,
2681 4291 3067 4355 dissimulasse
3095 4311 3304 4374 tamen,
3344 4316 3472 4369 dum

1889 4367 2138 4432 quaedam
2180 4371 2298 4425 ﬁeri
2345 4373 2552 4430 videret
2576 4379 2802 4438 minime
2832 4388 3162 4450 cohaerentia
3191 4412 3318 4455 cum
3341 4417 3475 4458 ana-

1891 4459 2132 4514 themate
2161 4462 2264 4517 rite
2295 4465 2524 4521 intorto.
2558 4468 2694 4525 Nam
2731 4488 2855 4530 eum
2911 4497 3035 4536 eum
3089 4488 3183 4556 qni
3241 4492 3358 4556 tali,
3413 4505 3474 4550 ut

2806 4527 2855 4530 -—
2916 4527 3035 4536 v—---
3130 4527 3183 4542 ιιι
3243 4527 3358 4556 ιαιι.
3413 4527 3472 4550 υι

275 4527 518 4593 Συνών,
553 4545 606 4599 p.
646 4531 772 4585 487.
803 4533 1135 4589 Pacliomius
1172 4536 1448 4593 litterator
1481 4541 1684 4598 dicitur
1702 4548 1780 4617 τῷ
1806 4587 1861 4650 Β
1891 4551 2052 4614 paulo
2088 4568 2213 4610 ante
2243 4555 2509 4628 loquitur,
2532 4564 2712 4633 gladio
2749 4571 2968 4634 spiritus
3003 4591 3031 4627 a
3073 4527 3472 4642 euomumuiom

277 4623 672 4650 ---καλ-...εἵη
729 4625 940 4650 λιμμυλ
1005 4629 1175 4650 __.__I,_.
1246 4629 1305 4650 II!
1460 4632 1485 4644 α
1668 4640 1688 4650 .-
1895 4642 1955 4650 ...
1999 4645 2029 4650 --
2199 4649 2203 4650 ,

189 4623 675 4695 Στρατηγοπού).ῳ
729 4625 950 4697 Μιχαὴλ
1001 4629 1196 4684 συνών.
1244 4629 1343 4686 Hic
1396 4632 1487 4686 τοῦ
1538 4640 1775 4692 συνεῖναι

185 4711 362 4763 verbo
394 4725 503 4764 non
532 4712 786 4781 quaelibet
847 4713 1123 4770 indicatur
1148 4727 1462 4792 praesentia,
1524 4729 1616 4784 sed
1646 4729 1776 4783 inti-

186 4817 316 4857 mus
349 4804 640 4860 convictus
665 4805 1149 4880 domesticurnque
1181 4814 1236 4868 in
1275 4832 1334 4872 re
1365 4818 1629 4876 litteraria
1673 4824 1776 4876 tui-

186 4896 505 4961 nisterium,
537 4899 698 4966 quale
729 4900 927 4956 divites
950 4902 1078 4955 olim
1118 4907 1411 4976 exigebant
1445 4911 1514 4966 ab
1545 4913 1613 4968 iis
1637 4931 1776 4986 quos

184 4987 336 5056 apud
378 5005 438 5041 se
467 4987 762 5054 habebant,
809 5001 865 5045 ut
905 5007 1098 5047 eorum
1143 4998 1474 5067 eruditione,
1517 5019 1644 5058 cum
1683 5022 1774 5060 es-

181 5090 268 5135 set
310 5097 451 5151 opus
484 5093 579 5136 aut
618 5095 858 5149 vacaret,
898 5087 1242 5156 juvarentur.
1318 5093 1382 5148 IIi
1457 5096 1601 5152 haud
1659 5099 1773 5156 fere

179 5175 348 5227 aliter
377 5189 542 5244 quam
575 5177 828 5240 συνόντες
859 5183 1224 5249 vocabantur,
1265 5194 1323 5238 ut
1355 5187 1678 5261 intelligitur
1704 5210 1768 5248 ex

176 5265 349 5336 longo
380 5278 434 5321 et
466 5270 795 5340 perelegauti
842 5271 1066 5329 Luciani
1111 5279 1179 5330 de
1244 5280 1330 5335 bis
1376 5282 1539 5350 libro,
1609 5287 1768 5356 cujus

175 5362 297 5428 ipse
338 5362 532 5416 titulus
567 5363 911 5426 (inscribitur
943 5368 1088 5422 enim
1135 5369 1269 5440 Περὶ
1315 5373 1424 5425 τῶν
1459 5376 1551 5428 ἐπὶ
1589 5364 1767 5452 μισὸῷ

170 5453 342 5524 603
379 5455 668 5522 συνόντων)
705 5455 846 5510 hanc
880 5473 1041 5527 quam
1083 5464 1387 5520 asserimus
1411 5466 1575 5536 hujus
1605 5486 1767 5526 voca-

171 5545 293 5599 buli
324 5546 994 5608 notionem‘demonstrat.

244 5638 654 5706 Συριωάννης,
699 5657 751 5710 p.
777 5642 904 5697 3'28.
937 5644 1065 5715 Agit
1097 5647 1162 5700 de
1203 5645 1415 5706 Joanne
1465 5654 1602 5711 duce
1634 5674 1762 5728 pro-

171 5727 324 5784 feCto
348 5728 596 5795 Thebas,
637 5740 694 5785 et
733 5731 847 5788 illic
904 5737 1216 5804 reperiente
1272 5757 1531 5811 magnum
1581 5727 1760 5806 domi-

170 5836 327 5886 num,
363 5838 524 5893 quem
558 5822 742 5894 lingua
773 5827 1122 5894 popularium
1155 5831 1230 5886 ibi
1267 5832 1630 5905 Syrioannem
1663 5860 1759 5898 vo-

171 5913 401 5970 citatum
463 5919 559 5981 ait,
617 5927 672 5971 et
730 5927 909 5974 tamen
974 5925 1356 5994 cognominem
1407 5928 1516 6002 ipsi
1583 5933 1758 5995 fuisse

512 6013 781 6076 I’A'mOL.
826 6016 944 6077 (in.
995 6016 1240 6081 CXLIII

1886 4642 2128 4699 fidelium
2157 4649 2316 4718 plane
2350 4652 2634 4712 abscissus
2686 4659 2906 4729 fuisset,
2951 4669 3106 4725 nefas
3135 4687 3280 4729 esset
3309 4677 3469 4746 juxta

1881 4751 2071 4794 sacros
2099 4755 2340 4799 canones
2376 4747 2665 4806 admittere
2695 4754 2761 4806 ad
2790 4755 2952 4811 ullam
2985 4763 3464 4836 participationem

1879 4844 2187 4901 sacrorum,
2235 4844 2417 4894 tamen
2449 4857 2516 4896 ex
2548 4859 2614 4900 eo
2646 4855 2892 4917 tempore
2949 4867 3058 4908 non
3129 4858 3466 4920 destiterunt

1877 4924 2472 4998 Constantinopolitani
2504 4938 2820 4996 sacerdotes
2847 4949 2901 4996 et
2931 4943 3116 5002 clerici
3137 4955 3462 5012 nominatim

1879 5033 2188 5072 memorare
2229 5021 2283 5075 in
2313 5038 2475 5079 sacro
2509 5028 2682 5083 choro
2709 5044 2874 5102 atque
2901 5035 3044 5090 inter
3073 5037 3192 5108 ipsa
3228 5043 3462 5118 liturgiae

1875 5111 2131 5180 mysteria
2164 5111 2547 5183 imperatorem
2575 5119 2698 5176 licet
2727 5132 3302 5204 exconununicatum,
3324 5154 3461 5196 con-

1872 5203 2093 5260 nivente
2155 5207 2222 5261 ad
2264 5212 2366 5265 hoc
2414 5228 2598 5268 coram
2638 5233 2698 5271 se
2755 5233 3088 5292 usurpatum
3138 5233 3456 5298 patriarcha

1875 5307 2022 5351 metu
2062 5300 2292 5370 majoris
2347 5307 2496 5360 mali.
2535 5309 2841 5366 Verebatur
2873 5316 3038 5389 604
3070 5323 3217 5375 enim
3255 5339 3345 5390 ne,
3405 5329 3454 5383 si

1869 5400 1922 5442 et
1955 5391 2057 5446 hoc
2087 5396 2376 5463 vetuisset,
2402 5414 2634 5456 excussa
2661 5420 2765 5472 qua
2795 5415 3080 5480 utcunque
3125 5417 3452 5474 contineba-

1870 5493 1958 5536 tur
1985 5484 2287 5556 imperator
2313 5493 2649 5548 verecundia
2673 5503 2910 5566 quadam
2939 5517 3109 5559 sacrae
3134 5515 3449 5576 potestatis,

1866 5578 2049 5631 omnia
2087 5578 2142 5632 in
2205 5592 2506 5636 extremam
2573 5587 3049 5654 perturbationem
3119 5597 3445 5668 impelleret,

1865 5669 2216 5739 eveniretque
2291 5677 2396 5728 tale
2463 5675 2666 5747 aliquid
2704 5681 2869 5750 quale
2915 5683 2968 5738 in
3024 5685 3234 5759 Ulyssis
3282 5709 3445 5762 nave,

1864 5759 2167 5818 dormiente
2211 5762 2356 5833 ipso,
2385 5765 2622 5825 feliciter
2651 5771 2719 5826 ad
2752 5783 2973 5844 portum
3011 5781 3311 5852 aspirante,
3361 5759 3444 5842 te;

1865 5855 2097 5906 meraria
2125 5857 2428 5926 cupiditate
2454 5864 2717 5920 comitum
2754 5867 2876 5937 ejus
2905 5873 3128 5938 accidit,
3171 5878 3266 5946 qui

1955 5940 2146 5995 Ἀσκὸν
2181 5949 2280 6015 μὲν
2297 5947 2485 6021 λῦσαν,
2509 5952 2702 6026 ἄνεμοι
2730 5954 2855 6011 δ’ἐκ
2886 5960 3084 6027 πάντες
3113 5964 3371 6034 ὄρουσαν,

2970 6053 3045 6113 3's
