3992 6522
281 430 416 493 1069

1616 462 2139 531 GLOSSARIUM.

3399 506 3535 571 1070

3400 546 3532 571 thU

276 546 401 620 dam
459 551 910 623 interrogationis
944 560 1119 618 ironia
1186 565 1488 625 submistau
1555 572 1750 642 Agitur
1785 576 1853 631 de
1883 592 1929 641 Α
1962 580 2140 637 locum
2162 588 2482 647 exscribens
2508 597 2834 663 particulam
2858 622 2955 673 pro
2987 610 3230 684 negligit.
3267 614 3357 673 Sic
3385 623 3532 676 enim

276 637 463 684 Serhic
499 648 713 684 nnnnlic
763 666 900 684 IIIan
938 657 1154 684 ...ΑΛ-2..
1193 658 1386 684 -:-.:-.-_.
1426 671 1466 684 ,ι
1498 679 1612 684 *μη
1645 667 1680 684 ιν
1731 669 1741 680 ι
1952 674 1962 684 .
2026 675 2038 684 .
2210 677 2239 684 -
2284 680 2292 684 .

270 637 463 697 Serbis
497 648 738 713 populis.
763 666 902 719 quos
938 657 1156 725 propria
1189 658 1388 715 civium
1419 671 1471 717 et
1495 637 1841 736 popularium

268 748 497 787 suorum
547 751 739 807 rapere
775 745 991 811 solitus,
1062 750 1364 809 verisimile
1414 770 1521 809 non
1576 768 1720 813 esset
1774 762 1842 815 ab

265 829 517 884 externis
543 846 638 897 per
672 847 861 889 eorum
896 840 1031 894 ﬂues
1068 845 1545 911 peregrinantibus
1574 857 1843 919 tempera-

265 924 447 979 turos.
478 921 580 976 hac
618 922 789 979 ferme
816 931 1089 984 sententia
1128 951 1140 984 :
1168 933 1269 999 Qui
1304 952 1436 991 suos
1467 938 1702 1008 diripere
1732 958 1837 997 non

262 1007 540 1075 dubitant,
575 1016 644 1069 ab
673 1018 870 1073 alienis
932 1024 1143 1078 scilicet
1195 1028 1592 1084 abstinebunt?
1640 1035 1837 1089 lterum

260 1099 315 1151 in
361 1100 530 1157 simili
584 1110 808 1164 notione
841 1127 1159 1183 usurpatum
1186 1118 1287 1173 hoc
1318 1123 1640 1178 vocabulum
1668 1127 1837 1181 babe-

258 1200 373 1257 tur,
413 1194 450 1247 l.
486 1212 538 1258 v,
572 1200 740 1265 (3.12,
781 1203 831 1256 in
870 1204 956 1262 bis
984 1208 1166 1263 verbis
1212 1226 1226 1264 :
1278 1212 1338 1264 Et
1369 1213 1426 1265 δὲ
1482 1215 1718 1285 ὃιδοῖμεν
1743 1221 1839 1273 καὶ

255 1282 547 1355 ἔκκλητον.
612 1294 776 1363 σχολῇ
831 1314 953 1350 τινα
1023 1302 1185 1370 τόσην
1239 1306 1507 1373 τέμνοντα
1562 1282 1837 1365 θάλασσαν

253 1377 364 1429 τῶν
399 1379 627 1435 δικαίων
655 1386 1049 1460 ἀμφισϐητεῖν.
1088 1393 1149 1450 Si
1179 1413 1298 1453 vero
1328 1403 1835 1469 etjusprovocatio-

254 1470 341 1523 nis
386 1476 827 1545 concesserimus,
854 1485 1147 1551 periculum
1175 1488 1336 1558 fuerit
1368 1494 1568 1548 scilicet
1603 1513 1666 1551 ne
1720 1501 1836 1569 quis

254 1570 366 1614 tant
398 1579 547 1621 vasto
578 1572 819 1635 mariius
866 1592 1020 1629 suum
1069 1592 1437 1644 persecuturus
1497 1586 1723 1645 Romam
1780 1609 1837 1646 se

249 1656 537 1715 conferat?
586 1664 766 1717 Aliu‘m
822 1668 995 1723 habeo
1032 1671 1195 1741 hujus
1228 1675 1484 1733 idiotismi
1511 1691 1702 1738 testem
1728 1685 1835 1756 Sy-

253 1761 503 1801 mconem
534 1752 661 1806 Scth
690 1755 743 1808 in
778 1756 964 1813 Graeca
1013 1778 1078 1817 ex
1115 1767 1343 1822 Arabico
1377 1771 1833 1841 interpretatione

246 1834 375 1891 libri
416 1857 573 1909 quem
604 1845 718 1912 ipse
760 1851 1053 1924 ἰχνηλάτην
1091 1868 1267 1913 vocat.
1305 1860 1463 1917 Hunc
1508 1834 1612 1923 nos
1639 1867 1832 1925 Latine

251 1927 528 1984 redditurus
558 1937 623 1987 ad
658 1938 861 1994 calcem
890 1944 1080 1999 harum
1115 1947 1574 2010 Observationum
1606 1962 1835 2015 mantis-

246 2033 324 2071 sae
350 2020 475 2076 loco
498 2025 715 2082 damus.
754 2031 886 2100 Ejus
937 2036 988 2089 in
1021 2043 1258 2094 secunda
1315 2043 1703 2105 dissertatione
1751 2055 1831 2108 sic

242 2112 440 2169 Gut-ce
476 2118 674 2189 legitur
711 2143 724 2177 :
762 2127 821 2179 Et
861 2130 970 2199 γὰρ
1009 2134 1083 2204 μὴ
1121 2135 1261 2206 ὑπὲρ
1284 2139 1447 2192 αὑτοῦ
1485 2143 1831 2217 ἀπολογήση-

238 2206 333 2257 ταξ
364 2223 472 2270 τις,
508 2214 669 2284 σχολῇ
699 2218 750 2278 γ’
779 2218 842 2270 ἂν
870 2222 1058 2288 ἐτέρου
1084 2225 1534 2295 ὑπερασπίζοιτο·
1559 2206 1826 2299 Qui-enim

240 2310 307 2346 ne
346 2313 401 2349 se
435 2303 649 2366 quidem
683 2307 855 2375 ipsum
888 2314 941 2363 in
990 2316 1226 2382 periculo
1284 2321 1594 2390 defenderit,
1651 2328 1715 2379 ab
1765 2347 1824 2387 ea

234 2388 444 2445 scilicet
466 2408 797 2464 exspectetur
829 2416 883 2457 ut
914 2406 1126 2473 fortiter
1147 2427 1242 2479 pro
1264 2416 1483 2471 alterius
1542 2423 1709 2491 capite
1729 2426 1823 2479 dc-

233 2488 451 2541 certet?
481 2486 535 2541 lu
564 2494 793 2561 septima
823 2513 1042 2569 quoque
1075 2504 1156 2559 sic
1185 2509 1370 2577 regina
1403 2514 1655 2568 maritum
1687 2520 1821 2573 allo-

230 2573 448 2641 quitur,
482 2594 825 2650 conquerens
883 2607 993 2646 non
1027 2601 1429 2657 communicari
1495 2606 1597 2661 sibi
1630 2610 1698 2664 ab
1754 2626 1819 2665 eo

231 2665 381 2721 scitu
415 2679 786 2732 necessarium
812 2696 1073 2741 arcanum
1103 2707 1116 2743 :
1144 2691 1208 2744 El
1236 2693 1345 2764 γὰρ
1374 2695 1553 2768 ἔμοιγ’
1578 2700 1643 2755 ἂν
1673 2704 1816 2757 ἀπο-

229 2759 654 2838 κρύψῃς,σχολῇ
676 2770 727 2837 γ’
745 2771 812 2824 ἂν
838 2775 1048 2846 ἑτέροις
1066 2759 1383 2858 utereris-qv
1400 2759 1459 2844 Si
1478 2759 1615 2846 enim
1632 2794 1695 2848 de
1721 2796 1816 2851 hoc

230 2865 319 2903 me
346 2854 488 2907 celas
524 2867 669 2912 tuam
690 2866 989 2936 conjugem,
1020 2874 1142 2929 aliis
1188 2877 1244 2930 id
1287 2854 1487 2935 scilicet
1510 2883 1757 2953 fateberis
1789 2893 1815 2945 .”

226 2940 307 2993 Ita
342 2945 507 3001 etiam
550 2951 789 3021 loquitur
807 2956 1077 3033 Georgius
1107 2970 1423 3042 Acropolita
1445 2977 1499 3029 in
1534 2975 1811 3038 Prommio

223 3030 490 3091 Historiae
513 3057 564 3110 p.
595 3042 628 3096 2
655 3047 740 3102 ed.
768 3049 901 3121 Reg.

299 3129 564 3197 Σωλέας,
596 3149 649 3201 p.
700 3139 816 3198 l73.
848 3143 990 3211 Quid
1021 3149 1091 3206 sit
1114 3153 1345 3224 σωλέας,
1373 3176 1571 3235 magna
1602 3176 1655 3221 et
1682 3184 1806 3239 per-

222 3216 389 3284 plexa
439 3228 671 3291 quazstio
729 3242 835 3288 est.
877 3234 1006 3306 Legi
1040 3255 1317 3314 accurate,
1358 3216 1805 3314 diuumeditgtus

219 3321 375 3373 sum,
408 3327 529 3380 quae
557 3318 620 3371 de
652 3319 754 3375 hoc
774 3338 1095 3394 argumento
1121 3336 1220 3391 viri
1239 3336 1802 3408 doctissimiJoannes

218 3397 522 3467 Meursius,
554 3406 664 3462 Leo
688 3412 942 3485 Allatius,
973 3419 1213 3483 Iacobus
1242 3397 1542 3492 Goarﬁord.‘
1565 3397 1797 3511 vi’rard”

225 3485 457 3511 LULM
495 3494 532 3511 ί,
608 3506 617 3511 ,
915 3507 929 3511 _

1366 3485 1377 3487 ν
1426 3485 1542 3492 --_-
1598 3485 1797 3511 -......,

212 3485 463 3547 Jacobus
494 3494 787 3555 Gretserus
808 3514 862 3558 et
912 3507 1225 3570 Ludovicus
1252 3520 1516 3581 Cellotius
1564 3533 1797 3587 societa-

213 3580 289 3632 tis
327 3592 530 3639 nostrm
564 3592 859 3660 scripsere.
911 3597 971 3654 In
1010 3604 1087 3658 rei
1147 3607 1347 3666 deinde
1383 3616 1794 3685 inquisitionem

210 3670 400 3740 ipsius
434 3684 737 3739 attentione
778 3687 937 3759 longa
967 3701 1022 3747 et
1049 3700 1166 3752 acri
1204 3703 1450 3762 incubui.
1506 3708 1789 3781 Exponam

210 3763 334 3827 ltic,
372 3766 419 3819 si
451 3780 663 3839 potero,
688 3777 928 3837 breviter
957 3789 1177 3845 etclare
1208 3796 1340 3863 quid
1370 3800 1637 3860 discussis
1661 3823 1795 3863 cun-

206 3859 324 3910 ctis
362 3862 822 3925 verisimillimum
863 3884 1267 3952 compererim‘,
1316 3890 1439 3946 luce
1490 3903 1787 3963 praesertim

210 3949 357 4003 mihi
382 3952 554 4009 aﬁ‘usa
574 3974 638 4012 ex
671 3966 1045 4025 eruditissima
1076 3974 1312 4033 diatriba
1349 3982 1628 4042 illustriss.
1658 3991 1791 4045 Leo-

209 4038 302 4090 nis
332 4039 516 4094 Allatii
539 4047 604 4100 ad
638 4048 863 4107 Fabium
903 4056 1170 4124 Cltisium,
1206 4066 1368 4124 hodie
1418 4038 1786 4134 Alesaittlrttttt

208 4126 330 4194 Vit,
359 4133 428 4187 de
456 4134 559 4191 hoc
590 4146 809 4212 preprie
832 4163 1159 4216 argumento
1188 4161 1490 4219 novissime
1543 4178 1595 4223 et
1623 4188 1788 4227 accu-

199 4222 495 4280 ratissime
514 4232 741 4301 scripta.
771 4238 977 4309 lueipio
995 4259 1023 4298 a
1048 4250 1493 4312 consideratione
1521 4264 1782 4319 nominis.

199 4312 431 4380 Σωλέας
458 4323 595 4383 sive.
624 4334 681 4379 ut
706 4327 931 4386 Simeou
958 4334 1463 4402 Thessalonicensis
1484 4353 1700 4425 dialogo
1718 4358 1784 4413 de

201 4413 578 4468 sacramentis
609 4423 954 4479 emendatius
981 4433 1199 4497 scribit,
1236 4437 1449 4504 σολέας,
1476 4444 1560 4497 vel
1612 4449 1779 4502 etiam

199 4506 256 4548 ut
293 4502 439 4566 apud
459 4503 848 4580 Eucbologium
874 4516 1295 4579 iuordiuatione
1320 4530 1534 4587 diaconi
1556 4537 1773 4605 legitur,

1609 4591 1635 4605 υ
1759 4591 1773 4605 ν
1886 4591 2130 4606 ’ν’-νευσο
2177 4591 2478 4627 ιιοιιυΰιῠ,
2524 4591 2596 4622 ιη(

193 4591 397 4659 coitio,
429 4612 537 4649 non
564 4610 646 4654 est
666 4607 994 4664 vocabulum
1014 4612 1481 4691 Gra’caorigiuis,
1503 4637 1563 4682 ut
1585 4646 1775 4690 omnes
1806 4659 1854 4718 ε)
1883 4646 2028 4697 saxis
2069 4648 2184 4700 tolli
2229 4664 2600 4726 propugnacul

193 4684 366 4726 {anile
399 4694 770 4726 υηηεηηΙῖηιιι.
806 4715 903 4726 ..ΑΛ
945 4702 1053 4726 ομ...
1079 4709 1129 4726 ωε
1156 4709 1188 4726 ι·
1306 4716 1315 4724 .
1377 4715 1389 4726 .
1439 4718 1447 4726 .
1475 4719 1485 4726 .

192 4684 366 4739 facile
399 4694 770 4763 consentiunt;
805 4715 904 4754 nec
944 4702 1057 4759 tere
1079 4709 1188 4762 vidi
1223 4716 1315 4779 qui
1357 4715 1607 4774 dubitent
1642 4728 1772 4792 quin

194 4775 456 4831 Latinum
491 4784 585 4849 sit,
618 4788 669 4840 in
699 4787 1116 4859 llellenismum.
1148 4812 1203 4854 ut
1232 4805 1335 4859 alia
1381 4810 1636 4879 plurima,
1669 4832 1768 4873 usu

187 4869 497 4927 iutrusum.
537 4876 592 4929 Si
626 4895 754 4950 ergo
788 4883 1252 4959 disquisierimus,
1279 4899 1407 4964 quid
1434 4901 1648 4962 Latinis
1682 4925 1771 4961 va-

186 4962 305 5014 leat
335 4964 502 5029 solea,
534 4966 672 5025 forte
698 4988 806 5028 non
854 4977 1017 5033 tuerit
1048 4983 1100 5036 id
1156 4987 1349 5043 inutile
1397 4995 1463 5046 ad
1502 4995 1768 5059 judicium

179 5058 548 5111 statuendum
583 5062 651 5115 de
679 5079 736 5119 re
768 5067 881 5134 ipsa
916 5086 1049 5127 voce
1077 5077 1178 5131 bac
1213 5079 1473 5149 indicata,
1516 5105 1765 5157 quaenam

180 5147 415 5200 tandem
436 5151 529 5203 sit.
548 5152 748 5211 Sextus
774 5160 938 5231 607
963 5163 1262 5237 Pompeius
1285 5174 1765 5249 Festus,optimus

176 5252 488 5296 enarrator
517 5250 868 5316 antiquarum
891 5259 1182 5316 notionum
1211 5269 1393 5322 verbis
1415 5271 1621 5331 Latiaris
1639 5284 1768 5331 sub-

174 5332 487 5400 jectarum.
510 5354 617 5393 non
643 5357 741 5395 sua
767 5347 943 5405 solius
971 5355 1066 5407 sed
1089 5354 1257 5413 Marci
1289 5374 1551 5429 przetcrea
1582 5370 1759 5426 Verrii

175 5423 395 5490 Flacci,
434 5432 887 5503 antiquiorisnec
922 5446 1105 5500 minus
1135 5457 1760 5528 aceuratigrammatici,

171 5522 512 5578 auctoritate
583 5527 946 5596 signiﬁcatum
1040 5546 1286 5598 vocabuli
1379 5552 1525 5606 solea
1601 5560 1761 5613 nobis

171 5612 436 5665 edisserit
464 5616 548 5671 his
580 5622 759 5676 verbis
796 5644 808 5678 :
839 5625 1017 5691 Soleo,
1060 5644 1116 5685 ut
1157 5639 1230 5688 ait
1280 5639 1504 5710 Verrius,
1547 5644 1759 5705 nonest

172 5703 350 5755 solum
387 5723 450 5759 ea
479 5725 595 5775 qua:
627 5713 739 5766 solo
768 5720 919 5784 pedis
950 5723 1261 5794 subjicitur,
1295 5734 1387 5784 sed
1445 5740 1607 5792 etiam
1665 5761 1758 5809 pro

170 5796 407 5847 materia
445 5801 690 5856 robustea
712 5806 819 5872 (vel
844 5820 901 5861 ut
927 5814 1095 5869 habet
1136 5821 1242 5873 alia
1273 5823 1456 5892 lectio,
1488 5835 1750 5900 robusta),

168 5899 331 5951 super
363 5903 522 5954 quam
548 5895 722 5960 paries
746 5901 995 5956 crutitius
1019 5911 1334 5965 exstruitur.
1376 5913 1577 5978 Paulus
1609 5923 1755 5981 hunc

523 6061 551 6077 Ι

1864 1950 1907 2005 Β
1937 1968 2109 2021 miora
2139 1972 2246 2025 sint
2274 1975 2532 2045 inferiora
2586 1992 2968 2061 superioribus,

1833 3307 1875 3361 ε
1913 3264 2135 3318 terrenis
2158 3269 2399 3334 operibus
2446 3277 2709 3349 obruitur,

1951 674 2113 730 habet
2146 695 2160 732 :
2200 677 2359 735 Solea
2390 685 2468 738 vel
2494 703 2556 740 ea
2593 690 2791 746 dicitur
2825 712 2941 766 qua:
2968 674 3082 757 solo
3108 674 3256 772 pedis
3314 713 3535 782 subjici~

1949 771 2038 814 tur
2186 768 2264 821 rel
2287 777 2508 828 materia
2537 780 2799 850 robustea,
2828 796 2984 855 super
3012 810 3171 862 quant
3201 803 3378 868 paries
3406 820 3532 859 cra-

1946 855 2096 908 titius
2134 863 2451 919 exstruitur.
2487 867 2540 922 lu
2582 876 2827 943 margine
2849 880 3148 942 editionum
3175 895 3524 962 optimarum.

1949 942 2166 1003 Venetae
2195 953 2324 1007 anni
2368 957 2505 1012 i560
2536 977 2600 1015 ex
2629 942 2959 1027 bibliotheca
2993 942 3236 1036 Autouiir
3257 986 3522 1058 Augusti-

3206 1035 3487 1058 ,___ou-"

1947 1035 2025 1095 ni,
2077 1046 2133 1091 et
2175 1038 2503 1104 Parisiensis
2559 1051 2949 1126 Scaligeriante
2992 1070 3122 1123 anni
3177 1074 3337 1141 1584,
3367 1081 3523 1135 ’ἀντὶ

1944 1126 2039 1180 τοῦ
2070 1145 2168 1195 pro
2192 1142 2504 1205 suggeritur
2529 1147 2632 1199 alia
2663 1149 2824 1209 lectio
2854 1172 2969 1224 per,
3008 1160 3096 1233 [P.
3128 1165 3269 1239 420]
3300 1187 3366 1227 ex
3411 1192 3519 1244 qua

3008 1224 3026 1233 _
3257 1224 3268 1239 ,
3415 1224 3519 1244 .,-__

1944 1224 2264 1290 conjectura
2293 1229 2435 1288 forte
2464 1252 2572 1291 non
2604 1257 2740 1297 vana
2764 1245 3021 1321 ducatur,
3068 1260 3331 1331 scripturn
3389 1268 3521 1323 olim

1947 1314 1997 1366 iu
2042 1319 2339 1390 archetypo
2393 1327 2564 1384 fuisse
2588 1349 2677 1400 pes
2712 1356 2740 1391 e
2806 1348 3035 1401 materia
3087 1354 3357 1429 rabustea,
3408 1370 3518 1416 etc.

1947 1405 2073 1429 M___
2116 1426 2167 1429 μ
2251 1415 2283 1429 ,.
2328 1417 2357 1429 .,
2589 1426 2599 1429 -

3203 1405 3357 1429 νη,
3411 1405 3518 1416 -.ω

1942 1405 2077 1461 Nam
2114 1426 2207 1478 pes
2232 1415 2437 1474 dicitur
2457 1426 2601 1492 quod
2635 1429 2782 1485 aliud
2809 1438 3065 1507 sustinet,
3100 1451 3157 1497 ιιι
3182 1463 3272 1515 pes
3323 1468 3519 1508 mensa:

1942 1498 2141 1565 Plinio.
2189 1506 2229 1560 l.
2288 1526 2385 1576 ιιι,
2436 1519 2580 1574 c.i:
2638 1523 2839 1579 Eodem
2890 1532 3044 1587 ebore
3099 1543 3376 1596 numinum
3422 1564 3517 1602 ora

1941 1605 2308 1657 spectarentur
2334 1615 2382 1656 et
2410 1622 2711 1668 mensarum
2742 1619 2933 1687 pedes;
2964 1643 3074 1695 quo
3109 1646 3272 1688 sensu
3300 1647 3513 1694 stereo-

1942 1682 2108 1741 batou
2139 1704 2232 1757 pes
2262 1706 2342 1749 est
2370 1700 2648 1769 stylobati.
2685 1682 2996 1779 Vitruvius:
3026 1718 3063 1772 Ι.
3099 1737 3179 1787 ιιι,
3214 1742 3264 1781 c.
3302 1729 3335 1782 5
3366 1748 3378 1783 :
3409 1730 3516 1786 Su-

1937 1791 2035 1842 pra
2065 1790 2259 1836 terram
2311 1792 2540 1855 parietes
2565 1810 2909 1859 exstruuntur
2945 1812 3040 1864 sub
3062 1815 3322 1873 columnis
3352 1823 3517 1879 dirui-

1938 1870 2024 1923 dio
2064 1877 2351 1933 crassiores
2378 1900 2533 1952 quam
2569 1893 2828 1950 columna:
2864 1914 2986 1955 sunt
3032 1906 3251 1975 futnrtr,
3284 1917 3361 1967 uti
3414 1920 3512 1985 ﬁr-

3024 2018 3140 2068 ane
3194 2011 3508 2066 stereobata

2382 2090 2504 2129 nam
2533 2082 2804 2149 excipiunt
2846 2104 3026 2146 tolera.
3093 2096 3262 2155 Paulo
3330 2117 3452 2174 post
3491 2127 3504 2161 :

3156 2149 3257 2155 η---
3330 2149 3452 2174 Γ.-.
3491 2151 3504 2161 .

1933 2149 2237 2213 Exstructis
2311 2177 2490 2222 autem
2570 2174 2931 2242 fundamentis
2993 2192 3064 2242 ad
3126 2194 3505 2255 libramentum

1930 2246 2209 2315 stylobata:
2244 2270 2365 2311 sunt
2402 2264 2743 2335 collocandtz,
2783 2292 2949 2346 supra
2979 2285 3269 2352 stylobatas
3294 2293 3501 2347 colum-

1930 2356 2011 2393 na:
2038 2344 2404 2417 disponenda,
2443 2369 2553 2413 etc.
2585 2361 2825 2423 Materiae
2854 2388 3016 2439 porro
3077 2383 3353 2439 mentione
3410 2404 3500 2443 ro-

1928 2431 2135 2489 bustea:
2166 2454 2273 2494 nou
2317 2449 2536 2515 proprie
2593 2454 3009 2527 intelligendum
3070 2470 3161 2525 hic
3200 2490 3497 2541 querceum

1928 2521 1995 2541 ,μ
2268 2532 2279 2541 .

2776 2521 2797 2527 τ
3091 2521 3096 2522 ,
3140 2521 3155 2525 -
3203 2521 3497 2541 Ἵππη...

1926 2521 2157 2593 lignum,
2184 2532 2279 2585 sed
2330 2544 2695 2611 nietonymicc
2738 2564 2940 2620 corpus
2982 2562 3213 2627 quodvis
3276 2570 3497 2629 duritiei

1923 2626 2141 2682 quanta:
2178 2636 2316 2690 opus
2351 2638 2436 2681 est
2472 2634 2599 2687 moli
2641 2643 2983 2706 gravisaima:
3006 2626 3312 2719 portandaz.
3341 2662 3497 2720 Allu-

1922 2703 2072 2760 ditur
2123 2712 2268 2768 enim
2307 2717 2362 2771 in
2393 2721 2673 2783 similibus
2705 2734 2860 2802 origo
2906 2743 3313 2816 architectum,
3374 2772 3496 2824 qua:

3376 2802 3492 2824 .,....

1920 2802 2157 2869 primum
2187 2823 2302 2865 aevo
2338 2815 2542 2872 rudiori
2572 2820 2734 2891 lignis
2766 2831 3098 2902 mdiﬁcabat,
3160 2857 3224 2896 ex
3289 2850 3492 2915 quibus

1919 2901 2213 2962 querceum
2256 2901 2540 2964 fundanda
2573 2925 2759 2983 aptum
2806 2901 3157 2989 indicabatur
3214 2901 3489 2998 ob'doﬁtcs

1917 3000 2053 3052 quas
2089 3004 2353 3051 memorat
2392 2997 2694 3071 Vitruvius,
2736 3011 2775 3067 l.
2821 3030 2884 3079 tt,
2932 3033 2986 3100 ρ.
3022 3023 3075 3086 9,
3126 3026 3212 3083 liis
3245 3034 3427 3091 verbis
3473 3060 3483 3092 :

1918 3074 2120 3100 ημῶν
2186 3095 2196 3100 _
2365 3091 2377 3100 ,
2495 3095 2505 3100 ,
2588 3099 2592 3100 ν

1917 3074 2153 3142 Quercus
2179 3091 2405 3146 terrenis
2421 3095 2802 3166 principiorum
2825 3090 3162 3173 satietatibus
3184 3124 3483 3193 abundans.

1911 3183 2204 3243 parumque
2239 3178 2435 3238 habens
2464 3187 2700 3247 humoris
2727 3207 2776 3249 et
2815 3203 2955 3257 aeris
2995 3218 3043 3259 et
3084 3211 3240 3279 ignis,

1936 2061 2279 2127 appellantur
2308 2085 2327 2122 :

3277 3236 3393 3272 cum
3431 3225 3486 3277 in

2755 3289 3017 3356 infinitam
3070 3301 3223 3357 habet
3267 3316 3480 3365 a'terni-

1909 3364 2090 3423 tatem,
2119 3376 2184 3415 ea:
2209 3380 2269 3417 eo
2300 3369 2441 3435 quod
2466 3388 2583 3428 cum
2615 3384 2855 3451 tangitur
2881 3389 3121 3460 ltuntore,
3155 3416 3257 3455 non
3284 3406 3481 3465 habens

1909 3445 1986 3465 ιη
2089 3452 2101 3462 ι
2374 3462 2383 3465 -

2711 3445 2731 3451 ν
3077 3445 3121 3460 ,,
3155 3445 3257 3455 ην..
3284 3445 3481 3465 "aut".

1904 3445 2227 3512 foraminum
2264 3462 2522 3517 caritates
2555 3481 2769 3538 propter
2790 3480 3135 3555 spissitatem,
3181 3509 3283 3549 non
3312 3511 3484 3567 potest

2653 3537 2658 3538 ί
2815 3537 2824 3544 _
3016 3537 3050 3540 ,-
3181 3537 3282 3549 η-..
3312 3537 3482 3567 rw...

1901 3537 1956 3587 in
1987 3554 2205 3607 corpore
2234 3550 2462 3617 recipere
2497 3555 2777 3628 liquorem,
2809 3573 2899 3622 sed
2921 3573 3129 3645 fugiens
3164 3589 3229 3638 ab
3263 3589 3482 3650 [tumore

2921 3630 2932 3641 _
2983 3630 3007 3645 ν
3165 3630 3221 3638 _-
3263 3630 3477 3650 ...πηνα

1900 3630 2119 3687 resistit.
2147 3634 2551 3700 Retinebautur
2574 3664 2783 3725 autem,
2812 3664 2978 3719 etiam
3002 3683 3120 3735 post
3144 3680 3477 3744 substitutos

2769 3717 2781 3725 ν
2949 3717 2976 3719 η
3002 3717 3120 3735 ..ιν-υτ
3144 3717 3474 3744 uua-autut"!

1900 3717 1952 3769 in
1996 3731 2293 3784 structuris
2340 3734 2488 3804 ligno
2552 3742 2780 3812 lapides,
2840 3760 3106 3817 vocabula
3152 3772 3353 3837 priora.
3405 3778 3474 3834 Ut

1900 3806 2097 3837 [)....t..-
2127 3830 2182 3837 Α-.
2212 3816 2273 3837 n—
2317 3832 2329 3837 -
2490 3827 2501 3837 ·
2598 3829 2629 3837 "
2682 3834 2689 3837 ‘

2609 3806 2617 3810 _
2769 3806 2778 3812 _
2886 3806 3106 3817 ἣρω-η.
3173 3806 3353 3828 "tum.
3408 3806 3466 3834 Ul

1894 3806 2101 3865 Paulus
2122 3830 2183 3868 ex
2207 3816 2369 3875 Festo
2393 3827 2557 3883 verbo
2587 3829 2793 3889 Rubum
2826 3846 2989 3898 tradit
3014 3806 3227 3908 Robdm
3261 3860 3466 3919 dictqu

3028 3898 3227 3908 ηπ...
3262 3898 3463 3919 νημαι.

1896 3898 1948 3953 in
2011 3918 2235 3962 carcere
2272 3911 2448 3969 locum
2504 3936 2613 3988 quo
2663 3931 3038 4000 praecipitatur
3094 3947 3463 4011 malelicorum

1894 4006 2063 4059 genus
2119 3998 2274 4067 (puta
2326 4006 2605 4080 fastigium
2658 4035 3052 4093 propugnaculi
3109 4037 3161 4091 in
3228 4059 3468 4118 prayer-p5

1894 4084 2182 4118 inme..-”
2508 4107 2518 4118 .
2564 4107 2589 4118 ..
2633 4111 2642 4118 .
2823 4117 2827 4118 ν

2659 4084 2670 4087 ⁷
2759 4084 2772 4091 -
2837 4084 2864 4093 ν
2962 4084 2965 4085 ν
3021 4084 3051 4086 κε
3109 4084 3160 4091 --.
3228 4084 3382 4111 γυιων·
3404 4084 3464 4118 ΙΙ-

1893 4084 2205 4155 imminens,
2242 4098 2384 4153 unde
2416 4107 2642 4163 maleﬁci
2673 4117 2911 4173 convicti
2954 4126 3368 4201 tlcjiciebautttr,
3404 4154 3464 4196 ut

1894 4175 2117 4201 IlquL-r
2445 4194 2485 4201 '-

2963 4175 3034 4194 ην,
3068 4175 3368 4201 -.-υ-...υιιιο
3405 4175 3459 4196 ιιι

1892 4175 2125 4237 Manlius
2165 4203 2229 4239 ex
2276 4206 2408 4259 rupe
2445 4194 2723 4271 Tarpeia).
2780 4209 3016 4271 Causam
3076 4228 3459 4292 appellationis

1888 4275 2072 4326 statim
2131 4281 2315 4348 tradit,
2365 4291 2505 4350 quod
2551 4306 2672 4350 ante
2725 4318 2873 4357 arces
2914 4310 3174 4370 robusteis
3224 4322 3463 4380 include-

1889 4364 2101 4433 bantur,
2146 4372 2248 4428 hoc
2304 4392 2407 4444 est,
2453 4388 2712 4451 quoniam
2753 4398 2897 4464 apud
2932 4413 3147 4460 veteres
3185 4426 3301 4467 mus
3340 4430 3461 4472 erat

1886 4459 2095 4513 arcium
2124 4464 2366 4523 claustra
2400 4475 2465 4527 ad
2495 4494 2773 4537 summum
2806 4504 2979 4560 usque
3012 4502 3272 4556 mteuium
3296 4507 3460 4579 lignis

1886 4550 2129 4579 ι-,λιιιιη-ηέ..
2182 4570 2340 4579 -_.-._,
2526 4569 2536 4579 .
2607 4573 2615 4579 .

2886 4550 2904 4560 ,
3296 4550 3459 4579 νυ...-

1886 4550 2130 4606 roboreis
2177 4570 2478 4627 exstruere,
2524 4569 2653 4625 inde
2710 4588 2896 4644 postea
2936 4602 3157 4659 quoque
3209 4613 3373 4664 quam
3428 4620 3459 4655 ο

2608 4680 2635 4717 a
2676 4684 3040 4744 consuevere,
3085 4690 3288 4743 mansit
3339 4696 3456 4761 pri-

1877 4749 2031 4790 seum
2066 4745 2391 4802 vocabulum
2418 4760 2683 4827 materne,
2708 4769 2939 4835 ut;robus
2959 4777 3123 4831 etiam
3152 4790 3266 4837 tum
3294 4784 3452 4842 fasti-

1875 4935 2039 4987 quam
2070 4925 2247 4993 ipsum
2284 4937 2498 4993 roboris
2541 4955 2634 4999 aut
2672 4950 2922 5008 robustei
2971 4975 3168 5017 nomen
3208 4976 3451 5030 materia:

1874 5029 2124 5081 quercea:
2155 5028 2441 5093 proprium
2476 5048 2581 5087 non
2626 5048 2731 5102 est,
2773 5048 2867 5097 sed
2900 5051 3140 5119 coloris;
3182 5062 3325 5115 unde
3350 5064 3449 5120 bos

1874 5105 2029 5157 robus
2093 5110 2210 5163 sive
2258 5114 2416 5167 rubus
2480 5124 2675 5188 priscis
2722 5140 2856 5184 erat.
2914 5134 3117 5193 Paulus
3166 5160 3231 5198 ex
3283 5149 3451 5223 608

1874 5194 2036 5223 Dnn'n
2072 5215 2085 5223 -
2124 5199 2261 5223 ηριυ
2415 5209 2426 5223 ¹
2604 5218 2612 5223 '

3171 5194 3231 5198 τ’*
3284 5194 3445 5223 vva

1873 5194 2037 5248 Festo
2072 5215 2085 5252 :
2117 5199 2316 5256 Robum
2342 5209 2498 5262 rubro
2529 5218 2720 5282 colore,
2760 5234 2808 5274 et
2835 5242 2953 5293 qua:
2977 5234 3096 5300 rufo
3126 5238 3445 5307 signiﬁcari,

1871 5297 1929 5338 ut
1956 5289 2128 5343 bovem
2173 5309 2376 5366 quoque
2425 5309 2609 5359 rustici
2645 5315 2927 5385 appellent,
2967 5328 3303 5396 manifestum
3344 5348 3444 5393 est.

1877 5376 1917 5396 ιγ
1978 5381 1990 5396 .
2116 5395 2120 5396 κ
2351 5392 2359 5396 -

2680 5376 2720 5379 ν.
2915 5376 2926 5385 ,
3344 5376 3444 5393 ..η

1872 5376 2019 5431 Unde
2074 5395 2122 5435 et
2170 5392 2394 5445 materia
2448 5412 2564 5463 quae
2620 5404 2876 5469 plurimas
2930 5416 3081 5471 liabet
3125 5438 3276 5479 venas
3326 5431 3447 5499 ejus

1872 5474 2059 5499 ηΑΙΑμΖ-
2124 5480 2222 5499 ΑΒ..
2356 5496 2365 5499 Α
2464 5491 2475 5499 .
2633 5494 2673 5499 __

3160 5474 3165 5475 ,
3202 5474 3274 5479 η-
3327 5474 3445 5499 η...

1867 5474 2083 5535 coloris.
2116 5480 2259 5534 dicta
2288 5496 2367 5537 est
2394 5491 2584 5548 robur.
2626 5494 2764 5552 Hinc
2793 5515 2841 5555 et
2871 5506 3105 5567 homines
3142 5519 3369 5577 valentes
3394 5536 3445 5579 et

1867 5566 1987 5617 boui
2017 5574 2209 5626 coloris
2253 5578 2479 5635 robusti.
2513 5585 2635 5642 lltec
2660 5588 2878 5660 Festus,
2901 5616 3025 5669 qua.-
3060 5607 3443 5673 demonstrant

1866 5658 2001 5710 nihil
2037 5663 2243 5718 referre
2278 5670 2343 5723 ad
2384 5687 2496 5727 rem
2552 5678 2727 5746 ipsam
2766 5703 2889 5754 qua:
2921 5696 3068 5748 solea
3105 5698 3158 5753 in
3192 5705 3443 5764 :editiciis

1866 5766 2112 5817 vocatur,
2174 5759 2426 5826 ligncaue
2478 5768 2549 5819 sit
2610 5787 2676 5825 au
2737 5792 2922 5847 saxea,
2984 5802 3291 5849 marmorea
3355 5805 3439 5855 vcl

1862 5858 2001 5895 terea
2028 5855 2327 5905 structura.
2358 5853 2635 5917 Hactenus
2660 5867 3014 5930 inl'ormatam
3045 5896 3107 5935 ex
3133 5887 3441 5955 Originibus

1862 5932 1881 5955 ,
2309 5946 2319 5955 .
2391 5950 2397 5955 .
2424 5949 2437 5955 -

1862 5932 2039 5988 Latini
2081 5946 2353 6001 sermonis
2390 5949 2563 6007 ideam
2598 5960 2672 6013 rci
2708 5977 2836 6032 qua:
2868 5970 3009 6024 solea
3051 5976 3274 6045 dicitur,
3305 5998 3437 6037 con-
