  <div class='ocr_page' id='page_1' title='image "/cluster/home/n/w/nwhite01/storage/ocr_20150623/143/hvd.32044019208321/573.png"; bbox 0 0 3992 6530; ppageno 0'>
   <div class='ocr_carea' id='block_1_1' title="bbox 625 427 758 492">
    <p class='ocr_par' dir='ltr' id='par_1_1' title="bbox 625 427 758 492">
     <span class='ocr_line' id='line_1_1' title="bbox 625 427 758 492; baseline 0.015 -2"><span class='ocrx_word' id='word_1_1' title='bbox 625 427 758 492; x_wconf 75' lang='lat'><strong>1071</strong></span> 
     </span>
    </p>
   </div>
   <div class='ocr_carea' id='block_1_2' title="bbox 1549 441 2963 512">
    <p class='ocr_par' dir='ltr' id='par_1_2' title="bbox 1549 441 2963 512">
     <span class='ocr_line' id='line_1_2' title="bbox 1549 441 2963 512; baseline 0.008 -10"><span class='ocrx_word' id='word_1_2' title='bbox 1549 441 1615 504; x_wconf 87' lang='lat' dir='ltr'><strong>P.</strong></span> <span class='ocrx_word' id='word_1_3' title='bbox 1660 442 1962 506; x_wconf 77' lang='lat' dir='ltr'><strong>POSSINI</strong></span> <span class='ocrx_word' id='word_1_4' title='bbox 2008 446 2668 510; x_wconf 75' lang='lat' dir='ltr'><strong>OBSERVATIONUM</strong></span> <span class='ocrx_word' id='word_1_5' title='bbox 2733 451 2884 512; x_wconf 86' lang='lat' dir='ltr'><strong>LIB.</strong></span> <span class='ocrx_word' id='word_1_6' title='bbox 2913 453 2963 512; x_wconf 87' lang='grc' dir='ltr'><strong>Ῐ.</strong></span> 
     </span>
    </p>
   </div>
   <div class='ocr_carea' id='block_1_3' title="bbox 3716 464 3819 528">
    <p class='ocr_par' dir='ltr' id='par_1_3' title="bbox 3716 464 3819 528">
     <span class='ocr_line' id='line_1_3' title="bbox 3716 464 3819 528; baseline -0.01 0"><span class='ocrx_word' id='word_1_7' title='bbox 3716 464 3819 528; x_wconf 71' lang='grc'><strong>1072</strong></span> 
     </span>
    </p>
   </div>
   <div class='ocr_carea' id='block_1_4' title="bbox 620 549 3816 650">
    <p class='ocr_par' dir='ltr' id='par_1_4' title="bbox 620 549 3816 650">
     <span class='ocr_line' id='line_1_4' title="bbox 620 549 3816 650; baseline 0.012 -47"><span class='ocrx_word' id='word_1_8' title='bbox 620 549 860 606; x_wconf 78' lang='lat' dir='ltr'><strong>feramus</strong></span> <span class='ocrx_word' id='word_1_9' title='bbox 887 553 953 605; x_wconf 88' lang='lat' dir='ltr'><strong>ad</strong></span> <span class='ocrx_word' id='word_1_10' title='bbox 991 569 1150 608; x_wconf 87' lang='lat' dir='ltr'><strong>usum</strong></span> <span class='ocrx_word' id='word_1_11' title='bbox 1175 554 1586 626; x_wconf 86' lang='lat' dir='ltr'><strong>disquisitionis</strong></span> <span class='ocrx_word' id='word_1_12' title='bbox 1617 565 1931 631; x_wconf 72' lang='lat' dir='ltr'><strong>praesentis,</strong></span> <span class='ocrx_word' id='word_1_13' title='bbox 1960 574 2014 621; x_wconf 88' lang='lat' dir='ltr'><strong>et</strong></span> <span class='ocrx_word' id='word_1_14' title='bbox 2039 567 2202 622; x_wconf 85' lang='lat' dir='ltr'><strong>inda-</strong></span> <span class='ocrx_word' id='word_1_15' title='bbox 2231 567 2276 626; x_wconf 78' lang='grc' dir='ltr'><strong>Α</strong></span> <span class='ocrx_word' id='word_1_16' title='bbox 2310 566 2536 637; x_wconf 75' lang='grc' dir='ltr'>στήθεα,</span> <span class='ocrx_word' id='word_1_17' title='bbox 2568 570 2772 637; x_wconf 76' lang='lat' dir='ltr'><strong>auibus</strong></span> <span class='ocrx_word' id='word_1_18' title='bbox 2793 570 3161 639; x_wconf 70' lang='lat' dir='ltr'><strong>designantur</strong></span> <span class='ocrx_word' id='word_1_19' title='bbox 3187 571 3292 626; x_wconf 91' lang='lat' dir='ltr'><strong>alte</strong></span> <span class='ocrx_word' id='word_1_20' title='bbox 3309 575 3572 629; x_wconf 84' lang='lat' dir='ltr'><strong>exstantia</strong></span> <span class='ocrx_word' id='word_1_21' title='bbox 3599 579 3725 650; x_wconf 87' lang='lat' dir='ltr'><strong>tigna</strong></span> <span class='ocrx_word' id='word_1_22' title='bbox 3745 588 3816 640; x_wconf 72' lang='grc' dir='ltr'>τοῦ</span> 
     </span>
    </p>
   </div>
   <div class='ocr_carea' id='block_1_5' title="bbox 614 647 2188 731">
    <p class='ocr_par' dir='ltr' id='par_1_5' title="bbox 614 647 2188 731">
     <span class='ocr_line' id='line_1_5' title="bbox 614 647 2188 731; baseline 0.013 -34"><span class='ocrx_word' id='word_1_23' title='bbox 614 658 805 713; x_wconf 75' lang='lat' dir='ltr'><strong>genius</strong></span> <span class='ocrx_word' id='word_1_24' title='bbox 838 647 889 699; x_wconf 90' lang='lat' dir='ltr'><strong>in</strong></span> <span class='ocrx_word' id='word_1_25' title='bbox 933 649 1152 717; x_wconf 92' lang='lat' dir='ltr'><strong>templis</strong></span> <span class='ocrx_word' id='word_1_26' title='bbox 1179 649 1498 708; x_wconf 70' lang='lat' dir='ltr'><strong>Grrecorum</strong></span> <span class='ocrx_word' id='word_1_27' title='bbox 1522 659 1721 726; x_wconf 85' lang='lat' dir='ltr'><strong>ecquid</strong></span> <span class='ocrx_word' id='word_1_28' title='bbox 1755 658 1921 714; x_wconf 82' lang='lat' dir='ltr'><strong>fuerit</strong></span> <span class='ocrx_word' id='word_1_29' title='bbox 1949 659 2096 731; x_wconf 82' lang='lat' dir='ltr'><strong>quod</strong></span> <span class='ocrx_word' id='word_1_30' title='bbox 2135 662 2188 718; x_wconf 89' lang='lat' dir='ltr'><strong>in</strong></span> 
     </span>
    </p>
   </div>
   <div class='ocr_carea' id='block_1_6' title="bbox 613 733 2192 819">
    <p class='ocr_par' dir='ltr' id='par_1_6' title="bbox 613 733 2192 819">
     <span class='ocr_line' id='line_1_6' title="bbox 613 733 2192 819; baseline 0.015 -34"><span class='ocrx_word' id='word_1_31' title='bbox 613 733 755 789; x_wconf 87' lang='lat' dir='ltr'><strong>hanc</strong></span> <span class='ocrx_word' id='word_1_32' title='bbox 795 735 1027 791; x_wconf 79' lang='lat' dir='ltr'><strong>formant</strong></span> <span class='ocrx_word' id='word_1_33' title='bbox 1061 737 1362 808; x_wconf 81' lang='lat' dir='ltr'><strong>incideret;</strong></span> <span class='ocrx_word' id='word_1_34' title='bbox 1416 744 1564 800; x_wconf 88' lang='lat' dir='ltr'><strong>unde</strong></span> <span class='ocrx_word' id='word_1_35' title='bbox 1615 756 1858 804; x_wconf 75' lang='lat' dir='ltr'><strong>statuere</strong></span> <span class='ocrx_word' id='word_1_36' title='bbox 1910 752 2192 819; x_wconf 77' lang='lat' dir='ltr'><strong>possimus</strong></span> 
     </span>
    </p>
   </div>
   <div class='ocr_carea' id='block_1_7' title="bbox 613 829 2192 912">
    <p class='ocr_par' dir='ltr' id='par_1_7' title="bbox 613 829 2192 912">
     <span class='ocr_line' id='line_1_7' title="bbox 613 829 2192 912; baseline 0.014 -32"><span class='ocrx_word' id='word_1_37' title='bbox 613 829 791 898; x_wconf 82' lang='lat' dir='ltr'><strong>ipsum</strong></span> <span class='ocrx_word' id='word_1_38' title='bbox 821 832 873 884; x_wconf 92' lang='lat' dir='ltr'><strong>id</strong></span> <span class='ocrx_word' id='word_1_39' title='bbox 913 833 1244 905; x_wconf 78' lang='grc' dir='ltr'><strong>αὐτόχρημα</strong></span> <span class='ocrx_word' id='word_1_40' title='bbox 1277 838 1467 903; x_wconf 84' lang='lat' dir='ltr'><strong>tuisse,</strong></span> <span class='ocrx_word' id='word_1_41' title='bbox 1500 843 1648 910; x_wconf 86' lang='lat' dir='ltr'><strong>quod</strong></span> <span class='ocrx_word' id='word_1_42' title='bbox 1685 845 1954 899; x_wconf 84' lang='lat' dir='ltr'><strong>vocabulo</strong></span> <span class='ocrx_word' id='word_1_43' title='bbox 1981 845 2192 912; x_wconf 79' lang='grc' dir='ltr'>σωλέας</span> 
     </span>
    </p>
   </div>
   <div class='ocr_carea' id='block_1_8' title="bbox 610 921 2193 1004">
    <p class='ocr_par' dir='ltr' id='par_1_8' title="bbox 610 921 2193 1004">
     <span class='ocr_line' id='line_1_8' title="bbox 610 921 2193 1004; baseline 0.013 -29"><span class='ocrx_word' id='word_1_44' title='bbox 610 921 890 976; x_wconf 85' lang='lat' dir='ltr'><strong>indicatur</strong></span> <span class='ocrx_word' id='word_1_45' title='bbox 938 933 990 977; x_wconf 90' lang='lat' dir='ltr'><strong>et</strong></span> <span class='ocrx_word' id='word_1_46' title='bbox 1022 942 1051 979; x_wconf 82' lang='lat' dir='ltr'><strong>a</strong></span> <span class='ocrx_word' id='word_1_47' title='bbox 1094 937 1288 983; x_wconf 88' lang='lat' dir='ltr'><strong>nostro</strong></span> <span class='ocrx_word' id='word_1_48' title='bbox 1327 930 1418 985; x_wconf 88' lang='lat' dir='ltr'><strong>hic</strong></span> <span class='ocrx_word' id='word_1_49' title='bbox 1453 931 1791 1004; x_wconf 85' lang='lat' dir='ltr'><strong>Pacltymere</strong></span> <span class='ocrx_word' id='word_1_50' title='bbox 1822 947 1876 990; x_wconf 89' lang='lat' dir='ltr'><strong>et</strong></span> <span class='ocrx_word' id='word_1_51' title='bbox 1913 954 1941 990; x_wconf 88' lang='lat' dir='ltr'><strong>a</strong></span> <span class='ocrx_word' id='word_1_52' title='bbox 1986 937 2193 996; x_wconf 64' lang='lat' dir='ltr'><strong>Grarcis</strong></span> 
     </span>
    </p>
   </div>
   <div class='ocr_carea' id='block_1_9' title="bbox 612 1014 2191 1111">
    <p class='ocr_par' dir='ltr' id='par_1_9' title="bbox 612 1014 2191 1111">
     <span class='ocr_line' id='line_1_9' title="bbox 612 1014 2191 1111; baseline 0.014 -48"><span class='ocrx_word' id='word_1_53' title='bbox 612 1014 1016 1071; x_wconf 85' lang='lat' dir='ltr'><strong>recentioribus</strong></span> <span class='ocrx_word' id='word_1_54' title='bbox 1053 1021 1260 1088; x_wconf 88' lang='lat' dir='ltr'><strong>passim</strong></span> <span class='ocrx_word' id='word_1_55' title='bbox 1303 1024 1581 1111; x_wconf 60' lang='lat' dir='ltr'><strong>plut-imis.</strong></span> <span class='ocrx_word' id='word_1_56' title='bbox 1618 1028 1794 1098; x_wconf 80' lang='lat' dir='ltr'><strong>Adyta</strong></span> <span class='ocrx_word' id='word_1_57' title='bbox 1827 1031 1882 1083; x_wconf 89' lang='lat' dir='ltr'><strong>in</strong></span> <span class='ocrx_word' id='word_1_58' title='bbox 1918 1029 2191 1086; x_wconf 89' lang='lat' dir='ltr'><strong>Christia-</strong></span> 
     </span>
    </p>
   </div>
   <div class='ocr_carea' id='block_1_10' title="bbox 610 1103 2193 1192">
    <p class='ocr_par' dir='ltr' id='par_1_10' title="bbox 610 1103 2193 1192">
     <span class='ocr_line' id='line_1_10' title="bbox 610 1103 2193 1192; baseline 0.013 -34"><span class='ocrx_word' id='word_1_59' title='bbox 610 1103 700 1159; x_wconf 91' lang='lat' dir='ltr'><strong>nis</strong></span> <span class='ocrx_word' id='word_1_60' title='bbox 728 1107 875 1176; x_wconf 89' lang='lat' dir='ltr'><strong>apud</strong></span> <span class='ocrx_word' id='word_1_61' title='bbox 907 1109 1135 1166; x_wconf 71' lang='lat' dir='ltr'><strong>Gl&#39;iBCOB</strong></span> <span class='ocrx_word' id='word_1_62' title='bbox 1155 1115 1384 1183; x_wconf 78' lang='lat' dir='ltr'><strong>templis</strong></span> <span class='ocrx_word' id='word_1_63' title='bbox 1406 1103 1542 1172; x_wconf 75' lang='lat' dir='ltr'><strong>inde</strong></span> <span class='ocrx_word' id='word_1_64' title='bbox 1578 1135 1757 1190; x_wconf 84' lang='lat' dir='ltr'><strong>usque</strong></span> <span class='ocrx_word' id='word_1_65' title='bbox 1785 1122 1855 1176; x_wconf 83' lang='lat' dir='ltr'><strong>ab</strong></span> <span class='ocrx_word' id='word_1_66' title='bbox 1882 1123 2193 1192; x_wconf 80' lang='lat' dir='ltr'><strong>originibus</strong></span> 
     </span>
    </p>
   </div>
   <div class='ocr_carea' id='block_1_11' title="bbox 608 1195 2192 1284">
    <p class='ocr_par' dir='ltr' id='par_1_11' title="bbox 608 1195 2192 1284">
     <span class='ocr_line' id='line_1_11' title="bbox 608 1195 2192 1284; baseline 0.014 -36"><span class='ocrx_word' id='word_1_67' title='bbox 608 1195 895 1264; x_wconf 76' lang='lat' dir='ltr'><strong>religionis</strong></span> <span class='ocrx_word' id='word_1_68' title='bbox 923 1209 1080 1268; x_wconf 88' lang='lat' dir='ltr'><strong>septa</strong></span> <span class='ocrx_word' id='word_1_69' title='bbox 1116 1206 1393 1275; x_wconf 71' lang='lat' dir='ltr'><strong>repagulis</strong></span> <span class='ocrx_word' id='word_1_70' title='bbox 1429 1207 1602 1277; x_wconf 79' lang='lat' dir='ltr'><strong>luere,</strong></span> <span class='ocrx_word' id='word_1_71' title='bbox 1633 1227 1756 1280; x_wconf 61' lang='lat' dir='ltr'><strong>quas</strong></span> <span class='ocrx_word' id='word_1_72' title='bbox 1781 1223 1833 1267; x_wconf 90' lang='lat' dir='ltr'><strong>et</strong></span> <span class='ocrx_word' id='word_1_73' title='bbox 1862 1229 2088 1284; x_wconf 75' lang='lat' dir='ltr'><strong>gressus</strong></span> <span class='ocrx_word' id='word_1_74' title='bbox 2121 1218 2192 1270; x_wconf 85' lang='lat' dir='ltr'><strong>ab</strong></span> 
     </span>
    </p>
   </div>
   <div class='ocr_carea' id='block_1_12' title="bbox 611 1288 2190 1375">
    <p class='ocr_par' dir='ltr' id='par_1_12' title="bbox 611 1288 2190 1375">
     <span class='ocr_line' id='line_1_12' title="bbox 611 1288 2190 1375; baseline 0.014 -33"><span class='ocrx_word' id='word_1_75' title='bbox 611 1288 679 1344; x_wconf 89' lang='lat' dir='ltr'><strong>iis</strong></span> <span class='ocrx_word' id='word_1_76' title='bbox 729 1291 1085 1357; x_wconf 81' lang='lat' dir='ltr'><strong>profanorum</strong></span> <span class='ocrx_word' id='word_1_77' title='bbox 1115 1303 1170 1349; x_wconf 91' lang='lat' dir='ltr'><strong>et</strong></span> <span class='ocrx_word' id='word_1_78' title='bbox 1212 1298 1405 1354; x_wconf 89' lang='lat' dir='ltr'><strong>oculos</strong></span> <span class='ocrx_word' id='word_1_79' title='bbox 1447 1314 1723 1358; x_wconf 83' lang='lat' dir='ltr'><strong>arcerent.</strong></span> <span class='ocrx_word' id='word_1_80' title='bbox 1775 1304 1852 1360; x_wconf 80' lang='lat' dir='ltr'><strong>Ac</strong></span> <span class='ocrx_word' id='word_1_81' title='bbox 1898 1307 2190 1375; x_wconf 84' lang='lat' dir='ltr'><strong>principiis</strong></span> 
     </span>
    </p>
   </div>
   <div class='ocr_carea' id='block_1_13' title="bbox 607 1378 2190 1458">
    <p class='ocr_par' dir='ltr' id='par_1_13' title="bbox 607 1378 2190 1458">
     <span class='ocr_line' id='line_1_13' title="bbox 607 1378 2190 1458; baseline 0.015 -29"><span class='ocrx_word' id='word_1_82' title='bbox 607 1378 834 1445; x_wconf 85' lang='lat' dir='ltr'><strong>quidem</strong></span> <span class='ocrx_word' id='word_1_83' title='bbox 867 1384 1064 1451; x_wconf 74' lang='lat' dir='ltr'><strong>exiguo</strong></span> <span class='ocrx_word' id='word_1_84' title='bbox 1095 1383 1554 1458; x_wconf 81' lang='lat' dir='ltr'><strong>defungebantur,</strong></span> <span class='ocrx_word' id='word_1_85' title='bbox 1596 1396 1970 1451; x_wconf 88' lang='lat' dir='ltr'><strong>necessarium</strong></span> <span class='ocrx_word' id='word_1_86' title='bbox 2003 1412 2190 1452; x_wconf 66' lang='lat' dir='ltr'><strong>secreo</strong></span> 
     </span>
    </p>
   </div>
   <div class='ocr_carea' id='block_1_14' title="bbox 611 1473 2191 1558">
    <p class='ocr_par' dir='ltr' id='par_1_14' title="bbox 611 1473 2191 1558">
     <span class='ocr_line' id='line_1_14' title="bbox 611 1473 2191 1558; baseline 0.013 -33"><span class='ocrx_word' id='word_1_87' title='bbox 611 1480 724 1525; x_wconf 90' lang='lat' dir='ltr'><strong>tum</strong></span> <span class='ocrx_word' id='word_1_88' title='bbox 783 1473 1057 1541; x_wconf 79' lang='lat' dir='ltr'><strong>niajcstati</strong></span> <span class='ocrx_word' id='word_1_89' title='bbox 1093 1492 1377 1533; x_wconf 80' lang='lat' dir='ltr'><strong>sacrorum</strong></span> <span class='ocrx_word' id='word_1_90' title='bbox 1413 1484 1656 1538; x_wconf 89' lang='lat' dir='ltr'><strong>contenti</strong></span> <span class='ocrx_word' id='word_1_91' title='bbox 1693 1487 2191 1558; x_wconf 86' lang='lat' dir='ltr'><strong>quomodocunque</strong></span> 
     </span>
    </p>
   </div>
   <div class='ocr_carea' id='block_1_15' title="bbox 611 1561 2189 1649">
    <p class='ocr_par' dir='ltr' id='par_1_15' title="bbox 611 1561 2189 1649">
     <span class='ocr_line' id='line_1_15' title="bbox 611 1561 2189 1649; baseline 0.013 -35"><span class='ocrx_word' id='word_1_92' title='bbox 611 1561 938 1618; x_wconf 78' lang='lat' dir='ltr'><strong>abduxisse.</strong></span> <span class='ocrx_word' id='word_1_93' title='bbox 989 1568 1113 1622; x_wconf 64' lang='lat' dir='ltr'><strong>Arae</strong></span> <span class='ocrx_word' id='word_1_94' title='bbox 1183 1571 1443 1640; x_wconf 76' lang='lat' dir='ltr'><strong>gradibus</strong></span> <span class='ocrx_word' id='word_1_95' title='bbox 1504 1574 1717 1630; x_wconf 75' lang='lat' dir='ltr'><strong>inferne</strong></span> <span class='ocrx_word' id='word_1_96' title='bbox 1776 1594 1942 1649; x_wconf 85' lang='lat' dir='ltr'><strong>supra</strong></span> <span class='ocrx_word' id='word_1_97' title='bbox 2011 1582 2189 1635; x_wconf 87' lang='lat' dir='ltr'><strong>solum</strong></span> 
     </span>
    </p>
   </div>
   <div class='ocr_carea' id='block_1_16' title="bbox 604 1653 2190 1740">
    <p class='ocr_par' dir='ltr' id='par_1_16' title="bbox 604 1653 2190 1740">
     <span class='ocr_line' id='line_1_16' title="bbox 604 1653 2190 1740; baseline 0.015 -35"><span class='ocrx_word' id='word_1_98' title='bbox 604 1653 1046 1712; x_wconf 88' lang='lat' dir='ltr'><strong>obtendebantur</strong></span> <span class='ocrx_word' id='word_1_99' title='bbox 1089 1677 1119 1714; x_wconf 90' lang='lat' dir='ltr'><strong>e</strong></span> <span class='ocrx_word' id='word_1_100' title='bbox 1164 1666 1395 1718; x_wconf 83' lang='lat' dir='ltr'><strong>materia</strong></span> <span class='ocrx_word' id='word_1_101' title='bbox 1439 1669 1668 1722; x_wconf 85' lang='lat' dir='ltr'><strong>cancelli</strong></span> <span class='ocrx_word' id='word_1_102' title='bbox 1702 1686 1718 1725; x_wconf 89' lang='lat'><strong>:</strong></span> <span class='ocrx_word' id='word_1_103' title='bbox 1751 1669 1802 1723; x_wconf 92' lang='lat' dir='ltr'><strong>hi</strong></span> <span class='ocrx_word' id='word_1_104' title='bbox 1837 1687 2062 1740; x_wconf 87' lang='lat' dir='ltr'><strong>gressus</strong></span> <span class='ocrx_word' id='word_1_105' title='bbox 2090 1689 2190 1728; x_wconf 85' lang='lat' dir='ltr'><strong>ex-</strong></span> 
     </span>
    </p>
   </div>
   <div class='ocr_carea' id='block_1_17' title="bbox 601 1745 2192 1836">
    <p class='ocr_par' dir='ltr' id='par_1_17' title="bbox 601 1745 2192 1836">
     <span class='ocr_line' id='line_1_17' title="bbox 601 1745 2192 1836; baseline 0.013 -36"><span class='ocrx_word' id='word_1_106' title='bbox 601 1745 898 1802; x_wconf 84' lang='lat' dir='ltr'><strong>cludebant</strong></span> <span class='ocrx_word' id='word_1_107' title='bbox 959 1765 1068 1806; x_wconf 90' lang='lat' dir='ltr'><strong>non</strong></span> <span class='ocrx_word' id='word_1_108' title='bbox 1120 1753 1470 1812; x_wconf 87' lang='lat' dir='ltr'><strong>initiatorum</strong></span> <span class='ocrx_word' id='word_1_109' title='bbox 1519 1776 1547 1813; x_wconf 89' lang='lat' dir='ltr'><strong>a</strong></span> <span class='ocrx_word' id='word_1_110' title='bbox 1599 1775 1761 1816; x_wconf 88' lang='lat' dir='ltr'><strong>sacro</strong></span> <span class='ocrx_word' id='word_1_111' title='bbox 1797 1774 1976 1833; x_wconf 88' lang='lat' dir='ltr'><strong>septo.</strong></span> <span class='ocrx_word' id='word_1_112' title='bbox 2011 1766 2192 1836; x_wconf 87' lang='lat' dir='ltr'><strong>Super</strong></span> 
     </span>
    </p>
   </div>
   <div class='ocr_carea' id='block_1_18' title="bbox 604 1841 2192 1928">
    <p class='ocr_par' dir='ltr' id='par_1_18' title="bbox 604 1841 2192 1928">
     <span class='ocr_line' id='line_1_18' title="bbox 604 1841 2192 1928; baseline 0.013 -35"><span class='ocrx_word' id='word_1_113' title='bbox 604 1841 704 1895; x_wconf 93' lang='lat' dir='ltr'><strong>hos</strong></span> <span class='ocrx_word' id='word_1_114' title='bbox 737 1842 852 1896; x_wconf 85' lang='lat' dir='ltr'><strong>vela</strong></span> <span class='ocrx_word' id='word_1_115' title='bbox 882 1845 1256 1902; x_wconf 87' lang='lat' dir='ltr'><strong>tendebantur</strong></span> <span class='ocrx_word' id='word_1_116' title='bbox 1293 1867 1306 1902; x_wconf 76' lang='grc' dir='ltr'><strong>ε</strong></span> <span class='ocrx_word' id='word_1_117' title='bbox 1353 1853 1467 1905; x_wconf 67' lang='lat' dir='ltr'><strong>haec</strong></span> <span class='ocrx_word' id='word_1_118' title='bbox 1502 1865 1861 1923; x_wconf 75' lang='lat' dir='ltr'><strong>conspectum</strong></span> <span class='ocrx_word' id='word_1_119' title='bbox 1902 1859 2192 1928; x_wconf 87' lang='lat' dir='ltr'><strong>mysterio-</strong></span> 
     </span>
    </p>
   </div>
   <div class='ocr_carea' id='block_1_19' title="bbox 2302 656 3816 744">
    <p class='ocr_par' dir='ltr' id='par_1_19' title="bbox 2302 656 3816 744">
     <span class='ocr_line' id='line_1_19' title="bbox 2302 656 3816 744; baseline 0.014 -34"><span class='ocrx_word' id='word_1_120' title='bbox 2302 656 2671 731; x_wconf 74' lang='grc' dir='ltr'>δρυφάκτουῆ</span> <span class='ocrx_word' id='word_1_121' title='bbox 2704 663 2926 716; x_wconf 77' lang='grc' dir='ltr'><strong>δικτύου</strong></span> <span class='ocrx_word' id='word_1_122' title='bbox 2953 666 3234 719; x_wconf 84' lang='lat' dir='ltr'><strong>cancellati</strong></span> <span class='ocrx_word' id='word_1_123' title='bbox 3262 668 3397 735; x_wconf 72' lang='lat' dir='ltr'><strong>septi</strong></span> <span class='ocrx_word' id='word_1_124' title='bbox 3427 670 3680 725; x_wconf 89' lang='lat' dir='ltr'><strong>reticulata</strong></span> <span class='ocrx_word' id='word_1_125' title='bbox 3704 694 3816 744; x_wconf 83' lang='lat' dir='ltr'><strong>opm</strong></span> 
     </span>
    </p>
   </div>
   <div class='ocr_carea' id='block_1_20' title="bbox 2305 752 3813 836">
    <p class='ocr_par' dir='ltr' id='par_1_20' title="bbox 2305 752 3813 836">
     <span class='ocr_line' id='line_1_20' title="bbox 2305 752 3813 836; baseline 0.012 -34"><span class='ocrx_word' id='word_1_126' title='bbox 2305 752 2532 817; x_wconf 79' lang='lat' dir='ltr'><strong>hiantis,</strong></span> <span class='ocrx_word' id='word_1_127' title='bbox 2559 754 2714 811; x_wconf 89' lang='lat' dir='ltr'><strong>rintls</strong></span> <span class='ocrx_word' id='word_1_128' title='bbox 2735 766 2916 811; x_wconf 77' lang='lat' dir='ltr'><strong>tamen</strong></span> <span class='ocrx_word' id='word_1_129' title='bbox 2937 767 3028 811; x_wconf 88' lang='lat' dir='ltr'><strong>aut</strong></span> <span class='ocrx_word' id='word_1_130' title='bbox 3049 759 3349 816; x_wconf 76' lang='lat' dir='ltr'><strong>intervallis</strong></span> <span class='ocrx_word' id='word_1_131' title='bbox 3366 763 3598 817; x_wconf 76' lang='lat' dir='ltr'><strong>velorum</strong></span> <span class='ocrx_word' id='word_1_132' title='bbox 3620 782 3813 836; x_wconf 71' lang='lat' dir='ltr'><strong>oppansu</strong></span> 
     </span>
    </p>
   </div>
   <div class='ocr_carea' id='block_1_21' title="bbox 2303 846 3811 921">
    <p class='ocr_par' dir='ltr' id='par_1_21' title="bbox 2303 846 3811 921">
     <span class='ocr_line' id='line_1_21' title="bbox 2303 846 3811 921; baseline 0.014 -26"><span class='ocrx_word' id='word_1_133' title='bbox 2303 848 2490 909; x_wconf 79' lang='lat' dir='ltr'><strong>tectis,</strong></span> <span class='ocrx_word' id='word_1_134' title='bbox 2520 856 2577 900; x_wconf 93' lang='lat' dir='ltr'><strong>ut</strong></span> <span class='ocrx_word' id='word_1_135' title='bbox 2612 846 2875 904; x_wconf 76' lang='lat' dir='ltr'><strong>diximus.</strong></span> <span class='ocrx_word' id='word_1_136' title='bbox 2909 852 3092 921; x_wconf 77' lang='lat' dir='ltr'><strong>Atque</strong></span> <span class='ocrx_word' id='word_1_137' title='bbox 3127 855 3240 906; x_wconf 62' lang='lat' dir='ltr'><strong>hmc</strong></span> <span class='ocrx_word' id='word_1_138' title='bbox 3281 853 3434 921; x_wconf 86' lang='lat' dir='ltr'><strong>prius</strong></span> <span class='ocrx_word' id='word_1_139' title='bbox 3473 855 3635 912; x_wconf 71' lang='lat' dir='ltr'><strong>luere.</strong></span> <span class='ocrx_word' id='word_1_140' title='bbox 3662 859 3811 917; x_wconf 73' lang='lat' dir='ltr'><strong>Postea</strong></span> 
     </span>
    </p>
   </div>
   <div class='ocr_carea' id='block_1_22' title="bbox 2301 936 3808 1013">
    <p class='ocr_par' dir='ltr' id='par_1_22' title="bbox 2301 936 3808 1013">
     <span class='ocr_line' id='line_1_22' title="bbox 2301 936 3808 1013; baseline 0.01 -24"><span class='ocrx_word' id='word_1_141' title='bbox 2301 936 2511 990; x_wconf 83' lang='lat' dir='ltr'><strong>invenit</strong></span> <span class='ocrx_word' id='word_1_142' title='bbox 2551 939 2946 1008; x_wconf 82' lang='lat' dir='ltr'><strong>imperatorum</strong></span> <span class='ocrx_word' id='word_1_143' title='bbox 3005 944 3416 1013; x_wconf 83' lang='lat' dir='ltr'><strong>magniﬁcentia</strong></span> <span class='ocrx_word' id='word_1_144' title='bbox 3469 958 3707 1003; x_wconf 71' lang='lat' dir='ltr'><strong>rationem</strong></span> <span class='ocrx_word' id='word_1_145' title='bbox 3739 953 3808 1007; x_wconf 76' lang='lat' dir='ltr'><strong>lSla</strong></span> 
     </span>
    </p>
   </div>
   <div class='ocr_carea' id='block_1_23' title="bbox 2301 1029 3810 1106">
    <p class='ocr_par' dir='ltr' id='par_1_23' title="bbox 2301 1029 3810 1106">
     <span class='ocr_line' id='line_1_23' title="bbox 2301 1029 3810 1106; baseline 0.016 -29"><span class='ocrx_word' id='word_1_146' title='bbox 2301 1029 2529 1082; x_wconf 89' lang='lat' dir='ltr'><strong>ornandi</strong></span> <span class='ocrx_word' id='word_1_147' title='bbox 2563 1040 2616 1084; x_wconf 92' lang='lat' dir='ltr'><strong>et</strong></span> <span class='ocrx_word' id='word_1_148' title='bbox 2649 1033 2802 1086; x_wconf 81' lang='lat' dir='ltr'><strong>salvo</strong></span> <span class='ocrx_word' id='word_1_149' title='bbox 2837 1050 2938 1090; x_wconf 89' lang='lat' dir='ltr'><strong>usu</strong></span> <span class='ocrx_word' id='word_1_150' title='bbox 2979 1037 3260 1106; x_wconf 76' lang='lat' dir='ltr'><strong>religionis</strong></span> <span class='ocrx_word' id='word_1_151' title='bbox 3290 1052 3355 1092; x_wconf 83' lang='lat' dir='ltr'><strong>ac</strong></span> <span class='ocrx_word' id='word_1_152' title='bbox 3391 1042 3810 1100; x_wconf 82' lang='lat' dir='ltr'><strong>necessitatcritus</strong></span> 
     </span>
    </p>
   </div>
   <div class='ocr_carea' id='block_1_24' title="bbox 2302 1117 3811 1198">
    <p class='ocr_par' dir='ltr' id='par_1_24' title="bbox 2302 1117 3811 1198">
     <span class='ocr_line' id='line_1_24' title="bbox 2302 1117 3811 1198; baseline 0.013 -29"><span class='ocrx_word' id='word_1_153' title='bbox 2302 1117 2355 1170; x_wconf 94' lang='lat' dir='ltr'><strong>in</strong></span> <span class='ocrx_word' id='word_1_154' title='bbox 2416 1123 2794 1190; x_wconf 86' lang='lat' dir='ltr'><strong>augustiorem</strong></span> <span class='ocrx_word' id='word_1_155' title='bbox 2850 1125 3233 1181; x_wconf 80' lang='lat' dir='ltr'><strong>conformandi</strong></span> <span class='ocrx_word' id='word_1_156' title='bbox 3291 1134 3546 1198; x_wconf 84' lang='lat' dir='ltr'><strong>speciem.</strong></span> <span class='ocrx_word' id='word_1_157' title='bbox 3591 1132 3682 1187; x_wconf 84' lang='lat' dir='ltr'><strong>Pro</strong></span> <span class='ocrx_word' id='word_1_158' title='bbox 3720 1150 3811 1188; x_wconf 86' lang='lat' dir='ltr'><strong>can-</strong></span> 
     </span>
    </p>
   </div>
   <div class='ocr_carea' id='block_1_25' title="bbox 2301 1205 3808 1285">
    <p class='ocr_par' dir='ltr' id='par_1_25' title="bbox 2301 1205 3808 1285">
     <span class='ocr_line' id='line_1_25' title="bbox 2301 1205 3808 1285; baseline 0.011 -25"><span class='ocrx_word' id='word_1_159' title='bbox 2301 1205 2504 1262; x_wconf 88' lang='lat' dir='ltr'><strong>cellato</strong></span> <span class='ocrx_word' id='word_1_160' title='bbox 2551 1225 2582 1264; x_wconf 91' lang='lat' dir='ltr'><strong>e</strong></span> <span class='ocrx_word' id='word_1_161' title='bbox 2623 1212 2854 1267; x_wconf 87' lang='lat' dir='ltr'><strong>materia</strong></span> <span class='ocrx_word' id='word_1_162' title='bbox 2895 1224 3051 1284; x_wconf 83' lang='lat' dir='ltr'><strong>septo</strong></span> <span class='ocrx_word' id='word_1_163' title='bbox 3100 1219 3482 1285; x_wconf 83' lang='lat' dir='ltr'><strong>pretiosiorem</strong></span> <span class='ocrx_word' id='word_1_164' title='bbox 3535 1236 3563 1273; x_wconf 87' lang='lat' dir='ltr'><strong>e</strong></span> <span class='ocrx_word' id='word_1_165' title='bbox 3601 1238 3808 1277; x_wconf 66' lang='lat' dir='ltr'><strong>niarmou-</strong></span> 
     </span>
    </p>
   </div>
   <div class='ocr_carea' id='block_1_26' title="bbox 2302 1303 3809 1372">
    <p class='ocr_par' dir='ltr' id='par_1_26' title="bbox 2302 1303 3809 1372">
     <span class='ocr_line' id='line_1_26' title="bbox 2302 1303 3809 1372; baseline 0.013 -26"><span class='ocrx_word' id='word_1_166' title='bbox 2302 1303 2551 1360; x_wconf 73' lang='lat' dir='ltr'><strong>antaere,</strong></span> <span class='ocrx_word' id='word_1_167' title='bbox 2593 1314 2825 1369; x_wconf 89' lang='lat' dir='ltr'><strong>argento</strong></span> <span class='ocrx_word' id='word_1_168' title='bbox 2855 1304 2987 1372; x_wconf 90' lang='lat' dir='ltr'><strong>qttin</strong></span> <span class='ocrx_word' id='word_1_169' title='bbox 3029 1306 3196 1359; x_wconf 87' lang='lat' dir='ltr'><strong>etiam</strong></span> <span class='ocrx_word' id='word_1_170' title='bbox 3247 1318 3300 1360; x_wconf 84' lang='lat' dir='ltr'><strong>et</strong></span> <span class='ocrx_word' id='word_1_171' title='bbox 3342 1322 3492 1372; x_wconf 82' lang='lat' dir='ltr'><strong>auro,</strong></span> <span class='ocrx_word' id='word_1_172' title='bbox 3522 1309 3809 1364; x_wconf 74' lang='lat' dir='ltr'><strong>illuminant:-</strong></span> 
     </span>
    </p>
   </div>
   <div class='ocr_carea' id='block_1_27' title="bbox 2302 1385 3811 1462">
    <p class='ocr_par' dir='ltr' id='par_1_27' title="bbox 2302 1385 3811 1462">
     <span class='ocr_line' id='line_1_27' title="bbox 2302 1385 3811 1462; baseline 0.012 -26"><span class='ocrx_word' id='word_1_173' title='bbox 2302 1385 2404 1440; x_wconf 90' lang='lat' dir='ltr'><strong>hus</strong></span> <span class='ocrx_word' id='word_1_174' title='bbox 2437 1400 2578 1454; x_wconf 85' lang='lat' dir='ltr'><strong>opus</strong></span> <span class='ocrx_word' id='word_1_175' title='bbox 2607 1389 2838 1455; x_wconf 84' lang='lat' dir='ltr'><strong>gemmis</strong></span> <span class='ocrx_word' id='word_1_176' title='bbox 2881 1407 3097 1462; x_wconf 84' lang='lat' dir='ltr'><strong>quoque</strong></span> <span class='ocrx_word' id='word_1_177' title='bbox 3137 1395 3384 1458; x_wconf 84' lang='lat' dir='ltr'><strong>insertis,</strong></span> <span class='ocrx_word' id='word_1_178' title='bbox 3429 1411 3634 1451; x_wconf 82' lang='lat' dir='ltr'><strong>scenam</strong></span> <span class='ocrx_word' id='word_1_179' title='bbox 3671 1401 3811 1457; x_wconf 76' lang='lat' dir='ltr'><strong>obten-</strong></span> 
     </span>
    </p>
   </div>
   <div class='ocr_carea' id='block_1_28' title="bbox 2300 1467 3808 1550">
    <p class='ocr_par' dir='ltr' id='par_1_28' title="bbox 2300 1467 3808 1550">
     <span class='ocr_line' id='line_1_28' title="bbox 2300 1467 3808 1550; baseline 0.009 -28"><span class='ocrx_word' id='word_1_180' title='bbox 2300 1467 2501 1524; x_wconf 87' lang='lat' dir='ltr'><strong>derunt</strong></span> <span class='ocrx_word' id='word_1_181' title='bbox 2541 1486 2703 1526; x_wconf 90' lang='lat' dir='ltr'><strong>sacro</strong></span> <span class='ocrx_word' id='word_1_182' title='bbox 2734 1475 2917 1539; x_wconf 79' lang='lat' dir='ltr'><strong>altari,</strong></span> <span class='ocrx_word' id='word_1_183' title='bbox 2955 1477 3106 1530; x_wconf 90' lang='lat' dir='ltr'><strong>omni</strong></span> <span class='ocrx_word' id='word_1_184' title='bbox 3142 1480 3563 1534; x_wconf 81' lang='lat' dir='ltr'><strong>architectonica</strong></span> <span class='ocrx_word' id='word_1_185' title='bbox 3605 1482 3808 1550; x_wconf 78' lang='lat' dir='ltr'><strong>elrgattlia</strong></span> 
     </span>
    </p>
   </div>
   <div class='ocr_carea' id='block_1_29' title="bbox 2304 1561 3808 1641">
    <p class='ocr_par' dir='ltr' id='par_1_29' title="bbox 2304 1561 3808 1641">
     <span class='ocr_line' id='line_1_29' title="bbox 2304 1561 3808 1641; baseline 0.011 -30"><span class='ocrx_word' id='word_1_186' title='bbox 2304 1561 2616 1626; x_wconf 82' lang='lat' dir='ltr'><strong>visendam,</strong></span> <span class='ocrx_word' id='word_1_187' title='bbox 2641 1565 2939 1631; x_wconf 81' lang='lat' dir='ltr'><strong>columnis,</strong></span> <span class='ocrx_word' id='word_1_188' title='bbox 2981 1569 3175 1637; x_wconf 81' lang='lat' dir='ltr'><strong>signis,</strong></span> <span class='ocrx_word' id='word_1_189' title='bbox 3210 1572 3378 1636; x_wconf 77' lang='lat' dir='ltr'><strong>vasis,</strong></span> <span class='ocrx_word' id='word_1_190' title='bbox 3407 1572 3640 1636; x_wconf 83' lang='lat' dir='ltr'><strong>ﬂoribus,</strong></span> <span class='ocrx_word' id='word_1_191' title='bbox 3668 1575 3808 1641; x_wconf 66' lang='grc' dir='ltr'>ὒμιιὶς</span> 
     </span>
    </p>
   </div>
   <div class='ocr_carea' id='block_1_30' title="bbox 2299 1655 3807 1735">
    <p class='ocr_par' dir='ltr' id='par_1_30' title="bbox 2299 1655 3807 1735">
     <span class='ocr_line' id='line_1_30' title="bbox 2299 1655 3807 1735; baseline 0.011 -30"><span class='ocrx_word' id='word_1_192' title='bbox 2299 1655 2419 1708; x_wconf 82' lang='lat' dir='ltr'><strong>visu</strong></span> <span class='ocrx_word' id='word_1_193' title='bbox 2463 1657 2877 1724; x_wconf 77' lang='lat' dir='ltr'><strong>pulcherrimis.</strong></span> <span class='ocrx_word' id='word_1_194' title='bbox 2926 1660 3331 1718; x_wconf 83' lang='lat' dir='ltr'><strong>Constantinus</strong></span> <span class='ocrx_word' id='word_1_195' title='bbox 3378 1663 3807 1735; x_wconf 74' lang='lat' dir='ltr'><strong>Purphyrogeuitus</strong></span> 
     </span>
    </p>
   </div>
   <div class='ocr_carea' id='block_1_31' title="bbox 2299 1740 3805 1822">
    <p class='ocr_par' dir='ltr' id='par_1_31' title="bbox 2299 1740 3805 1822">
     <span class='ocr_line' id='line_1_31' title="bbox 2299 1740 3805 1822; baseline 0.008 -28"><span class='ocrx_word' id='word_1_196' title='bbox 2299 1740 2367 1796; x_wconf 92' lang='lat' dir='ltr'><strong>de</strong></span> <span class='ocrx_word' id='word_1_197' title='bbox 2401 1743 2508 1796; x_wconf 86' lang='lat' dir='ltr'><strong>vita</strong></span> <span class='ocrx_word' id='word_1_198' title='bbox 2553 1753 2607 1799; x_wconf 89' lang='lat' dir='ltr'><strong>et</strong></span> <span class='ocrx_word' id='word_1_199' title='bbox 2640 1748 2805 1801; x_wconf 84' lang='lat' dir='ltr'><strong>rebus</strong></span> <span class='ocrx_word' id='word_1_200' title='bbox 2839 1750 3011 1813; x_wconf 73' lang='lat' dir='ltr'><strong>gestis</strong></span> <span class='ocrx_word' id='word_1_201' title='bbox 3061 1750 3251 1806; x_wconf 84' lang='lat' dir='ltr'><strong>Basilii</strong></span> <span class='ocrx_word' id='word_1_202' title='bbox 3285 1755 3537 1821; x_wconf 81' lang='lat' dir='ltr'><strong>Augusti,</strong></span> <span class='ocrx_word' id='word_1_203' title='bbox 3584 1767 3805 1822; x_wconf 84' lang='lat' dir='ltr'><strong>postquam</strong></span> 
     </span>
    </p>
   </div>
   <div class='ocr_carea' id='block_1_32' title="bbox 2302 1832 3803 1910">
    <p class='ocr_par' dir='ltr' id='par_1_32' title="bbox 2302 1832 3803 1910">
     <span class='ocr_line' id='line_1_32' title="bbox 2302 1832 3803 1910; baseline 0.007 -28"><span class='ocrx_word' id='word_1_204' title='bbox 2302 1832 2580 1888; x_wconf 87' lang='lat' dir='ltr'><strong>retulisset</strong></span> <span class='ocrx_word' id='word_1_205' title='bbox 2632 1849 2760 1888; x_wconf 92' lang='lat' dir='ltr'><strong>eutn</strong></span> <span class='ocrx_word' id='word_1_206' title='bbox 2817 1838 3193 1893; x_wconf 80' lang='lat' dir='ltr'><strong>muniﬁcentia</strong></span> <span class='ocrx_word' id='word_1_207' title='bbox 3243 1842 3405 1909; x_wconf 84' lang='lat' dir='ltr'><strong>plane</strong></span> <span class='ocrx_word' id='word_1_208' title='bbox 3465 1844 3598 1910; x_wconf 80' lang='lat' dir='ltr'><strong>regia</strong></span> <span class='ocrx_word' id='word_1_209' title='bbox 3646 1845 3803 1909; x_wconf 84' lang='lat' dir='ltr'><strong>templi,</strong></span> 
     </span>
    </p>
   </div>
   <div class='ocr_carea' id='block_1_33' title="bbox 603 1927 2176 2012">
    <p class='ocr_par' dir='ltr' id='par_1_33' title="bbox 603 1937 2176 2012">
     <span class='ocr_line' id='line_1_33' title="bbox 603 1937 2176 2012; baseline 0.013 -29"><span class='ocrx_word' id='word_1_210' title='bbox 603 1947 722 1984; x_wconf 91' lang='lat' dir='ltr'><strong>rum</strong></span> <span class='ocrx_word' id='word_1_211' title='bbox 756 1937 1010 1990; x_wconf 85' lang='lat' dir='ltr'><strong>concioni</strong></span> <span class='ocrx_word' id='word_1_212' title='bbox 1047 1938 1383 1996; x_wconf 89' lang='lat' dir='ltr'><strong>adimebant.</strong></span> <span class='ocrx_word' id='word_1_213' title='bbox 1420 1942 1693 2000; x_wconf 74' lang='lat' dir='ltr'><strong>Enecbius</strong></span> <span class='ocrx_word' id='word_1_214' title='bbox 1723 1987 1736 2007; x_wconf 93' lang='lat'><strong><em>.</em></strong></span> <span class='ocrx_word' id='word_1_215' title='bbox 1781 1947 1815 2000; x_wconf 87' lang='grc' dir='ltr'><strong>Ι.</strong></span> <span class='ocrx_word' id='word_1_216' title='bbox 1852 1963 1904 2010; x_wconf 82' lang='lat' dir='ltr'><strong>x,</strong></span> <span class='ocrx_word' id='word_1_217' title='bbox 1949 1964 1999 2004; x_wconf 86' lang='lat' dir='ltr'><strong>c.</strong></span> <span class='ocrx_word' id='word_1_218' title='bbox 2034 1949 2089 2012; x_wconf 73' lang='grc'>4,</span> <span class='ocrx_word' id='word_1_219' title='bbox 2127 1951 2176 2004; x_wconf 80' lang='lat' dir='ltr'><strong>dt</strong></span> 
     </span>
    </p>
   </div>
   <div class='ocr_carea' id='block_1_34' title="bbox 2288 1927 3805 2012">
    <p class='ocr_par' dir='ltr' id='par_1_34' title="bbox 2299 1927 3805 2004">
     <span class='ocr_line' id='line_1_34' title="bbox 2299 1927 3805 2004; baseline 0.005 -27"><span class='ocrx_word' id='word_1_220' title='bbox 2299 1927 2444 1993; x_wconf 92' lang='lat' dir='ltr'><strong>quod</strong></span> <span class='ocrx_word' id='word_1_221' title='bbox 2482 1929 2778 1992; x_wconf 87' lang='lat' dir='ltr'><strong>exstruxit,</strong></span> <span class='ocrx_word' id='word_1_222' title='bbox 2830 1931 3070 1998; x_wconf 84' lang='lat' dir='ltr'><strong>parietes</strong></span> <span class='ocrx_word' id='word_1_223' title='bbox 3113 1934 3306 1988; x_wconf 84' lang='lat' dir='ltr'><strong>dextra</strong></span> <span class='ocrx_word' id='word_1_224' title='bbox 3346 1936 3580 2004; x_wconf 70' lang='lat' dir='ltr'><strong>Izevaqtte</strong></span> <span class='ocrx_word' id='word_1_225' title='bbox 3631 1940 3805 1990; x_wconf 84' lang='lat' dir='ltr'><strong>tectorio</strong></span> 
     </span>
    </p>
   </div>
   <div class='ocr_carea' id='block_1_35' title="bbox 600 2024 2190 2100">
    <p class='ocr_par' dir='ltr' id='par_1_35' title="bbox 600 2024 2190 2100">
     <span class='ocr_line' id='line_1_35' title="bbox 600 2024 2190 2100; baseline 0.015 -25"><span class='ocrx_word' id='word_1_226' title='bbox 600 2024 960 2081; x_wconf 86' lang='lat' dir='ltr'><strong>Constantino</strong></span> <span class='ocrx_word' id='word_1_227' title='bbox 1003 2033 1231 2100; x_wconf 61' lang='lat' dir='ltr'><strong>templa!</strong></span> <span class='ocrx_word' id='word_1_228' title='bbox 1253 2031 1570 2088; x_wconf 84' lang='lat' dir='ltr'><strong>Christiana</strong></span> <span class='ocrx_word' id='word_1_229' title='bbox 1609 2036 1817 2092; x_wconf 62' lang='lat' dir='ltr'><strong>Graecis</strong></span> <span class='ocrx_word' id='word_1_230' title='bbox 1862 2053 2190 2099; x_wconf 82' lang='lat' dir='ltr'><strong>exstruente</strong></span> 
     </span>
    </p>
   </div>
   <div class='ocr_carea' id='block_1_36' title="bbox 598 2117 2195 2200">
    <p class='ocr_par' dir='ltr' id='par_1_36' title="bbox 598 2117 2195 2200">
     <span class='ocr_line' id='line_1_36' title="bbox 598 2117 2195 2200; baseline 0.014 -33"><span class='ocrx_word' id='word_1_231' title='bbox 598 2117 789 2169; x_wconf 86' lang='lat' dir='ltr'><strong>scribit</strong></span> <span class='ocrx_word' id='word_1_232' title='bbox 823 2136 838 2171; x_wconf 92' lang='lat'><strong><em>:</em></strong></span> <span class='ocrx_word' id='word_1_233' title='bbox 871 2119 944 2171; x_wconf 83' lang='grc' dir='ltr'>Τὸ</span> <span class='ocrx_word' id='word_1_234' title='bbox 975 2119 1397 2193; x_wconf 68' lang='grc' dir='ltr'><strong>θυσιαστήριον,</strong></span> <span class='ocrx_word' id='word_1_235' title='bbox 1446 2126 1520 2187; x_wconf 75' lang='grc' dir='ltr'>ὡς</span> <span class='ocrx_word' id='word_1_236' title='bbox 1558 2129 1625 2182; x_wconf 83' lang='grc' dir='ltr'>ἂν</span> <span class='ocrx_word' id='word_1_237' title='bbox 1679 2133 1765 2194; x_wconf 75' lang='grc' dir='ltr'>εἴη</span> <span class='ocrx_word' id='word_1_238' title='bbox 1804 2134 1918 2196; x_wconf 82' lang='grc' dir='ltr'>τοῖς</span> <span class='ocrx_word' id='word_1_239' title='bbox 1975 2135 2195 2200; x_wconf 82' lang='grc' dir='ltr'><strong>πολλοῖς</strong></span> 
     </span>
    </p>
   </div>
   <div class='ocr_carea' id='block_1_37' title="bbox 596 2209 2188 2292">
    <p class='ocr_par' dir='ltr' id='par_1_37' title="bbox 596 2209 2188 2292">
     <span class='ocr_line' id='line_1_37' title="bbox 596 2209 2188 2292; baseline 0.013 -30"><span class='ocrx_word' id='word_1_240' title='bbox 596 2209 823 2277; x_wconf 73' lang='grc' dir='ltr'>ἄϐατον,</span> <span class='ocrx_word' id='word_1_241' title='bbox 887 2216 1003 2274; x_wconf 84' lang='grc' dir='ltr'>τοῖς</span> <span class='ocrx_word' id='word_1_242' title='bbox 1065 2216 1174 2268; x_wconf 78' lang='grc' dir='ltr'><strong>ἀπὸ</strong></span> <span class='ocrx_word' id='word_1_243' title='bbox 1246 2215 1408 2281; x_wconf 80' lang='grc' dir='ltr'>ξύλου</span> <span class='ocrx_word' id='word_1_244' title='bbox 1480 2224 1849 2292; x_wconf 74' lang='grc' dir='ltr'>περιέφραττε</span> <span class='ocrx_word' id='word_1_245' title='bbox 1921 2227 2188 2291; x_wconf 76' lang='grc' dir='ltr'><strong>δικτύοις.</strong></span> 
     </span>
    </p>
   </div>
   <div class='ocr_carea' id='block_1_38' title="bbox 599 2303 2190 2388">
    <p class='ocr_par' dir='ltr' id='par_1_38' title="bbox 599 2303 2190 2388">
     <span class='ocr_line' id='line_1_38' title="bbox 599 2303 2190 2388; baseline 0.014 -36"><span class='ocrx_word' id='word_1_246' title='bbox 599 2303 799 2368; x_wconf 73' lang='lat' dir='ltr'><strong>Al&#39;are,</strong></span> <span class='ocrx_word' id='word_1_247' title='bbox 830 2314 884 2356; x_wconf 90' lang='lat' dir='ltr'><strong>ut</strong></span> <span class='ocrx_word' id='word_1_248' title='bbox 910 2314 1044 2359; x_wconf 87' lang='lat' dir='ltr'><strong>esset</strong></span> <span class='ocrx_word' id='word_1_249' title='bbox 1070 2307 1398 2363; x_wconf 85' lang='lat' dir='ltr'><strong>inaccessum</strong></span> <span class='ocrx_word' id='word_1_250' title='bbox 1427 2313 1642 2379; x_wconf 87' lang='lat' dir='ltr'><strong>populo,</strong></span> <span class='ocrx_word' id='word_1_251' title='bbox 1672 2315 1859 2384; x_wconf 83' lang='lat' dir='ltr'><strong>ligneis</strong></span> <span class='ocrx_word' id='word_1_252' title='bbox 1887 2321 2049 2388; x_wconf 83' lang='lat' dir='ltr'><strong>sepsit</strong></span> <span class='ocrx_word' id='word_1_253' title='bbox 2077 2321 2190 2374; x_wconf 83' lang='lat' dir='ltr'><strong>cla-</strong></span> 
     </span>
    </p>
   </div>
   <div class='ocr_carea' id='block_1_39' title="bbox 601 2395 2185 2480">
    <p class='ocr_par' dir='ltr' id='par_1_39' title="bbox 601 2395 2185 2480">
     <span class='ocr_line' id='line_1_39' title="bbox 601 2395 2185 2480; baseline 0.013 -34"><span class='ocrx_word' id='word_1_254' title='bbox 601 2395 753 2450; x_wconf 84' lang='lat' dir='ltr'><strong>thris.</strong></span> <span class='ocrx_word' id='word_1_255' title='bbox 800 2396 891 2451; x_wconf 85' lang='lat' dir='ltr'><strong>Sic</strong></span> <span class='ocrx_word' id='word_1_256' title='bbox 941 2398 1032 2453; x_wconf 93' lang='lat' dir='ltr'><strong>ille</strong></span> <span class='ocrx_word' id='word_1_257' title='bbox 1063 2401 1130 2453; x_wconf 87' lang='lat' dir='ltr'><strong>de</strong></span> <span class='ocrx_word' id='word_1_258' title='bbox 1164 2404 1432 2457; x_wconf 84' lang='lat' dir='ltr'><strong>cancellis</strong></span> <span class='ocrx_word' id='word_1_259' title='bbox 1487 2409 1827 2472; x_wconf 89' lang='lat' dir='ltr'><strong>memoratis,</strong></span> <span class='ocrx_word' id='word_1_260' title='bbox 1890 2427 2032 2480; x_wconf 89' lang='lat' dir='ltr'><strong>quos</strong></span> <span class='ocrx_word' id='word_1_261' title='bbox 2093 2414 2185 2468; x_wconf 88' lang='lat' dir='ltr'><strong>alii</strong></span> 
     </span>
    </p>
   </div>
   <div class='ocr_carea' id='block_1_40' title="bbox 599 2487 2184 2566">
    <p class='ocr_par' dir='ltr' id='par_1_40' title="bbox 599 2487 2184 2566">
     <span class='ocr_line' id='line_1_40' title="bbox 599 2487 2184 2566; baseline 0.013 -26"><span class='ocrx_word' id='word_1_262' title='bbox 599 2487 887 2554; x_wconf 69' lang='grc' dir='ltr'>κιγκλίδας</span> <span class='ocrx_word' id='word_1_263' title='bbox 945 2501 1166 2556; x_wconf 88' lang='lat' dir='ltr'><strong>vocant,</strong></span> <span class='ocrx_word' id='word_1_264' title='bbox 1233 2503 1288 2546; x_wconf 92' lang='lat' dir='ltr'><strong>ut</strong></span> <span class='ocrx_word' id='word_1_265' title='bbox 1343 2493 1581 2566; x_wconf 80' lang='lat' dir='ltr'><strong>Syntcon</strong></span> <span class='ocrx_word' id='word_1_266' title='bbox 1646 2497 2184 2560; x_wconf 82' lang='lat' dir='ltr'><strong>Thessalonicensis.</strong></span> 
     </span>
    </p>
   </div>
   <div class='ocr_carea' id='block_1_41' title="bbox 597 2579 2188 2661">
    <p class='ocr_par' dir='ltr' id='par_1_41' title="bbox 597 2579 2188 2661">
     <span class='ocr_line' id='line_1_41' title="bbox 597 2579 2188 2661; baseline 0.016 -31"><span class='ocrx_word' id='word_1_267' title='bbox 597 2579 893 2650; x_wconf 77' lang='lat' dir='ltr'><strong>Gregorius</strong></span> <span class='ocrx_word' id='word_1_268' title='bbox 965 2600 1096 2639; x_wconf 88' lang='lat' dir='ltr'><strong>vero</strong></span> <span class='ocrx_word' id='word_1_269' title='bbox 1157 2586 1544 2647; x_wconf 71' lang='lat' dir='ltr'><strong>Nazianzenus</strong></span> <span class='ocrx_word' id='word_1_270' title='bbox 1613 2595 1882 2661; x_wconf 88' lang='lat' dir='ltr'><strong>singulari</strong></span> <span class='ocrx_word' id='word_1_271' title='bbox 1955 2615 2188 2656; x_wconf 89' lang='lat' dir='ltr'><strong>numero</strong></span> 
     </span>
    </p>
   </div>
   <div class='ocr_carea' id='block_1_42' title="bbox 597 2679 2184 2754">
    <p class='ocr_par' dir='ltr' id='par_1_42' title="bbox 597 2679 2184 2754">
     <span class='ocr_line' id='line_1_42' title="bbox 597 2679 2184 2754; baseline 0.014 -29"><span class='ocrx_word' id='word_1_272' title='bbox 597 2681 773 2728; x_wconf 88' lang='lat' dir='ltr'><strong>totum</strong></span> <span class='ocrx_word' id='word_1_273' title='bbox 820 2679 1188 2734; x_wconf 80' lang='lat' dir='ltr'><strong>cancellorum</strong></span> <span class='ocrx_word' id='word_1_274' title='bbox 1243 2692 1464 2753; x_wconf 89' lang='lat' dir='ltr'><strong>septum</strong></span> <span class='ocrx_word' id='word_1_275' title='bbox 1508 2687 1769 2754; x_wconf 70' lang='grc' dir='ltr'>κιγκλίδα</span> <span class='ocrx_word' id='word_1_276' title='bbox 1814 2694 2033 2746; x_wconf 78' lang='lat' dir='ltr'><strong>vocavit</strong></span> <span class='ocrx_word' id='word_1_277' title='bbox 2090 2694 2184 2748; x_wconf 91' lang='lat' dir='ltr'><strong>illo</strong></span> 
     </span>
    </p>
   </div>
   <div class='ocr_carea' id='block_1_43' title="bbox 595 2783 806 2824">
    <p class='ocr_par' dir='ltr' id='par_1_43' title="bbox 595 2783 806 2824">
     <span class='ocr_line' id='line_1_43' title="bbox 595 2783 806 2824; baseline 0.005 -1"><span class='ocrx_word' id='word_1_278' title='bbox 595 2783 756 2823; x_wconf 73' lang='lat' dir='ltr'><strong>Versu</strong></span> <span class='ocrx_word' id='word_1_279' title='bbox 792 2785 806 2824; x_wconf 73' lang='grc' dir='ltr'><strong>ἶ</strong></span> 
     </span>
    </p>
   </div>
   <div class='ocr_carea' id='block_1_44' title="bbox 699 2863 2074 2944">
    <p class='ocr_par' dir='ltr' id='par_1_44' title="bbox 699 2863 2074 2944">
     <span class='ocr_line' id='line_1_44' title="bbox 699 2863 2074 2944; baseline 0.012 -29"><span class='ocrx_word' id='word_1_280' title='bbox 699 2863 946 2932; x_wconf 73' lang='grc' dir='ltr'><strong>Κιγκλὶς</strong></span> <span class='ocrx_word' id='word_1_281' title='bbox 973 2863 1302 2933; x_wconf 57' lang='lat' dir='ltr'><strong>tite/pravo&quot;</strong></span> <span class='ocrx_word' id='word_1_282' title='bbox 1329 2871 1402 2922; x_wconf 77' lang='grc' dir='ltr'>οὐ</span> <span class='ocrx_word' id='word_1_283' title='bbox 1429 2869 1636 2936; x_wconf 76' lang='grc' dir='ltr'>βίους.</span> <span class='ocrx_word' id='word_1_284' title='bbox 1657 2871 1800 2926; x_wconf 67' lang='grc' dir='ltr'><strong>ἀλλ’</strong></span> <span class='ocrx_word' id='word_1_285' title='bbox 1824 2875 2074 2944; x_wconf 51' lang='grc' dir='ltr'><strong>ὀφρύας.</strong></span> 
     </span>
    </p>
   </div>
   <div class='ocr_carea' id='block_1_45' title="bbox 594 2951 2180 3032">
    <p class='ocr_par' dir='ltr' id='par_1_45' title="bbox 594 2951 2180 3032">
     <span class='ocr_line' id='line_1_45' title="bbox 594 2951 2180 3032; baseline 0.012 -28"><span class='ocrx_word' id='word_1_286' title='bbox 594 2951 734 3018; x_wconf 83' lang='lat' dir='ltr'><strong>Quia</strong></span> <span class='ocrx_word' id='word_1_287' title='bbox 775 2955 924 3008; x_wconf 88' lang='lat' dir='ltr'><strong>enim</strong></span> <span class='ocrx_word' id='word_1_288' title='bbox 971 2957 1112 3010; x_wconf 92' lang='lat' dir='ltr'><strong>intra</strong></span> <span class='ocrx_word' id='word_1_289' title='bbox 1169 2968 1385 3027; x_wconf 83' lang='lat' dir='ltr'><strong>septum</strong></span> <span class='ocrx_word' id='word_1_290' title='bbox 1441 2961 1596 3016; x_wconf 83' lang='lat' dir='ltr'><strong>locus</strong></span> <span class='ocrx_word' id='word_1_291' title='bbox 1627 2976 1744 3018; x_wconf 82' lang='lat' dir='ltr'><strong>erat</strong></span> <span class='ocrx_word' id='word_1_292' title='bbox 1771 2968 2180 3032; x_wconf 79' lang='lat' dir='ltr'><strong>sacerdotibus,</strong></span> 
     </span>
    </p>
   </div>
   <div class='ocr_carea' id='block_1_46' title="bbox 594 3047 2183 3130">
    <p class='ocr_par' dir='ltr' id='par_1_46' title="bbox 594 3047 2183 3130">
     <span class='ocr_line' id='line_1_46' title="bbox 594 3047 2183 3130; baseline 0.011 -31"><span class='ocrx_word' id='word_1_293' title='bbox 594 3047 877 3116; x_wconf 77' lang='lat' dir='ltr'><strong>plerisque</strong></span> <span class='ocrx_word' id='word_1_294' title='bbox 905 3057 1036 3102; x_wconf 88' lang='lat' dir='ltr'><strong>tunc</strong></span> <span class='ocrx_word' id='word_1_295' title='bbox 1081 3051 1357 3118; x_wconf 84' lang='lat' dir='ltr'><strong>ejusmodi</strong></span> <span class='ocrx_word' id='word_1_296' title='bbox 1397 3061 1454 3106; x_wconf 89' lang='lat' dir='ltr'><strong>ut</strong></span> <span class='ocrx_word' id='word_1_297' title='bbox 1491 3053 1634 3109; x_wconf 86' lang='lat' dir='ltr'><strong>lastu</strong></span> <span class='ocrx_word' id='word_1_298' title='bbox 1683 3056 1864 3114; x_wconf 84' lang='lat' dir='ltr'><strong>solum</strong></span> <span class='ocrx_word' id='word_1_299' title='bbox 1891 3074 1954 3114; x_wconf 88' lang='lat' dir='ltr'><strong>ac</strong></span> <span class='ocrx_word' id='word_1_300' title='bbox 1988 3076 2183 3130; x_wconf 88' lang='lat' dir='ltr'><strong>supcr-</strong></span> 
     </span>
    </p>
   </div>
   <div class='ocr_carea' id='block_1_47' title="bbox 593 3139 2172 3226">
    <p class='ocr_par' dir='ltr' id='par_1_47' title="bbox 593 3139 2172 3226">
     <span class='ocr_line' id='line_1_47' title="bbox 593 3139 2172 3226; baseline 0.011 -33"><span class='ocrx_word' id='word_1_301' title='bbox 593 3139 705 3202; x_wconf 89' lang='lat' dir='ltr'><strong>bia,</strong></span> <span class='ocrx_word' id='word_1_302' title='bbox 768 3155 874 3193; x_wconf 90' lang='lat' dir='ltr'><strong>non</strong></span> <span class='ocrx_word' id='word_1_303' title='bbox 933 3144 1330 3200; x_wconf 70' lang='lat' dir='ltr'><strong>exercitatione</strong></span> <span class='ocrx_word' id='word_1_304' title='bbox 1395 3147 1665 3202; x_wconf 85' lang='lat' dir='ltr'><strong>virtutum</strong></span> <span class='ocrx_word' id='word_1_305' title='bbox 1731 3166 1902 3220; x_wconf 81' lang='lat' dir='ltr'><strong>supra</strong></span> <span class='ocrx_word' id='word_1_306' title='bbox 1969 3155 2172 3226; x_wconf 84' lang='lat' dir='ltr'><strong>vulgus</strong></span> 
     </span>
    </p>
   </div>
   <div class='ocr_carea' id='block_1_48' title="bbox 595 3233 2178 3312">
    <p class='ocr_par' dir='ltr' id='par_1_48' title="bbox 595 3233 2178 3312">
     <span class='ocr_line' id='line_1_48' title="bbox 595 3233 2178 3312; baseline 0.012 -29"><span class='ocrx_word' id='word_1_307' title='bbox 595 3233 926 3299; x_wconf 80' lang='lat' dir='ltr'><strong>etninerent,</strong></span> <span class='ocrx_word' id='word_1_308' title='bbox 956 3235 1242 3304; x_wconf 70' lang='lat' dir='ltr'><strong>elegant-er</strong></span> <span class='ocrx_word' id='word_1_309' title='bbox 1272 3239 1348 3292; x_wconf 91' lang='lat' dir='ltr'><strong>ait</strong></span> <span class='ocrx_word' id='word_1_310' title='bbox 1385 3241 1686 3306; x_wconf 86' lang='lat' dir='ltr'><strong>cancellos,</strong></span> <span class='ocrx_word' id='word_1_311' title='bbox 1725 3246 1818 3312; x_wconf 90' lang='lat' dir='ltr'><strong>qui</strong></span> <span class='ocrx_word' id='word_1_312' title='bbox 1845 3244 2178 3302; x_wconf 74' lang='lat' dir='ltr'><strong>dirimebant</strong></span> 
     </span>
    </p>
   </div>
   <div class='ocr_carea' id='block_1_49' title="bbox 593 3327 2177 3407">
    <p class='ocr_par' dir='ltr' id='par_1_49' title="bbox 593 3327 2177 3407">
     <span class='ocr_line' id='line_1_49' title="bbox 593 3327 2177 3407; baseline 0.011 -29"><span class='ocrx_word' id='word_1_313' title='bbox 593 3327 907 3380; x_wconf 86' lang='lat' dir='ltr'><strong>sacerdotes</strong></span> <span class='ocrx_word' id='word_1_314' title='bbox 940 3341 969 3379; x_wconf 90' lang='lat' dir='ltr'><strong>a</strong></span> <span class='ocrx_word' id='word_1_315' title='bbox 1001 3329 1223 3396; x_wconf 80' lang='lat' dir='ltr'><strong>populo,</strong></span> <span class='ocrx_word' id='word_1_316' title='bbox 1261 3346 1368 3384; x_wconf 91' lang='lat' dir='ltr'><strong>non</strong></span> <span class='ocrx_word' id='word_1_317' title='bbox 1410 3333 1574 3395; x_wconf 85' lang='lat' dir='ltr'><strong>vitas,</strong></span> <span class='ocrx_word' id='word_1_318' title='bbox 1604 3334 1700 3388; x_wconf 91' lang='lat' dir='ltr'><strong>sed</strong></span> <span class='ocrx_word' id='word_1_319' title='bbox 1730 3339 2032 3407; x_wconf 79' lang='lat' dir='ltr'><strong>supercilia</strong></span> <span class='ocrx_word' id='word_1_320' title='bbox 2059 3341 2177 3396; x_wconf 85' lang='lat' dir='ltr'><strong>dis-</strong></span> 
     </span>
    </p>
   </div>
   <div class='ocr_carea' id='block_1_50' title="bbox 591 3417 2179 3504">
    <p class='ocr_par' dir='ltr' id='par_1_50' title="bbox 591 3417 2179 3504">
     <span class='ocr_line' id='line_1_50' title="bbox 591 3417 2179 3504; baseline 0.011 -36"><span class='ocrx_word' id='word_1_321' title='bbox 591 3417 855 3475; x_wconf 86' lang='lat' dir='ltr'><strong>crevisse.</strong></span> <span class='ocrx_word' id='word_1_322' title='bbox 897 3417 1168 3472; x_wconf 77' lang='lat' dir='ltr'><strong>Similiter</strong></span> <span class='ocrx_word' id='word_1_323' title='bbox 1203 3420 1448 3489; x_wconf 87' lang='lat' dir='ltr'><strong>loquitur</strong></span> <span class='ocrx_word' id='word_1_324' title='bbox 1488 3424 1892 3483; x_wconf 86' lang='lat' dir='ltr'><strong>Constantinus</strong></span> <span class='ocrx_word' id='word_1_325' title='bbox 1927 3429 2179 3504; x_wconf 74' lang='lat' dir='ltr'><strong>Porphy-</strong></span> 
     </span>
    </p>
   </div>
   <div class='ocr_carea' id='block_1_51' title="bbox 591 3507 2174 3592">
    <p class='ocr_par' dir='ltr' id='par_1_51' title="bbox 591 3507 2174 3592">
     <span class='ocr_line' id='line_1_51' title="bbox 591 3507 2174 3592; baseline 0.012 -33"><span class='ocrx_word' id='word_1_326' title='bbox 591 3509 874 3575; x_wconf 86' lang='lat' dir='ltr'><strong>rogcnitus</strong></span> <span class='ocrx_word' id='word_1_327' title='bbox 902 3507 1044 3561; x_wconf 84' lang='lat' dir='ltr'><strong>infra</strong></span> <span class='ocrx_word' id='word_1_328' title='bbox 1077 3509 1422 3567; x_wconf 76' lang='lat' dir='ltr'><strong>referendus.</strong></span> <span class='ocrx_word' id='word_1_329' title='bbox 1455 3512 1625 3570; x_wconf 85' lang='lat' dir='ltr'><strong>Erant</strong></span> <span class='ocrx_word' id='word_1_330' title='bbox 1659 3517 1713 3571; x_wconf 89' lang='lat' dir='ltr'><strong>hi</strong></span> <span class='ocrx_word' id='word_1_331' title='bbox 1743 3521 1974 3575; x_wconf 84' lang='lat' dir='ltr'><strong>cancelli</strong></span> <span class='ocrx_word' id='word_1_332' title='bbox 2002 3525 2174 3592; x_wconf 78' lang='lat' dir='ltr'><strong>pervii</strong></span> 
     </span>
    </p>
   </div>
   <div class='ocr_carea' id='block_1_52' title="bbox 591 3601 2170 3686">
    <p class='ocr_par' dir='ltr' id='par_1_52' title="bbox 591 3601 2170 3686">
     <span class='ocr_line' id='line_1_52' title="bbox 591 3601 2170 3686; baseline 0.014 -35"><span class='ocrx_word' id='word_1_333' title='bbox 591 3601 844 3668; x_wconf 88' lang='lat' dir='ltr'><strong>portulis,</strong></span> <span class='ocrx_word' id='word_1_334' title='bbox 908 3617 1002 3670; x_wconf 90' lang='lat' dir='ltr'><strong>per</strong></span> <span class='ocrx_word' id='word_1_335' title='bbox 1050 3617 1189 3670; x_wconf 89' lang='lat' dir='ltr'><strong>quas</strong></span> <span class='ocrx_word' id='word_1_336' title='bbox 1238 3605 1422 3660; x_wconf 89' lang='lat' dir='ltr'><strong>aditus</strong></span> <span class='ocrx_word' id='word_1_337' title='bbox 1477 3611 1773 3680; x_wconf 81' lang='lat' dir='ltr'><strong>exitusque</strong></span> <span class='ocrx_word' id='word_1_338' title='bbox 1825 3615 2170 3686; x_wconf 79' lang='lat' dir='ltr'><strong>presbyteris</strong></span> 
     </span>
    </p>
   </div>
   <div class='ocr_carea' id='block_1_53' title="bbox 589 3689 2170 3770">
    <p class='ocr_par' dir='ltr' id='par_1_53' title="bbox 589 3689 2170 3770">
     <span class='ocr_line' id='line_1_53' title="bbox 589 3689 2170 3770; baseline 0.013 -26"><span class='ocrx_word' id='word_1_339' title='bbox 589 3692 831 3760; x_wconf 71' lang='lat' dir='ltr'><strong>patebat.</strong></span> <span class='ocrx_word' id='word_1_340' title='bbox 865 3689 951 3764; x_wconf 82' lang='lat' dir='ltr'><strong>[P.</strong></span> <span class='ocrx_word' id='word_1_341' title='bbox 981 3692 1114 3764; x_wconf 68' lang='grc'><strong>421]</strong></span> <span class='ocrx_word' id='word_1_342' title='bbox 1142 3693 1232 3748; x_wconf 61' lang='lat' dir='ltr'><strong>Hm</strong></span> <span class='ocrx_word' id='word_1_343' title='bbox 1263 3697 1716 3770; x_wconf 76' lang='grc' dir='ltr'>καγκελοθυρίδες</span> <span class='ocrx_word' id='word_1_344' title='bbox 1744 3702 1956 3759; x_wconf 85' lang='lat' dir='ltr'><strong>Codino</strong></span> <span class='ocrx_word' id='word_1_345' title='bbox 1988 3707 2170 3764; x_wconf 64' lang='lat' dir='ltr'><strong>dictae.</strong></span> 
     </span>
    </p>
   </div>
   <div class='ocr_carea' id='block_1_54' title="bbox 591 3785 2177 3868">
    <p class='ocr_par' dir='ltr' id='par_1_54' title="bbox 591 3785 2177 3868">
     <span class='ocr_line' id='line_1_54' title="bbox 591 3785 2177 3868; baseline 0.011 -31"><span class='ocrx_word' id='word_1_346' title='bbox 591 3785 699 3838; x_wconf 78' lang='lat' dir='ltr'><strong>Sed</strong></span> <span class='ocrx_word' id='word_1_347' title='bbox 741 3793 850 3839; x_wconf 88' lang='lat' dir='ltr'><strong>tam</strong></span> <span class='ocrx_word' id='word_1_348' title='bbox 879 3786 962 3840; x_wconf 76' lang='lat' dir='ltr'><strong>ha:</strong></span> <span class='ocrx_word' id='word_1_349' title='bbox 999 3803 1164 3856; x_wconf 89' lang='lat' dir='ltr'><strong>quam</strong></span> <span class='ocrx_word' id='word_1_350' title='bbox 1206 3790 1653 3858; x_wconf 87' lang='lat' dir='ltr'><strong>intercolumnia,</strong></span> <span class='ocrx_word' id='word_1_351' title='bbox 1698 3808 1793 3850; x_wconf 88' lang='lat' dir='ltr'><strong>aut</strong></span> <span class='ocrx_word' id='word_1_352' title='bbox 1835 3801 2010 3868; x_wconf 86' lang='lat' dir='ltr'><strong>spatia</strong></span> <span class='ocrx_word' id='word_1_353' title='bbox 2043 3817 2177 3857; x_wconf 81' lang='lat' dir='ltr'><strong>ocn-</strong></span> 
     </span>
    </p>
   </div>
   <div class='ocr_carea' id='block_1_55' title="bbox 586 3878 2177 3963">
    <p class='ocr_par' dir='ltr' id='par_1_55' title="bbox 586 3878 2177 3963">
     <span class='ocr_line' id='line_1_55' title="bbox 586 3878 2177 3963; baseline 0.003 -31"><span class='ocrx_word' id='word_1_354' title='bbox 586 3879 656 3932; x_wconf 90' lang='lat' dir='ltr'><strong>lis</strong></span> <span class='ocrx_word' id='word_1_355' title='bbox 711 3878 898 3948; x_wconf 77' lang='lat' dir='ltr'><strong>pervia</strong></span> <span class='ocrx_word' id='word_1_356' title='bbox 963 3880 1373 3946; x_wconf 88' lang='lat' dir='ltr'><strong>cancellorum,</strong></span> <span class='ocrx_word' id='word_1_357' title='bbox 1425 3885 1560 3939; x_wconf 83' lang='lat' dir='ltr'><strong>velis</strong></span> <span class='ocrx_word' id='word_1_358' title='bbox 1617 3892 1876 3957; x_wconf 81' lang='lat' dir='ltr'><strong>oppansis</strong></span> <span class='ocrx_word' id='word_1_359' title='bbox 1926 3905 2177 3963; x_wconf 75' lang='lat' dir='ltr'><strong>protege.</strong></span> 
     </span>
    </p>
   </div>
   <div class='ocr_carea' id='block_1_56' title="bbox 589 3970 2171 4055">
    <p class='ocr_par' dir='ltr' id='par_1_56' title="bbox 589 3970 2171 4055">
     <span class='ocr_line' id='line_1_56' title="bbox 589 3970 2171 4055; baseline 0.011 -33"><span class='ocrx_word' id='word_1_360' title='bbox 589 3970 787 4024; x_wconf 67' lang='lat' dir='ltr'>&#39;13&quot;th</span> <span class='ocrx_word' id='word_1_361' title='bbox 815 3986 843 4023; x_wconf 92' lang='lat' dir='ltr'><strong>a</strong></span> <span class='ocrx_word' id='word_1_362' title='bbox 877 3972 1056 4040; x_wconf 82' lang='lat' dir='ltr'><strong>populi</strong></span> <span class='ocrx_word' id='word_1_363' title='bbox 1084 3986 1334 4041; x_wconf 89' lang='lat' dir='ltr'><strong>aspectu.</strong></span> <span class='ocrx_word' id='word_1_364' title='bbox 1363 3973 1648 4045; x_wconf 75' lang='grc' dir='ltr'>Βηλόῡυρα</span> <span class='ocrx_word' id='word_1_365' title='bbox 1681 3979 1764 4033; x_wconf 83' lang='lat' dir='ltr'><strong>his</strong></span> <span class='ocrx_word' id='word_1_366' title='bbox 1804 3997 2026 4045; x_wconf 75' lang='lat' dir='ltr'><strong>nomen.</strong></span> <span class='ocrx_word' id='word_1_367' title='bbox 2059 4001 2171 4055; x_wconf 90' lang='lat' dir='ltr'><strong>quo</strong></span> 
     </span>
    </p>
   </div>
   <div class='ocr_carea' id='block_1_57' title="bbox 586 4064 2170 4133">
    <p class='ocr_par' dir='ltr' id='par_1_57' title="bbox 586 4064 2170 4133">
     <span class='ocr_line' id='line_1_57' title="bbox 586 4064 2170 4133; baseline 0.011 -17"><span class='ocrx_word' id='word_1_368' title='bbox 586 4077 695 4116; x_wconf 90' lang='lat' dir='ltr'><strong>non</strong></span> <span class='ocrx_word' id='word_1_369' title='bbox 722 4071 932 4117; x_wconf 84' lang='lat' dir='ltr'><strong>tantum</strong></span> <span class='ocrx_word' id='word_1_370' title='bbox 957 4064 1203 4118; x_wconf 86' lang='lat' dir='ltr'><strong>Codinus</strong></span> <span class='ocrx_word' id='word_1_371' title='bbox 1227 4075 1313 4120; x_wconf 87' lang='lat' dir='ltr'><strong>est</strong></span> <span class='ocrx_word' id='word_1_372' title='bbox 1339 4082 1493 4131; x_wconf 89' lang='lat' dir='ltr'><strong>usus,</strong></span> <span class='ocrx_word' id='word_1_373' title='bbox 1520 4069 1614 4122; x_wconf 87' lang='lat' dir='ltr'><strong>sed</strong></span> <span class='ocrx_word' id='word_1_374' title='bbox 1643 4071 1808 4124; x_wconf 79' lang='lat' dir='ltr'><strong>etiam</strong></span> <span class='ocrx_word' id='word_1_375' title='bbox 1837 4074 2170 4133; x_wconf 78' lang='lat' dir='ltr'><strong>Anastasius</strong></span> 
     </span>
    </p>
   </div>
   <div class='ocr_carea' id='block_1_58' title="bbox 587 4152 2173 4223">
    <p class='ocr_par' dir='ltr' id='par_1_58' title="bbox 587 4152 2173 4223">
     <span class='ocr_line' id='line_1_58' title="bbox 587 4152 2173 4223; baseline 0.011 -18"><span class='ocrx_word' id='word_1_376' title='bbox 587 4152 1045 4208; x_wconf 76' lang='lat' dir='ltr'><strong>liihliothecaritts</strong></span> <span class='ocrx_word' id='word_1_377' title='bbox 1071 4156 1123 4208; x_wconf 87' lang='lat' dir='ltr'><strong>in</strong></span> <span class='ocrx_word' id='word_1_378' title='bbox 1155 4155 1461 4223; x_wconf 89' lang='lat' dir='ltr'><strong>Stephano,</strong></span> <span class='ocrx_word' id='word_1_379' title='bbox 1497 4159 1581 4214; x_wconf 90' lang='lat' dir='ltr'><strong>his</strong></span> <span class='ocrx_word' id='word_1_380' title='bbox 1604 4163 1788 4216; x_wconf 77' lang='lat' dir='ltr'><strong>verbis</strong></span> <span class='ocrx_word' id='word_1_381' title='bbox 1822 4181 1836 4216; x_wconf 88' lang='lat'><strong>:</strong></span> <span class='ocrx_word' id='word_1_382' title='bbox 1873 4163 2023 4220; x_wconf 82' lang='lat' dir='ltr'><strong>Fecit</strong></span> <span class='ocrx_word' id='word_1_383' title='bbox 2043 4179 2090 4221; x_wconf 88' lang='lat' dir='ltr'><strong>et</strong></span> <span class='ocrx_word' id='word_1_384' title='bbox 2117 4173 2173 4223; x_wconf 84' lang='lat' dir='ltr'><strong>in</strong></span> 
     </span>
    </p>
   </div>
   <div class='ocr_carea' id='block_1_59' title="bbox 582 4246 2170 4330">
    <p class='ocr_par' dir='ltr' id='par_1_59' title="bbox 582 4246 2170 4330">
     <span class='ocr_line' id='line_1_59' title="bbox 582 4246 2170 4330; baseline 0.01 -32"><span class='ocrx_word' id='word_1_385' title='bbox 582 4246 765 4298; x_wconf 84' lang='lat' dir='ltr'><strong>eadem</strong></span> <span class='ocrx_word' id='word_1_386' title='bbox 815 4248 1040 4299; x_wconf 78' lang='lat' dir='ltr'><strong>basilica</strong></span> <span class='ocrx_word' id='word_1_387' title='bbox 1079 4264 1275 4318; x_wconf 73' lang='lat' dir='ltr'><strong>egregi:</strong></span> <span class='ocrx_word' id='word_1_388' title='bbox 1312 4251 1550 4304; x_wconf 87' lang='lat' dir='ltr'><strong>doctoris</strong></span> <span class='ocrx_word' id='word_1_389' title='bbox 1603 4256 1840 4321; x_wconf 80' lang='lat' dir='ltr'><strong>gentium</strong></span> <span class='ocrx_word' id='word_1_390' title='bbox 1897 4260 2170 4330; x_wconf 72' lang='lat' dir='ltr'><strong>uelat/tgra</strong></span> 
     </span>
    </p>
   </div>
   <div class='ocr_carea' id='block_1_60' title="bbox 582 4339 2170 4421">
    <p class='ocr_par' dir='ltr' id='par_1_60' title="bbox 582 4339 2170 4421">
     <span class='ocr_line' id='line_1_60' title="bbox 582 4339 2170 4421; baseline 0.013 -34"><span class='ocrx_word' id='word_1_391' title='bbox 582 4346 830 4406; x_wconf 79' lang='lat' dir='ltr'><strong>quatuor.</strong></span> <span class='ocrx_word' id='word_1_392' title='bbox 863 4352 925 4388; x_wconf 75' lang='lat' dir='ltr'><strong>ex</strong></span> <span class='ocrx_word' id='word_1_393' title='bbox 966 4339 1153 4405; x_wconf 79' lang='lat' dir='ltr'><strong>quibus</strong></span> <span class='ocrx_word' id='word_1_394' title='bbox 1199 4357 1361 4392; x_wconf 89' lang='lat' dir='ltr'><strong>unum</strong></span> <span class='ocrx_word' id='word_1_395' title='bbox 1408 4357 1542 4395; x_wconf 89' lang='lat' dir='ltr'><strong>auro</strong></span> <span class='ocrx_word' id='word_1_396' title='bbox 1583 4354 1808 4398; x_wconf 76' lang='lat' dir='ltr'><strong>textum.</strong></span> <span class='ocrx_word' id='word_1_397' title='bbox 1844 4348 2017 4404; x_wconf 81' lang='lat' dir='ltr'><strong>Paulo</strong></span> <span class='ocrx_word' id='word_1_398' title='bbox 2045 4364 2170 4421; x_wconf 84' lang='lat' dir='ltr'><strong>post</strong></span> 
     </span>
    </p>
   </div>
   <div class='ocr_carea' id='block_1_61' title="bbox 583 4429 2169 4502">
    <p class='ocr_par' dir='ltr' id='par_1_61' title="bbox 583 4429 2169 4502">
     <span class='ocr_line' id='line_1_61' title="bbox 583 4429 2169 4502; baseline 0.015 -23"><span class='ocrx_word' id='word_1_399' title='bbox 583 4429 995 4499; x_wconf 80' lang='lat' dir='ltr'><strong>velothyrorum</strong></span> <span class='ocrx_word' id='word_1_400' title='bbox 1058 4447 1217 4485; x_wconf 90' lang='lat' dir='ltr'><strong>usum</strong></span> <span class='ocrx_word' id='word_1_401' title='bbox 1280 4435 1502 4501; x_wconf 88' lang='lat' dir='ltr'><strong>qualem</strong></span> <span class='ocrx_word' id='word_1_402' title='bbox 1558 4438 1797 4493; x_wconf 78' lang='lat' dir='ltr'><strong>dicimus</strong></span> <span class='ocrx_word' id='word_1_403' title='bbox 1853 4443 2169 4502; x_wconf 78' lang='lat' dir='ltr'><strong>distinctius</strong></span> 
     </span>
    </p>
   </div>
   <div class='ocr_carea' id='block_1_62' title="bbox 584 4520 2167 4603">
    <p class='ocr_par' dir='ltr' id='par_1_62' title="bbox 584 4520 2167 4603">
     <span class='ocr_line' id='line_1_62' title="bbox 584 4520 2167 4603; baseline 0.013 -33"><span class='ocrx_word' id='word_1_404' title='bbox 584 4520 857 4600; x_wconf 75' lang='lat' dir='ltr'><strong>indicans,</strong></span> <span class='ocrx_word' id='word_1_405' title='bbox 884 4521 959 4573; x_wconf 84' lang='lat' dir='ltr'><strong>ait</strong></span> <span class='ocrx_word' id='word_1_406' title='bbox 981 4521 1104 4574; x_wconf 88' lang='lat' dir='ltr'><strong>data</strong></span> <span class='ocrx_word' id='word_1_407' title='bbox 1130 4538 1156 4572; x_wconf 90' lang='lat' dir='ltr'><strong>a</strong></span> <span class='ocrx_word' id='word_1_408' title='bbox 1191 4523 1447 4590; x_wconf 80' lang='lat' dir='ltr'><strong>pontiﬁce</strong></span> <span class='ocrx_word' id='word_1_409' title='bbox 1476 4527 1668 4583; x_wconf 88' lang='lat' dir='ltr'><strong>eodem</strong></span> <span class='ocrx_word' id='word_1_410' title='bbox 1699 4531 1966 4603; x_wconf 80' lang='lat' dir='ltr'><strong>velathyra</strong></span> <span class='ocrx_word' id='word_1_411' title='bbox 1992 4539 2167 4592; x_wconf 86' lang='lat' dir='ltr'><strong>serica</strong></span> 
     </span>
    </p>
   </div>
   <div class='ocr_carea' id='block_1_63' title="bbox 586 4615 2168 4693">
    <p class='ocr_par' dir='ltr' id='par_1_63' title="bbox 586 4615 2168 4693">
     <span class='ocr_line' id='line_1_63' title="bbox 586 4615 2168 4693; baseline 0.01 -27"><span class='ocrx_word' id='word_1_412' title='bbox 586 4616 691 4668; x_wconf 89' lang='lat' dir='ltr'><strong>tria</strong></span> <span class='ocrx_word' id='word_1_413' title='bbox 723 4615 776 4668; x_wconf 88' lang='lat' dir='ltr'><strong>in</strong></span> <span class='ocrx_word' id='word_1_414' title='bbox 807 4615 1033 4667; x_wconf 82' lang='lat' dir='ltr'><strong>circuitu</strong></span> <span class='ocrx_word' id='word_1_415' title='bbox 1081 4617 1296 4682; x_wconf 84' lang='lat' dir='ltr'><strong>altaris,</strong></span> <span class='ocrx_word' id='word_1_416' title='bbox 1331 4619 1433 4671; x_wconf 87' lang='lat' dir='ltr'><strong>hoc</strong></span> <span class='ocrx_word' id='word_1_417' title='bbox 1458 4628 1561 4685; x_wconf 89' lang='lat' dir='ltr'><strong>est,</strong></span> <span class='ocrx_word' id='word_1_418' title='bbox 1592 4629 1650 4674; x_wconf 93' lang='lat' dir='ltr'><strong>ttt</strong></span> <span class='ocrx_word' id='word_1_419' title='bbox 1694 4636 1939 4693; x_wconf 84' lang='lat' dir='ltr'><strong>apparet,</strong></span> <span class='ocrx_word' id='word_1_420' title='bbox 1989 4628 2168 4682; x_wconf 82' lang='lat' dir='ltr'><strong>inten-</strong></span> 
     </span>
    </p>
   </div>
   <div class='ocr_carea' id='block_1_64' title="bbox 583 4709 2162 4789">
    <p class='ocr_par' dir='ltr' id='par_1_64' title="bbox 583 4709 2162 4789">
     <span class='ocr_line' id='line_1_64' title="bbox 583 4709 2162 4789; baseline 0.009 -28"><span class='ocrx_word' id='word_1_421' title='bbox 583 4711 759 4764; x_wconf 79' lang='lat' dir='ltr'><strong>denda</strong></span> <span class='ocrx_word' id='word_1_422' title='bbox 804 4709 1038 4780; x_wconf 86' lang='lat' dir='ltr'><strong>tegendo</strong></span> <span class='ocrx_word' id='word_1_423' title='bbox 1087 4711 1156 4763; x_wconf 90' lang='lat' dir='ltr'><strong>ab</strong></span> <span class='ocrx_word' id='word_1_424' title='bbox 1182 4709 1360 4765; x_wconf 89' lang='lat' dir='ltr'><strong>oculis</strong></span> <span class='ocrx_word' id='word_1_425' title='bbox 1386 4713 1575 4781; x_wconf 89' lang='lat' dir='ltr'><strong>populi</strong></span> <span class='ocrx_word' id='word_1_426' title='bbox 1616 4719 1982 4787; x_wconf 83' lang='lat' dir='ltr'><strong>presbyterio,</strong></span> <span class='ocrx_word' id='word_1_427' title='bbox 2013 4722 2162 4789; x_wconf 88' lang='lat' dir='ltr'><strong>quod</strong></span> 
     </span>
    </p>
   </div>
   <div class='ocr_carea' id='block_1_65' title="bbox 580 4803 2162 4871">
    <p class='ocr_par' dir='ltr' id='par_1_65' title="bbox 580 4803 2162 4871">
     <span class='ocr_line' id='line_1_65' title="bbox 580 4803 2162 4871; baseline 0.008 -13"><span class='ocrx_word' id='word_1_428' title='bbox 580 4816 634 4858; x_wconf 90' lang='lat' dir='ltr'><strong>ct</strong></span> <span class='ocrx_word' id='word_1_429' title='bbox 668 4805 719 4857; x_wconf 92' lang='lat' dir='ltr'><strong>in</strong></span> <span class='ocrx_word' id='word_1_430' title='bbox 750 4803 946 4858; x_wconf 83' lang='lat' dir='ltr'><strong>Latino</strong></span> <span class='ocrx_word' id='word_1_431' title='bbox 978 4804 1082 4856; x_wconf 89' lang='lat' dir='ltr'><strong>ritu</strong></span> <span class='ocrx_word' id='word_1_432' title='bbox 1123 4814 1242 4857; x_wconf 92' lang='lat' dir='ltr'><strong>erat</strong></span> <span class='ocrx_word' id='word_1_433' title='bbox 1282 4805 1490 4860; x_wconf 88' lang='lat' dir='ltr'><strong>circum</strong></span> <span class='ocrx_word' id='word_1_434' title='bbox 1527 4808 1721 4862; x_wconf 88' lang='lat' dir='ltr'><strong>altare.</strong></span> <span class='ocrx_word' id='word_1_435' title='bbox 1763 4809 2008 4868; x_wconf 85' lang='lat' dir='ltr'><strong>Illustrat</strong></span> <span class='ocrx_word' id='word_1_436' title='bbox 2046 4814 2162 4871; x_wconf 68' lang='lat' dir='ltr'><strong>ha&#39;c</strong></span> 
     </span>
    </p>
   </div>
   <div class='ocr_carea' id='block_1_66' title="bbox 581 4896 2166 4973">
    <p class='ocr_par' dir='ltr' id='par_1_66' title="bbox 581 4896 2166 4973">
     <span class='ocr_line' id='line_1_66' title="bbox 581 4896 2166 4973; baseline 0.008 -23"><span class='ocrx_word' id='word_1_437' title='bbox 581 4896 763 4952; x_wconf 89' lang='lat' dir='ltr'><strong>omnia</strong></span> <span class='ocrx_word' id='word_1_438' title='bbox 792 4897 849 4950; x_wconf 91' lang='lat' dir='ltr'><strong>S.</strong></span> <span class='ocrx_word' id='word_1_439' title='bbox 883 4896 1140 4950; x_wconf 85' lang='lat' dir='ltr'><strong>Germani</strong></span> <span class='ocrx_word' id='word_1_440' title='bbox 1176 4897 1326 4952; x_wconf 92' lang='lat' dir='ltr'><strong>locus</strong></span> <span class='ocrx_word' id='word_1_441' title='bbox 1356 4898 1411 4952; x_wconf 91' lang='lat' dir='ltr'><strong>in</strong></span> <span class='ocrx_word' id='word_1_442' title='bbox 1449 4900 1806 4972; x_wconf 82' lang='lat' dir='ltr'><strong>Mystagogia,</strong></span> <span class='ocrx_word' id='word_1_443' title='bbox 1844 4920 2006 4973; x_wconf 87' lang='lat' dir='ltr'><strong>quem</strong></span> <span class='ocrx_word' id='word_1_444' title='bbox 2042 4908 2166 4962; x_wconf 89' lang='lat' dir='ltr'><strong>ideo</strong></span> 
     </span>
    </p>
   </div>
   <div class='ocr_carea' id='block_1_67' title="bbox 579 4988 2164 5064">
    <p class='ocr_par' dir='ltr' id='par_1_67' title="bbox 579 4988 2164 5064">
     <span class='ocr_line' id='line_1_67' title="bbox 579 4988 2164 5064; baseline 0.006 -24"><span class='ocrx_word' id='word_1_445' title='bbox 579 4989 885 5042; x_wconf 84' lang='lat' dir='ltr'><strong>describam</strong></span> <span class='ocrx_word' id='word_1_446' title='bbox 931 5004 943 5039; x_wconf 91' lang='lat'>:</span> <span class='ocrx_word' id='word_1_447' title='bbox 981 4988 1171 5040; x_wconf 72' lang='grc' dir='ltr'>Κιὸνια</span> <span class='ocrx_word' id='word_1_448' title='bbox 1229 4989 1352 5059; x_wconf 73' lang='grc' dir='ltr'>ἤτοι</span> <span class='ocrx_word' id='word_1_449' title='bbox 1387 4989 1457 5042; x_wconf 85' lang='grc' dir='ltr'><strong>τὰ</strong></span> <span class='ocrx_word' id='word_1_450' title='bbox 1507 4991 1710 5062; x_wconf 83' lang='grc' dir='ltr'>στήθεα</span> <span class='ocrx_word' id='word_1_451' title='bbox 1763 4993 2164 5064; x_wconf 81' lang='grc' dir='ltr'>διαχωρίζοντα</span> 
     </span>
    </p>
   </div>
   <div class='ocr_carea' id='block_1_68' title="bbox 579 5079 2162 5159">
    <p class='ocr_par' dir='ltr' id='par_1_68' title="bbox 579 5079 2162 5159">
     <span class='ocr_line' id='line_1_68' title="bbox 579 5079 2162 5159; baseline 0.006 -26"><span class='ocrx_word' id='word_1_452' title='bbox 579 5081 640 5134; x_wconf 81' lang='grc' dir='ltr'>τὸ</span> <span class='ocrx_word' id='word_1_453' title='bbox 693 5080 844 5150; x_wconf 77' lang='grc' dir='ltr'>βῆμα</span> <span class='ocrx_word' id='word_1_454' title='bbox 877 5079 985 5132; x_wconf 82' lang='grc' dir='ltr'><strong>ἀπὸ</strong></span> <span class='ocrx_word' id='word_1_455' title='bbox 1015 5080 1205 5132; x_wconf 71' lang='grc' dir='ltr'>λοιποῦ</span> <span class='ocrx_word' id='word_1_456' title='bbox 1250 5080 1406 5144; x_wconf 77' lang='grc' dir='ltr'>ναοῦ,</span> <span class='ocrx_word' id='word_1_457' title='bbox 1452 5084 1547 5136; x_wconf 75' lang='grc' dir='ltr'><strong>καὶ</strong></span> <span class='ocrx_word' id='word_1_458' title='bbox 1592 5084 1873 5150; x_wconf 78' lang='grc' dir='ltr'>κὰγκελλά</span> <span class='ocrx_word' id='word_1_459' title='bbox 1910 5089 2020 5140; x_wconf 83' lang='grc' dir='ltr'>εἰσι</span> <span class='ocrx_word' id='word_1_460' title='bbox 2066 5091 2162 5159; x_wconf 74' lang='grc' dir='ltr'>τῆς</span> 
     </span>
    </p>
   </div>
   <div class='ocr_carea' id='block_1_69' title="bbox 578 5173 2160 5250">
    <p class='ocr_par' dir='ltr' id='par_1_69' title="bbox 578 5173 2160 5250">
     <span class='ocr_line' id='line_1_69' title="bbox 578 5173 2160 5250; baseline 0.007 -26"><span class='ocrx_word' id='word_1_461' title='bbox 578 5173 892 5242; x_wconf 73' lang='grc' dir='ltr'>προσευχῆς</span> <span class='ocrx_word' id='word_1_462' title='bbox 927 5174 1092 5224; x_wconf 70' lang='grc' dir='ltr'>τὸττοσν</span> <span class='ocrx_word' id='word_1_463' title='bbox 1126 5173 1292 5242; x_wconf 77' lang='grc'><strong>609</strong></span> <span class='ocrx_word' id='word_1_464' title='bbox 1324 5174 1618 5243; x_wconf 77' lang='grc' dir='ltr'><strong>δηλοῦντα,</strong></span> <span class='ocrx_word' id='word_1_465' title='bbox 1667 5178 1726 5230; x_wconf 70' lang='grc' dir='ltr'>ἐν</span> <span class='ocrx_word' id='word_1_466' title='bbox 1758 5173 1844 5240; x_wconf 74' lang='grc' dir='ltr'>οἷς</span> <span class='ocrx_word' id='word_1_467' title='bbox 1901 5183 2160 5250; x_wconf 77' lang='grc' dir='ltr'>σημαίνει</span> 
     </span>
    </p>
   </div>
   <div class='ocr_carea' id='block_1_70' title="bbox 575 5262 2160 5336">
    <p class='ocr_par' dir='ltr' id='par_1_70' title="bbox 575 5262 2160 5336">
     <span class='ocr_line' id='line_1_70' title="bbox 575 5262 2160 5336; baseline 0.005 -20"><span class='ocrx_word' id='word_1_468' title='bbox 575 5265 675 5336; x_wconf 81' lang='grc' dir='ltr'>τὴν</span> <span class='ocrx_word' id='word_1_469' title='bbox 703 5264 802 5333; x_wconf 78' lang='grc' dir='ltr'>μὲν</span> <span class='ocrx_word' id='word_1_470' title='bbox 839 5263 1039 5328; x_wconf 79' lang='grc' dir='ltr'>ἔξωθεν</span> <span class='ocrx_word' id='word_1_471' title='bbox 1075 5263 1170 5315; x_wconf 80' lang='grc' dir='ltr'>τοῦ</span> <span class='ocrx_word' id='word_1_472' title='bbox 1201 5262 1333 5316; x_wconf 81' lang='grc' dir='ltr'>λαοῦ</span> <span class='ocrx_word' id='word_1_473' title='bbox 1363 5263 1596 5328; x_wconf 75' lang='grc' dir='ltr'>εἴσοδον,</span> <span class='ocrx_word' id='word_1_474' title='bbox 1631 5265 1734 5333; x_wconf 82' lang='grc' dir='ltr'>τὴν</span> <span class='ocrx_word' id='word_1_475' title='bbox 1770 5266 1828 5318; x_wconf 85' lang='grc' dir='ltr'>δὲ</span> <span class='ocrx_word' id='word_1_476' title='bbox 1859 5266 2068 5323; x_wconf 78' lang='grc' dir='ltr'>ἔσωθεν</span> <span class='ocrx_word' id='word_1_477' title='bbox 2094 5271 2160 5324; x_wconf 81' lang='grc' dir='ltr'>τὰ</span> 
     </span>
    </p>
   </div>
   <div class='ocr_carea' id='block_1_71' title="bbox 578 5355 2160 5430">
    <p class='ocr_par' dir='ltr' id='par_1_71' title="bbox 578 5355 2160 5430">
     <span class='ocr_line' id='line_1_71' title="bbox 578 5355 2160 5430; baseline 0.001 -20"><span class='ocrx_word' id='word_1_478' title='bbox 578 5359 746 5425; x_wconf 76' lang='grc' dir='ltr'>Ἀγια</span> <span class='ocrx_word' id='word_1_479' title='bbox 780 5356 886 5408; x_wconf 84' lang='grc' dir='ltr'>τῶν</span> <span class='ocrx_word' id='word_1_480' title='bbox 914 5355 1085 5423; x_wconf 80' lang='grc' dir='ltr'>ἁγίων</span> <span class='ocrx_word' id='word_1_481' title='bbox 1117 5355 1474 5426; x_wconf 77' lang='grc' dir='ltr'>ὑπάρχουσαν</span> <span class='ocrx_word' id='word_1_482' title='bbox 1503 5356 1596 5409; x_wconf 75' lang='grc' dir='ltr'><strong>καὶ</strong></span> <span class='ocrx_word' id='word_1_483' title='bbox 1628 5356 1808 5423; x_wconf 83' lang='grc' dir='ltr'>μόνοις</span> <span class='ocrx_word' id='word_1_484' title='bbox 1831 5361 1944 5422; x_wconf 77' lang='grc' dir='ltr'>τοῖς</span> <span class='ocrx_word' id='word_1_485' title='bbox 1978 5359 2160 5430; x_wconf 63' lang='lat' dir='ltr'><strong>tepefi-</strong></span> 
     </span>
    </p>
   </div>
   <div class='ocr_carea' id='block_1_72' title="bbox 578 5447 2161 5522">
    <p class='ocr_par' dir='ltr' id='par_1_72' title="bbox 578 5447 2161 5522">
     <span class='ocr_line' id='line_1_72' title="bbox 578 5447 2161 5522; baseline 0.002 -18"><span class='ocrx_word' id='word_1_486' title='bbox 578 5470 664 5504; x_wconf 89' lang='grc' dir='ltr'><strong>σιν</strong></span> <span class='ocrx_word' id='word_1_487' title='bbox 707 5447 874 5504; x_wconf 57' lang='grc' dir='ltr'>οὖσαν</span> <span class='ocrx_word' id='word_1_488' title='bbox 919 5450 1213 5502; x_wconf 72' lang='grc' dir='ltr'>ἐπιϐατόν·</span> <span class='ocrx_word' id='word_1_489' title='bbox 1248 5449 1560 5504; x_wconf 74' lang='lat' dir='ltr'><strong>Columella:</strong></span> <span class='ocrx_word' id='word_1_490' title='bbox 1590 5451 1698 5504; x_wconf 82' lang='lat' dir='ltr'><strong>sive</strong></span> <span class='ocrx_word' id='word_1_491' title='bbox 1731 5453 1972 5508; x_wconf 77' lang='lat' dir='ltr'><strong>thoraces</strong></span> <span class='ocrx_word' id='word_1_492' title='bbox 2009 5468 2161 5522; x_wconf 87' lang='lat' dir='ltr'><strong>sepa-</strong></span> 
     </span>
    </p>
   </div>
   <div class='ocr_carea' id='block_1_73' title="bbox 577 5541 2161 5611">
    <p class='ocr_par' dir='ltr' id='par_1_73' title="bbox 577 5541 2161 5611">
     <span class='ocr_line' id='line_1_73' title="bbox 577 5541 2161 5611; baseline 0.001 -16"><span class='ocrx_word' id='word_1_493' title='bbox 577 5552 753 5597; x_wconf 87' lang='lat' dir='ltr'><strong>rantes</strong></span> <span class='ocrx_word' id='word_1_494' title='bbox 793 5542 964 5595; x_wconf 86' lang='lat' dir='ltr'><strong>altare</strong></span> <span class='ocrx_word' id='word_1_495' title='bbox 990 5559 1022 5593; x_wconf 88' lang='lat' dir='ltr'><strong>a</strong></span> <span class='ocrx_word' id='word_1_496' title='bbox 1054 5541 1482 5611; x_wconf 84' lang='lat' dir='ltr'><strong>reliquotemplo,</strong></span> <span class='ocrx_word' id='word_1_497' title='bbox 1515 5552 1562 5594; x_wconf 90' lang='lat' dir='ltr'><strong>et</strong></span> <span class='ocrx_word' id='word_1_498' title='bbox 1587 5542 1813 5595; x_wconf 83' lang='lat' dir='ltr'><strong>cancelli</strong></span> <span class='ocrx_word' id='word_1_499' title='bbox 1841 5543 2012 5597; x_wconf 86' lang='lat' dir='ltr'><strong>locum</strong></span> <span class='ocrx_word' id='word_1_500' title='bbox 2040 5562 2161 5598; x_wconf 85' lang='lat' dir='ltr'><strong>ora-</strong></span> 
     </span>
    </p>
   </div>
   <div class='ocr_carea' id='block_1_74' title="bbox 577 5636 2161 5705">
    <p class='ocr_par' dir='ltr' id='par_1_74' title="bbox 577 5636 2161 5705">
     <span class='ocr_line' id='line_1_74' title="bbox 577 5636 2161 5705; baseline 0.001 -15"><span class='ocrx_word' id='word_1_501' title='bbox 577 5639 732 5690; x_wconf 84' lang='lat' dir='ltr'><strong>tionis</strong></span> <span class='ocrx_word' id='word_1_502' title='bbox 773 5637 1114 5704; x_wconf 74' lang='lat' dir='ltr'><strong>manifestam</strong></span> <span class='ocrx_word' id='word_1_503' title='bbox 1143 5647 1192 5689; x_wconf 85' lang='lat' dir='ltr'><strong>et</strong></span> <span class='ocrx_word' id='word_1_504' title='bbox 1225 5636 1434 5704; x_wconf 86' lang='lat' dir='ltr'><strong>signant</strong></span> <span class='ocrx_word' id='word_1_505' title='bbox 1473 5651 1743 5705; x_wconf 85' lang='lat' dir='ltr'><strong>quousque</strong></span> <span class='ocrx_word' id='word_1_506' title='bbox 1790 5643 2025 5691; x_wconf 70' lang='lat' dir='ltr'><strong>exterius</strong></span> <span class='ocrx_word' id='word_1_507' title='bbox 2073 5639 2161 5691; x_wconf 81' lang='lat' dir='ltr'><strong>in-</strong></span> 
     </span>
    </p>
   </div>
   <div class='ocr_carea' id='block_1_75' title="bbox 573 5729 2160 5801">
    <p class='ocr_par' dir='ltr' id='par_1_75' title="bbox 573 5729 2160 5801">
     <span class='ocr_line' id='line_1_75' title="bbox 573 5729 2160 5801; baseline 0.002 -18"><span class='ocrx_word' id='word_1_508' title='bbox 573 5732 722 5801; x_wconf 71' lang='lat' dir='ltr'><strong>gredi</strong></span> <span class='ocrx_word' id='word_1_509' title='bbox 775 5731 998 5799; x_wconf 82' lang='lat' dir='ltr'><strong>populus</strong></span> <span class='ocrx_word' id='word_1_510' title='bbox 1047 5731 1236 5798; x_wconf 83' lang='lat' dir='ltr'><strong>possit,</strong></span> <span class='ocrx_word' id='word_1_511' title='bbox 1288 5745 1350 5780; x_wconf 90' lang='lat' dir='ltr'><strong>ac</strong></span> <span class='ocrx_word' id='word_1_512' title='bbox 1382 5730 1522 5798; x_wconf 83' lang='lat' dir='ltr'><strong>quod</strong></span> <span class='ocrx_word' id='word_1_513' title='bbox 1555 5730 1779 5782; x_wconf 80' lang='lat' dir='ltr'><strong>interius</strong></span> <span class='ocrx_word' id='word_1_514' title='bbox 1826 5739 1924 5793; x_wconf 85' lang='lat' dir='ltr'><strong>cst,</strong></span> <span class='ocrx_word' id='word_1_515' title='bbox 1962 5729 2160 5786; x_wconf 73' lang='lat' dir='ltr'><strong>Sancta</strong></span> 
     </span>
    </p>
   </div>
   <div class='ocr_carea' id='block_1_76' title="bbox 571 5819 2156 5886">
    <p class='ocr_par' dir='ltr' id='par_1_76' title="bbox 571 5819 2156 5886">
     <span class='ocr_line' id='line_1_76' title="bbox 571 5819 2156 5886; baseline 0.001 -10"><span class='ocrx_word' id='word_1_516' title='bbox 571 5832 877 5878; x_wconf 86' lang='lat' dir='ltr'><strong>sanctorum</strong></span> <span class='ocrx_word' id='word_1_517' title='bbox 937 5838 1071 5885; x_wconf 84' lang='lat' dir='ltr'><strong>esse,</strong></span> <span class='ocrx_word' id='word_1_518' title='bbox 1131 5823 1303 5875; x_wconf 87' lang='lat' dir='ltr'><strong>locum</strong></span> <span class='ocrx_word' id='word_1_519' title='bbox 1340 5819 1467 5874; x_wconf 87' lang='lat' dir='ltr'><strong>solis</strong></span> <span class='ocrx_word' id='word_1_520' title='bbox 1503 5823 1736 5886; x_wconf 78' lang='lat' dir='ltr'><strong>pervium</strong></span> <span class='ocrx_word' id='word_1_521' title='bbox 1771 5820 2156 5877; x_wconf 80' lang='lat' dir='ltr'><strong>sacerdotibus.</strong></span> 
     </span>
    </p>
   </div>
   <div class='ocr_carea' id='block_1_77' title="bbox 572 5914 2160 5972">
    <p class='ocr_par' dir='ltr' id='par_1_77' title="bbox 572 5914 2160 5972">
     <span class='ocr_line' id='line_1_77' title="bbox 572 5914 2160 5972; baseline 0.003 -5"><span class='ocrx_word' id='word_1_522' title='bbox 572 5917 628 5968; x_wconf 88' lang='lat' dir='ltr'><strong>In</strong></span> <span class='ocrx_word' id='word_1_523' title='bbox 673 5916 758 5971; x_wconf 88' lang='lat' dir='ltr'><strong>his</strong></span> <span class='ocrx_word' id='word_1_524' title='bbox 792 5915 974 5971; x_wconf 82' lang='lat' dir='ltr'><strong>verbis</strong></span> <span class='ocrx_word' id='word_1_525' title='bbox 1028 5915 1206 5970; x_wconf 88' lang='lat' dir='ltr'><strong>notari</strong></span> <span class='ocrx_word' id='word_1_526' title='bbox 1258 5914 1420 5972; x_wconf 84' lang='lat' dir='ltr'><strong>velim</strong></span> <span class='ocrx_word' id='word_1_527' title='bbox 1459 5927 1620 5968; x_wconf 80' lang='lat' dir='ltr'><strong>voces</strong></span> <span class='ocrx_word' id='word_1_528' title='bbox 1680 5914 1800 5969; x_wconf 87' lang='lat' dir='ltr'><strong>illas</strong></span> <span class='ocrx_word' id='word_1_529' title='bbox 1837 5914 2017 5969; x_wconf 86' lang='grc' dir='ltr'>κιόνια</span> <span class='ocrx_word' id='word_1_530' title='bbox 2063 5919 2160 5971; x_wconf 68' lang='grc' dir='ltr'><strong>κιὶ</strong></span> 
     </span>
    </p>
   </div>
   <div class='ocr_carea' id='block_1_78' title="bbox 2296 2024 3804 2097">
    <p class='ocr_par' dir='ltr' id='par_1_78' title="bbox 2296 2024 3804 2097">
     <span class='ocr_line' id='line_1_78' title="bbox 2296 2024 3804 2097; baseline 0.007 -26"><span class='ocrx_word' id='word_1_531' title='bbox 2296 2033 2360 2072; x_wconf 82' lang='lat' dir='ltr'><strong>ex</strong></span> <span class='ocrx_word' id='word_1_532' title='bbox 2401 2031 2633 2089; x_wconf 84' lang='lat' dir='ltr'><strong>argento</strong></span> <span class='ocrx_word' id='word_1_533' title='bbox 2665 2024 2848 2097; x_wconf 73' lang='lat' dir='ltr'><strong>aureis</strong></span> <span class='ocrx_word' id='word_1_534' title='bbox 2896 2025 3248 2080; x_wconf 89' lang='lat' dir='ltr'><strong>interstincto</strong></span> <span class='ocrx_word' id='word_1_535' title='bbox 3289 2026 3516 2082; x_wconf 76' lang='lat' dir='ltr'><strong>floribus</strong></span> <span class='ocrx_word' id='word_1_536' title='bbox 3557 2038 3601 2082; x_wconf 87' lang='lat' dir='ltr'><strong>et</strong></span> <span class='ocrx_word' id='word_1_537' title='bbox 3630 2030 3804 2097; x_wconf 82' lang='lat' dir='ltr'><strong>gemmis</strong></span> 
     </span>
    </p>
   </div>
   <div class='ocr_carea' id='block_1_79' title="bbox 2297 2087 3802 2191">
    <p class='ocr_par' dir='ltr' id='par_1_79' title="bbox 2297 2087 3802 2191">
     <span class='ocr_line' id='line_1_79' title="bbox 2297 2087 3802 2191; baseline 0.006 -28"><span class='ocrx_word' id='word_1_538' title='bbox 2297 2087 2598 2168; x_wconf 34' lang='lat' dir='ltr'><strong>nbdttx&#39;isse</strong></span> <span class='ocrx_word' id='word_1_539' title='bbox 2641 2087 2730 2182; x_wconf 83' lang='grc' dir='ltr'><strong>(οἶ</strong></span> <span class='ocrx_word' id='word_1_540' title='bbox 2773 2117 2831 2169; x_wconf 72' lang='grc' dir='ltr'>δὲ</span> <span class='ocrx_word' id='word_1_541' title='bbox 2883 2118 2947 2170; x_wconf 84' lang='grc' dir='ltr'>ὲκ</span> <span class='ocrx_word' id='word_1_542' title='bbox 2984 2117 3177 2182; x_wconf 80' lang='grc' dir='ltr'>δεξιῶν</span> <span class='ocrx_word' id='word_1_543' title='bbox 3224 2120 3322 2174; x_wconf 74' lang='grc' dir='ltr'><strong>καὶ</strong></span> <span class='ocrx_word' id='word_1_544' title='bbox 3380 2121 3656 2191; x_wconf 77' lang='grc' dir='ltr'>εὐωνύμων</span> <span class='ocrx_word' id='word_1_545' title='bbox 3681 2123 3802 2191; x_wconf 71' lang='grc' dir='ltr'>τοῖχοι</span> 
     </span>
    </p>
   </div>
   <div class='ocr_carea' id='block_1_80' title="bbox 2295 2204 3800 2284">
    <p class='ocr_par' dir='ltr' id='par_1_80' title="bbox 2295 2204 3800 2284">
     <span class='ocr_line' id='line_1_80' title="bbox 2295 2204 3800 2284; baseline 0.006 -29"><span class='ocrx_word' id='word_1_546' title='bbox 2295 2204 2538 2274; x_wconf 72' lang='grc' dir='ltr'>ἄργυρον</span> <span class='ocrx_word' id='word_1_547' title='bbox 2596 2208 2830 2276; x_wconf 63' lang='grc' dir='ltr'>ἄφθονον</span> <span class='ocrx_word' id='word_1_548' title='bbox 2892 2215 2988 2264; x_wconf 71' lang='grc' dir='ltr'><strong>καὶ</strong></span> <span class='ocrx_word' id='word_1_549' title='bbox 3037 2213 3193 2266; x_wconf 70' lang='grc' dir='ltr'>αὐτοὶ</span> <span class='ocrx_word' id='word_1_550' title='bbox 3261 2216 3599 2282; x_wconf 74' lang='grc' dir='ltr'><strong>ἐπικείμενον</strong></span> <span class='ocrx_word' id='word_1_551' title='bbox 3647 2217 3800 2284; x_wconf 74' lang='grc' dir='ltr'>ἔχουσι,</span> 
     </span>
    </p>
   </div>
   <div class='ocr_carea' id='block_1_81' title="bbox 2293 2299 3800 2377">
    <p class='ocr_par' dir='ltr' id='par_1_81' title="bbox 2293 2299 3800 2377">
     <span class='ocr_line' id='line_1_81' title="bbox 2293 2299 3800 2377; baseline 0.005 -26"><span class='ocrx_word' id='word_1_552' title='bbox 2293 2299 2676 2371; x_wconf 77' lang='grc' dir='ltr'>διηνθισμένον</span> <span class='ocrx_word' id='word_1_553' title='bbox 2696 2321 2799 2373; x_wconf 84' lang='grc' dir='ltr'><strong>χρυ</strong></span> <span class='ocrx_word' id='word_1_554' title='bbox 2811 2305 2887 2377; x_wconf 84' lang='grc' dir='ltr'>σῷ</span> <span class='ocrx_word' id='word_1_555' title='bbox 2917 2305 3010 2358; x_wconf 71' lang='grc' dir='ltr'><strong>καὶ</strong></span> <span class='ocrx_word' id='word_1_556' title='bbox 3034 2306 3239 2376; x_wconf 82' lang='grc' dir='ltr'>τιμίοις</span> <span class='ocrx_word' id='word_1_557' title='bbox 3264 2307 3662 2376; x_wconf 73' lang='grc' dir='ltr'>πεποικιλμένον</span> <span class='ocrx_word' id='word_1_558' title='bbox 3678 2306 3800 2368; x_wconf 67' lang='grc' dir='ltr'>λίθοςς</span> 
     </span>
    </p>
   </div>
   <div class='ocr_carea' id='block_1_82' title="bbox 2297 2395 3799 2468">
    <p class='ocr_par' dir='ltr' id='par_1_82' title="bbox 2297 2395 3799 2468">
     <span class='ocr_line' id='line_1_82' title="bbox 2297 2395 3799 2468; baseline 0.004 -24"><span class='ocrx_word' id='word_1_559' title='bbox 2297 2395 2388 2444; x_wconf 76' lang='grc' dir='ltr'>καὶ</span> <span class='ocrx_word' id='word_1_560' title='bbox 2431 2396 2738 2466; x_wconf 83' lang='grc' dir='ltr'>μαργάρων</span> <span class='ocrx_word' id='word_1_561' title='bbox 2773 2397 3173 2468; x_wconf 72' lang='grc' dir='ltr'><strong>λαμπρότητι),</strong></span> <span class='ocrx_word' id='word_1_562' title='bbox 3211 2401 3401 2453; x_wconf 83' lang='lat' dir='ltr'><strong>statim</strong></span> <span class='ocrx_word' id='word_1_563' title='bbox 3435 2399 3574 2452; x_wconf 81' lang='lat' dir='ltr'><strong>addit</strong></span> <span class='ocrx_word' id='word_1_564' title='bbox 3601 2401 3657 2453; x_wconf 85' lang='lat' dir='ltr'><strong>de</strong></span> <span class='ocrx_word' id='word_1_565' title='bbox 3686 2413 3799 2451; x_wconf 83' lang='lat' dir='ltr'><strong>sacro</strong></span> 
     </span>
    </p>
   </div>
   <div class='ocr_carea' id='block_1_83' title="bbox 2293 2488 3796 2562">
    <p class='ocr_par' dir='ltr' id='par_1_83' title="bbox 2293 2488 3796 2562">
     <span class='ocr_line' id='line_1_83' title="bbox 2293 2488 3796 2562; baseline 0.005 -25"><span class='ocrx_word' id='word_1_566' title='bbox 2293 2497 2449 2554; x_wconf 74' lang='grc' dir='ltr'>ενι)ῑο</span> <span class='ocrx_word' id='word_1_567' title='bbox 2494 2488 2610 2543; x_wconf 89' lang='lat' dir='ltr'><strong>sive</strong></span> <span class='ocrx_word' id='word_1_568' title='bbox 2657 2493 2805 2544; x_wconf 85' lang='lat' dir='ltr'><strong>solea</strong></span> <span class='ocrx_word' id='word_1_569' title='bbox 2847 2511 2860 2545; x_wconf 88' lang='lat'>:</span> <span class='ocrx_word' id='word_1_570' title='bbox 2904 2492 2968 2544; x_wconf 82' lang='grc' dir='ltr'><strong><em>Ἥ</em></strong></span> <span class='ocrx_word' id='word_1_571' title='bbox 2999 2492 3056 2545; x_wconf 76' lang='grc' dir='ltr'>δὲ</span> <span class='ocrx_word' id='word_1_572' title='bbox 3088 2495 3412 2562; x_wconf 69' lang='grc' dir='ltr'>διείργουσα</span> <span class='ocrx_word' id='word_1_573' title='bbox 3453 2493 3518 2545; x_wconf 83' lang='grc' dir='ltr'>τὰ</span> <span class='ocrx_word' id='word_1_574' title='bbox 3562 2492 3701 2545; x_wconf 74' lang='grc' dir='ltr'>ἄδυτα</span> <span class='ocrx_word' id='word_1_575' title='bbox 3731 2493 3796 2544; x_wconf 67' lang='lat' dir='ltr'><strong>sui</strong></span> 
     </span>
    </p>
   </div>
   <div class='ocr_carea' id='block_1_84' title="bbox 2291 2577 3796 2656">
    <p class='ocr_par' dir='ltr' id='par_1_84' title="bbox 2291 2577 3796 2656">
     <span class='ocr_line' id='line_1_84' title="bbox 2291 2577 3796 2656; baseline 0.005 -27"><span class='ocrx_word' id='word_1_576' title='bbox 2291 2577 2435 2630; x_wconf 77' lang='grc' dir='ltr'>θείου</span> <span class='ocrx_word' id='word_1_577' title='bbox 2465 2582 2618 2634; x_wconf 85' lang='grc' dir='ltr'>οῐκου</span> <span class='ocrx_word' id='word_1_578' title='bbox 2663 2583 2856 2636; x_wconf 81' lang='grc' dir='ltr'>τούτου</span> <span class='ocrx_word' id='word_1_579' title='bbox 2901 2585 3147 2652; x_wconf 78' lang='grc' dir='ltr'>κιγκλὶς,</span> <span class='ocrx_word' id='word_1_580' title='bbox 3212 2587 3524 2656; x_wconf 75' lang='grc' dir='ltr'>Ἡράκλεις,</span> <span class='ocrx_word' id='word_1_581' title='bbox 3553 2585 3796 2639; x_wconf 67' lang='grc' dir='ltr'>ὅσονόὶόον</span> 
     </span>
    </p>
   </div>
   <div class='ocr_carea' id='block_1_85' title="bbox 2291 2672 3794 2750">
    <p class='ocr_par' dir='ltr' id='par_1_85' title="bbox 2291 2672 3794 2750">
     <span class='ocr_line' id='line_1_85' title="bbox 2291 2672 3794 2750; baseline 0.005 -28"><span class='ocrx_word' id='word_1_582' title='bbox 2291 2672 2348 2722; x_wconf 75' lang='grc' dir='ltr'>ἐν</span> <span class='ocrx_word' id='word_1_583' title='bbox 2393 2673 2562 2743; x_wconf 61' lang='grc' dir='ltr'>ἑαυτῇ</span> <span class='ocrx_word' id='word_1_584' title='bbox 2619 2676 3000 2745; x_wconf 73' lang='grc' dir='ltr'>περιείληφεν,</span> <span class='ocrx_word' id='word_1_585' title='bbox 3057 2673 3127 2750; x_wconf 84' lang='grc' dir='ltr'>ἦς</span> <span class='ocrx_word' id='word_1_586' title='bbox 3182 2679 3234 2730; x_wconf 78' lang='lat' dir='ltr'><strong>oi</strong></span> <span class='ocrx_word' id='word_1_587' title='bbox 3287 2679 3472 2732; x_wconf 83' lang='grc' dir='ltr'>στῦλοι</span> <span class='ocrx_word' id='word_1_588' title='bbox 3531 2680 3619 2750; x_wconf 82' lang='grc' dir='ltr'>μὲν</span> <span class='ocrx_word' id='word_1_589' title='bbox 3658 2680 3794 2732; x_wconf 66' lang='grc' dir='ltr'>καὶτὰ</span> 
     </span>
    </p>
   </div>
   <div class='ocr_carea' id='block_1_86' title="bbox 2290 2765 3791 2840">
    <p class='ocr_par' dir='ltr' id='par_1_86' title="bbox 2290 2765 3791 2840">
     <span class='ocr_line' id='line_1_86' title="bbox 2290 2765 3791 2840; baseline 0.005 -24"><span class='ocrx_word' id='word_1_590' title='bbox 2290 2765 2537 2818; x_wconf 71' lang='grc' dir='ltr'>κάτωθεν</span> <span class='ocrx_word' id='word_1_591' title='bbox 2571 2767 2628 2831; x_wconf 77' lang='grc' dir='ltr'>ἐξ</span> <span class='ocrx_word' id='word_1_592' title='bbox 2659 2769 2903 2838; x_wconf 78' lang='grc' dir='ltr'>ἀργύρου</span> <span class='ocrx_word' id='word_1_593' title='bbox 2932 2770 3111 2823; x_wconf 77' lang='grc' dir='ltr'>διόλου</span> <span class='ocrx_word' id='word_1_594' title='bbox 3142 2771 3242 2840; x_wconf 74' lang='grc' dir='ltr'>τὴν</span> <span class='ocrx_word' id='word_1_595' title='bbox 3277 2774 3535 2825; x_wconf 75' lang='grc' dir='ltr'>σύστασιν</span> <span class='ocrx_word' id='word_1_596' title='bbox 3559 2774 3791 2840; x_wconf 44' lang='lat' dir='ltr'><strong>nouatur&quot;,</strong></span> 
     </span>
    </p>
   </div>
   <div class='ocr_carea' id='block_1_87' title="bbox 2287 2855 3795 2935">
    <p class='ocr_par' dir='ltr' id='par_1_87' title="bbox 2287 2855 3795 2935">
     <span class='ocr_line' id='line_1_87' title="bbox 2287 2855 3795 2935; baseline 0.005 -27"><span class='ocrx_word' id='word_1_597' title='bbox 2287 2855 2345 2909; x_wconf 83' lang='grc' dir='ltr'>δὲ</span> <span class='ocrx_word' id='word_1_598' title='bbox 2373 2862 2492 2920; x_wconf 72' lang='grc' dir='ltr'>ταῖς</span> <span class='ocrx_word' id='word_1_599' title='bbox 2536 2861 2792 2928; x_wconf 65' lang='grc' dir='ltr'>κεφαλίσι</span> <span class='ocrx_word' id='word_1_600' title='bbox 2826 2862 3034 2916; x_wconf 81' lang='grc' dir='ltr'>τούτων</span> <span class='ocrx_word' id='word_1_601' title='bbox 3063 2865 3396 2935; x_wconf 73' lang='grc' dir='ltr'>ἐπικειμένη</span> <span class='ocrx_word' id='word_1_602' title='bbox 3424 2867 3561 2927; x_wconf 76' lang='grc' dir='ltr'>δοκὶς</span> <span class='ocrx_word' id='word_1_603' title='bbox 3588 2869 3642 2919; x_wconf 80' lang='grc' dir='ltr'>ὲκ</span> <span class='ocrx_word' id='word_1_604' title='bbox 3675 2864 3795 2916; x_wconf 67' lang='lat' dir='ltr'><strong>xaiz-</strong></span> 
     </span>
    </p>
   </div>
   <div class='ocr_carea' id='block_1_88' title="bbox 2291 2951 3794 3028">
    <p class='ocr_par' dir='ltr' id='par_1_88' title="bbox 2291 2951 3794 3028">
     <span class='ocr_line' id='line_1_88' title="bbox 2291 2951 3794 3028; baseline 0.003 -26"><span class='ocrx_word' id='word_1_605' title='bbox 2291 2951 2385 3016; x_wconf 80' lang='grc' dir='ltr'>ροῦ</span> <span class='ocrx_word' id='word_1_606' title='bbox 2439 2954 2664 3021; x_wconf 78' lang='grc' dir='ltr'>χρυσίου</span> <span class='ocrx_word' id='word_1_607' title='bbox 2701 2959 2850 3008; x_wconf 81' lang='grc' dir='ltr'>πᾶσα</span> <span class='ocrx_word' id='word_1_608' title='bbox 2882 2957 3207 3028; x_wconf 83' lang='grc' dir='ltr'>συνέστηκε,</span> <span class='ocrx_word' id='word_1_609' title='bbox 3279 2960 3370 3010; x_wconf 74' lang='grc' dir='ltr'><strong>τὸν</strong></span> <span class='ocrx_word' id='word_1_610' title='bbox 3421 2959 3627 3012; x_wconf 72' lang='grc' dir='ltr'>πλοῦτον</span> <span class='ocrx_word' id='word_1_611' title='bbox 3665 2957 3794 3010; x_wconf 63' lang='grc' dir='ltr'>πάντ]</span> 
     </span>
    </p>
   </div>
   <div class='ocr_carea' id='block_1_89' title="bbox 2286 3043 3790 3121">
    <p class='ocr_par' dir='ltr' id='par_1_89' title="bbox 2286 3043 3790 3121">
     <span class='ocr_line' id='line_1_89' title="bbox 2286 3043 3790 3121; baseline -0.007 -10"><span class='ocrx_word' id='word_1_612' title='bbox 2286 3044 2378 3096; x_wconf 58' lang='grc' dir='ltr'><strong>τὸν</strong></span> <span class='ocrx_word' id='word_1_613' title='bbox 2407 3046 2467 3109; x_wconf 68' lang='grc' dir='ltr'>ἐξ</span> <span class='ocrx_word' id='word_1_614' title='bbox 2513 3047 2692 3100; x_wconf 81' lang='grc' dir='ltr'><strong>Ἰνδῶν</strong></span> <span class='ocrx_word' id='word_1_615' title='bbox 2729 3052 3165 3120; x_wconf 82' lang='grc' dir='ltr'>περικεχυμένον</span> <span class='ocrx_word' id='word_1_616' title='bbox 3202 3053 3470 3107; x_wconf 79' lang='grc' dir='ltr'>πάντοθεν</span> <span class='ocrx_word' id='word_1_617' title='bbox 3503 3043 3790 3121; x_wconf 46' lang='lat' dir='ltr'><strong>{insumi},</strong></span> 
     </span>
    </p>
   </div>
   <div class='ocr_carea' id='block_1_90' title="bbox 2285 3140 3790 3218">
    <p class='ocr_par' dir='ltr' id='par_1_90' title="bbox 2285 3140 3790 3218">
     <span class='ocr_line' id='line_1_90' title="bbox 2285 3140 3790 3218; baseline 0.01 -27"><span class='ocrx_word' id='word_1_618' title='bbox 2285 3140 2428 3192; x_wconf 68' lang='lat' dir='ltr'><strong>stari</strong></span> <span class='ocrx_word' id='word_1_619' title='bbox 2456 3141 2629 3193; x_wconf 66' lang='lat' dir='ltr'><strong>nam:</strong></span> <span class='ocrx_word' id='word_1_620' title='bbox 2658 3143 2802 3213; x_wconf 74' lang='grc' dir='ltr'>μέρη</span> <span class='ocrx_word' id='word_1_621' title='bbox 2826 3147 2924 3199; x_wconf 76' lang='grc' dir='ltr'>καὶ</span> <span class='ocrx_word' id='word_1_622' title='bbox 2954 3149 2986 3214; x_wconf 80' lang='grc' dir='ltr'>ὴ</span> <span class='ocrx_word' id='word_1_623' title='bbox 3013 3145 3310 3218; x_wconf 71' lang='grc' dir='ltr'>θεανδρικὴ</span> <span class='ocrx_word' id='word_1_624' title='bbox 3333 3147 3424 3200; x_wconf 83' lang='grc' dir='ltr'>τοῦ</span> <span class='ocrx_word' id='word_1_625' title='bbox 3450 3148 3633 3216; x_wconf 80' lang='grc' dir='ltr'>Κυρίου</span> <span class='ocrx_word' id='word_1_626' title='bbox 3657 3149 3790 3214; x_wconf 46' lang='lat' dir='ltr'><strong>ita???</strong></span> 
     </span>
    </p>
   </div>
   <div class='ocr_carea' id='block_1_91' title="bbox 2288 3234 3786 3308">
    <p class='ocr_par' dir='ltr' id='par_1_91' title="bbox 2288 3234 3786 3308">
     <span class='ocr_line' id='line_1_91' title="bbox 2288 3234 3786 3308; baseline 0.005 -23"><span class='ocrx_word' id='word_1_627' title='bbox 2288 3234 2429 3302; x_wconf 77' lang='grc' dir='ltr'>μετὰ</span> <span class='ocrx_word' id='word_1_628' title='bbox 2487 3235 2807 3304; x_wconf 79' lang='grc' dir='ltr'>χυμιύσεως</span> <span class='ocrx_word' id='word_1_629' title='bbox 2882 3241 3290 3294; x_wconf 73' lang='grc' dir='ltr'>ἐκτετύπωται.</span> <span class='ocrx_word' id='word_1_630' title='bbox 3359 3243 3460 3308; x_wconf 85' lang='lat' dir='ltr'><strong>Qut</strong></span> <span class='ocrx_word' id='word_1_631' title='bbox 3519 3258 3624 3295; x_wconf 83' lang='lat' dir='ltr'><strong>rero</strong></span> <span class='ocrx_word' id='word_1_632' title='bbox 3671 3243 3786 3306; x_wconf 64' lang='lat' dir='ltr'><strong>adyta</strong></span> 
     </span>
    </p>
   </div>
   <div class='ocr_carea' id='block_1_92' title="bbox 2281 3322 3786 3396">
    <p class='ocr_par' dir='ltr' id='par_1_92' title="bbox 2281 3322 3786 3396">
     <span class='ocr_line' id='line_1_92' title="bbox 2281 3322 3786 3396; baseline 0.002 -23"><span class='ocrx_word' id='word_1_633' title='bbox 2281 3322 2501 3390; x_wconf 76' lang='lat' dir='ltr'><strong>hujusce</strong></span> <span class='ocrx_word' id='word_1_634' title='bbox 2530 3326 2696 3379; x_wconf 81' lang='lat' dir='ltr'><strong>diuini</strong></span> <span class='ocrx_word' id='word_1_635' title='bbox 2750 3330 2932 3394; x_wconf 86' lang='lat' dir='ltr'><strong>templi</strong></span> <span class='ocrx_word' id='word_1_636' title='bbox 2977 3341 3226 3396; x_wconf 84' lang='lat' dir='ltr'><strong>separant</strong></span> <span class='ocrx_word' id='word_1_637' title='bbox 3259 3332 3498 3394; x_wconf 70' lang='lat' dir='ltr'><strong>cancelli,</strong></span> <span class='ocrx_word' id='word_1_638' title='bbox 3536 3328 3786 3382; x_wconf 62' lang='lat' dir='ltr'><strong>Dcuibone.’</strong></span> 
     </span>
    </p>
   </div>
   <div class='ocr_carea' id='block_1_93' title="bbox 2279 3411 3785 3484">
    <p class='ocr_par' dir='ltr' id='par_1_93' title="bbox 2279 3411 3785 3484">
     <span class='ocr_line' id='line_1_93' title="bbox 2279 3411 3785 3484; baseline 0.009 -25"><span class='ocrx_word' id='word_1_639' title='bbox 2279 3419 2507 3476; x_wconf 71' lang='lat' dir='ltr'><strong>quantas</strong></span> <span class='ocrx_word' id='word_1_640' title='bbox 2542 3411 2596 3462; x_wconf 84' lang='lat' dir='ltr'><strong>in</strong></span> <span class='ocrx_word' id='word_1_641' title='bbox 2637 3426 2692 3463; x_wconf 90' lang='lat' dir='ltr'><strong>se</strong></span> <span class='ocrx_word' id='word_1_642' title='bbox 2729 3411 2940 3467; x_wconf 69' lang='lat' dir='ltr'><strong>divitias</strong></span> <span class='ocrx_word' id='word_1_643' title='bbox 2972 3417 3293 3471; x_wconf 77' lang='lat' dir='ltr'><strong>continent?</strong></span> <span class='ocrx_word' id='word_1_644' title='bbox 3337 3432 3547 3484; x_wconf 77' lang='lat' dir='ltr'><strong>quorum</strong></span> <span class='ocrx_word' id='word_1_645' title='bbox 3593 3417 3785 3466; x_wconf 51' lang='lat' dir='ltr'><strong>coitum“?</strong></span> 
     </span>
    </p>
   </div>
   <div class='ocr_carea' id='block_1_94' title="bbox 2280 3504 3786 3578">
    <p class='ocr_par' dir='ltr' id='par_1_94' title="bbox 2280 3504 3786 3578">
     <span class='ocr_line' id='line_1_94' title="bbox 2280 3504 3786 3578; baseline 0 -25"><span class='ocrx_word' id='word_1_646' title='bbox 2280 3515 2560 3571; x_wconf 78' lang='lat' dir='ltr'><strong>partesque</strong></span> <span class='ocrx_word' id='word_1_647' title='bbox 2603 3504 2724 3557; x_wconf 69' lang='lat' dir='ltr'><strong>imae</strong></span> <span class='ocrx_word' id='word_1_648' title='bbox 2769 3523 2946 3558; x_wconf 85' lang='lat' dir='ltr'><strong>omnes</strong></span> <span class='ocrx_word' id='word_1_649' title='bbox 2983 3523 3045 3559; x_wconf 73' lang='lat' dir='ltr'><strong>ea:</strong></span> <span class='ocrx_word' id='word_1_650' title='bbox 3087 3521 3310 3578; x_wconf 82' lang='lat' dir='ltr'><strong>argento</strong></span> <span class='ocrx_word' id='word_1_651' title='bbox 3356 3513 3583 3574; x_wconf 71' lang='lat' dir='ltr'><strong>conﬂata</strong></span> <span class='ocrx_word' id='word_1_652' title='bbox 3618 3517 3725 3563; x_wconf 84' lang='lat' dir='ltr'><strong>sunt,</strong></span> <span class='ocrx_word' id='word_1_653' title='bbox 3753 3515 3786 3554; x_wconf 76' lang='lat' dir='ltr'><strong>ct</strong></span> 
     </span>
    </p>
   </div>
   <div class='ocr_carea' id='block_1_95' title="bbox 2279 3595 3781 3666">
    <p class='ocr_par' dir='ltr' id='par_1_95' title="bbox 2279 3595 3781 3666">
     <span class='ocr_line' id='line_1_95' title="bbox 2279 3595 3781 3666; baseline 0.003 -20"><span class='ocrx_word' id='word_1_654' title='bbox 2279 3595 2545 3662; x_wconf 85' lang='lat' dir='ltr'><strong>capitellis</strong></span> <span class='ocrx_word' id='word_1_655' title='bbox 2587 3611 2771 3650; x_wconf 88' lang='lat' dir='ltr'><strong>earum</strong></span> <span class='ocrx_word' id='word_1_656' title='bbox 2811 3601 3282 3666; x_wconf 79' lang='lat' dir='ltr'><strong>superincumbens</strong></span> <span class='ocrx_word' id='word_1_657' title='bbox 3321 3605 3460 3654; x_wconf 76' lang='lat' dir='ltr'><strong>trabs</strong></span> <span class='ocrx_word' id='word_1_658' title='bbox 3487 3613 3584 3653; x_wconf 82' lang='lat' dir='ltr'><strong>tota</strong></span> <span class='ocrx_word' id='word_1_659' title='bbox 3611 3615 3662 3651; x_wconf 77' lang='lat' dir='ltr'><strong>ex</strong></span> <span class='ocrx_word' id='word_1_660' title='bbox 3691 3611 3781 3663; x_wconf 73' lang='lat' dir='ltr'><strong>puro</strong></span> 
     </span>
    </p>
   </div>
   <div class='ocr_carea' id='block_1_96' title="bbox 2280 3690 3781 3758">
    <p class='ocr_par' dir='ltr' id='par_1_96' title="bbox 2280 3690 3781 3758">
     <span class='ocr_line' id='line_1_96' title="bbox 2280 3690 3781 3758; baseline 0.002 -19"><span class='ocrx_word' id='word_1_661' title='bbox 2280 3703 2411 3742; x_wconf 89' lang='lat' dir='ltr'><strong>auro</strong></span> <span class='ocrx_word' id='word_1_662' title='bbox 2439 3699 2672 3753; x_wconf 83' lang='lat' dir='ltr'><strong>constat,</strong></span> <span class='ocrx_word' id='word_1_663' title='bbox 2728 3693 3006 3758; x_wconf 66' lang='lat' dir='ltr'><strong>universas</strong></span> <span class='ocrx_word' id='word_1_664' title='bbox 3056 3690 3320 3747; x_wconf 83' lang='lat' dir='ltr'><strong>Indorum</strong></span> <span class='ocrx_word' id='word_1_665' title='bbox 3379 3697 3574 3749; x_wconf 74' lang='lat' dir='ltr'><strong>divitias</strong></span> <span class='ocrx_word' id='word_1_666' title='bbox 3609 3693 3781 3745; x_wconf 68' lang='lat' dir='ltr'><strong>omnia</strong></span> 
     </span>
    </p>
   </div>
   <div class='ocr_carea' id='block_1_97' title="bbox 2276 3785 3779 3856">
    <p class='ocr_par' dir='ltr' id='par_1_97' title="bbox 2276 3785 3779 3856">
     <span class='ocr_line' id='line_1_97' title="bbox 2276 3785 3779 3856; baseline 0 -23"><span class='ocrx_word' id='word_1_667' title='bbox 2276 3792 2426 3851; x_wconf 88' lang='lat' dir='ltr'><strong>parte</strong></span> <span class='ocrx_word' id='word_1_668' title='bbox 2459 3785 2811 3854; x_wconf 78' lang='lat' dir='ltr'><strong>circumfusas</strong></span> <span class='ocrx_word' id='word_1_669' title='bbox 2862 3786 3092 3848; x_wconf 75' lang='lat' dir='ltr'><strong>habens;</strong></span> <span class='ocrx_word' id='word_1_670' title='bbox 3148 3789 3204 3840; x_wconf 87' lang='lat' dir='ltr'><strong>in</strong></span> <span class='ocrx_word' id='word_1_671' title='bbox 3244 3804 3349 3856; x_wconf 74' lang='lat' dir='ltr'><strong>qua</strong></span> <span class='ocrx_word' id='word_1_672' title='bbox 3394 3789 3562 3841; x_wconf 84' lang='lat' dir='ltr'><strong>multis</strong></span> <span class='ocrx_word' id='word_1_673' title='bbox 3605 3787 3706 3838; x_wconf 80' lang='lat' dir='ltr'><strong>locis</strong></span> <span class='ocrx_word' id='word_1_674' title='bbox 3748 3793 3779 3834; x_wconf 76' lang='lat' dir='ltr'><strong>rt</strong></span> 
     </span>
    </p>
   </div>
   <div class='ocr_carea' id='block_1_98' title="bbox 2279 3875 3776 3952">
    <p class='ocr_par' dir='ltr' id='par_1_98' title="bbox 2279 3875 3776 3952">
     <span class='ocr_line' id='line_1_98' title="bbox 2279 3875 3776 3952; baseline 0.001 -26"><span class='ocrx_word' id='word_1_675' title='bbox 2279 3875 2585 3928; x_wconf 87' lang='lat' dir='ltr'><strong>theandrica</strong></span> <span class='ocrx_word' id='word_1_676' title='bbox 2610 3875 2827 3930; x_wconf 84' lang='lat' dir='ltr'><strong>Domini</strong></span> <span class='ocrx_word' id='word_1_677' title='bbox 2854 3877 3029 3946; x_wconf 81' lang='lat' dir='ltr'><strong>forma</strong></span> <span class='ocrx_word' id='word_1_678' title='bbox 3056 3896 3210 3949; x_wconf 88' lang='lat' dir='ltr'><strong>opere</strong></span> <span class='ocrx_word' id='word_1_679' title='bbox 3238 3884 3690 3952; x_wconf 76' lang='lat' dir='ltr'><strong>chymicoerpmsa</strong></span> <span class='ocrx_word' id='word_1_680' title='bbox 3710 3884 3776 3930; x_wconf 76' lang='lat' dir='ltr'><strong>rit.</strong></span> 
     </span>
    </p>
   </div>
   <div class='ocr_carea' id='block_1_99' title="bbox 2279 3966 3780 4040">
    <p class='ocr_par' dir='ltr' id='par_1_99' title="bbox 2279 3966 3780 4040">
     <span class='ocr_line' id='line_1_99' title="bbox 2279 3966 3780 4040; baseline 0.004 -20"><span class='ocrx_word' id='word_1_681' title='bbox 2279 3966 2401 4020; x_wconf 67' lang='lat' dir='ltr'><strong>Haec</strong></span> <span class='ocrx_word' id='word_1_682' title='bbox 2428 3967 2864 4036; x_wconf 80' lang='lat' dir='ltr'><strong>Constantinus;</strong></span> <span class='ocrx_word' id='word_1_683' title='bbox 2903 3973 2996 4040; x_wconf 87' lang='lat' dir='ltr'><strong>qui</strong></span> <span class='ocrx_word' id='word_1_684' title='bbox 3029 3983 3084 4026; x_wconf 87' lang='lat' dir='ltr'><strong>et</strong></span> <span class='ocrx_word' id='word_1_685' title='bbox 3121 3973 3254 4028; x_wconf 88' lang='lat' dir='ltr'><strong>alibi</strong></span> <span class='ocrx_word' id='word_1_686' title='bbox 3292 3976 3488 4030; x_wconf 85' lang='lat' dir='ltr'><strong>similia</strong></span> <span class='ocrx_word' id='word_1_687' title='bbox 3529 3975 3587 4028; x_wconf 88' lang='lat' dir='ltr'><strong>de</strong></span> <span class='ocrx_word' id='word_1_688' title='bbox 3627 3970 3780 4038; x_wconf 66' lang='lat' dir='ltr'><strong>magar</strong></span> 
     </span>
    </p>
   </div>
   <div class='ocr_carea' id='block_1_100' title="bbox 2280 4060 3778 4134">
    <p class='ocr_par' dir='ltr' id='par_1_100' title="bbox 2280 4060 3778 4134">
     <span class='ocr_line' id='line_1_100' title="bbox 2280 4060 3778 4134; baseline -0.001 -21"><span class='ocrx_word' id='word_1_689' title='bbox 2280 4060 2639 4116; x_wconf 84' lang='lat' dir='ltr'><strong>licentissiuta</strong></span> <span class='ocrx_word' id='word_1_690' title='bbox 2676 4061 3032 4118; x_wconf 83' lang='lat' dir='ltr'><strong>decoratione</strong></span> <span class='ocrx_word' id='word_1_691' title='bbox 3069 4066 3266 4134; x_wconf 87' lang='lat' dir='ltr'><strong>templi</strong></span> <span class='ocrx_word' id='word_1_692' title='bbox 3304 4067 3527 4121; x_wconf 87' lang='lat' dir='ltr'><strong>alterius</strong></span> <span class='ocrx_word' id='word_1_693' title='bbox 3562 4080 3639 4134; x_wconf 85' lang='lat' dir='ltr'><strong>per</strong></span> <span class='ocrx_word' id='word_1_694' title='bbox 3669 4080 3778 4115; x_wconf 76' lang='grc' dir='ltr'>ειιιιιο</span> 
     </span>
    </p>
   </div>
   <div class='ocr_carea' id='block_1_101' title="bbox 2278 4153 3775 4228">
    <p class='ocr_par' dir='ltr' id='par_1_101' title="bbox 2278 4153 3775 4228">
     <span class='ocr_line' id='line_1_101' title="bbox 2278 4153 3775 4228; baseline 0.003 -22"><span class='ocrx_word' id='word_1_695' title='bbox 2278 4154 2402 4207; x_wconf 87' lang='lat' dir='ltr'><strong>deut</strong></span> <span class='ocrx_word' id='word_1_696' title='bbox 2439 4153 2705 4208; x_wconf 81' lang='lat' dir='ltr'><strong>Basilium</strong></span> <span class='ocrx_word' id='word_1_697' title='bbox 2737 4157 3054 4225; x_wconf 84' lang='lat' dir='ltr'><strong>Augustum</strong></span> <span class='ocrx_word' id='word_1_698' title='bbox 3089 4158 3232 4212; x_wconf 77' lang='lat' dir='ltr'><strong>facta</strong></span> <span class='ocrx_word' id='word_1_699' title='bbox 3265 4159 3525 4222; x_wconf 77' lang='lat' dir='ltr'><strong>referens,</strong></span> <span class='ocrx_word' id='word_1_700' title='bbox 3555 4165 3775 4228; x_wconf 72' lang='lat' dir='ltr'><strong>postquam</strong></span> 
     </span>
    </p>
   </div>
   <div class='ocr_carea' id='block_1_102' title="bbox 2275 4240 3774 4318">
    <p class='ocr_par' dir='ltr' id='par_1_102' title="bbox 2275 4240 3774 4318">
     <span class='ocr_line' id='line_1_102' title="bbox 2275 4240 3774 4318; baseline 0 -24"><span class='ocrx_word' id='word_1_701' title='bbox 2275 4240 2418 4295; x_wconf 81' lang='lat' dir='ltr'><strong>dixit</strong></span> <span class='ocrx_word' id='word_1_702' title='bbox 2447 4252 2503 4297; x_wconf 87' lang='lat' dir='ltr'><strong>et</strong></span> <span class='ocrx_word' id='word_1_703' title='bbox 2537 4245 2726 4313; x_wconf 87' lang='lat' dir='ltr'><strong>templi</strong></span> <span class='ocrx_word' id='word_1_704' title='bbox 2763 4245 3006 4314; x_wconf 77' lang='lat' dir='ltr'><strong>parietes</strong></span> <span class='ocrx_word' id='word_1_705' title='bbox 3029 4255 3085 4300; x_wconf 84' lang='lat' dir='ltr'><strong>et</strong></span> <span class='ocrx_word' id='word_1_706' title='bbox 3118 4248 3234 4318; x_wconf 89' lang='lat' dir='ltr'><strong>ipsa</strong></span> <span class='ocrx_word' id='word_1_707' title='bbox 3266 4250 3556 4318; x_wconf 67' lang='lat' dir='ltr'><strong>praesertim</strong></span> <span class='ocrx_word' id='word_1_708' title='bbox 3579 4247 3774 4300; x_wconf 71' lang='lat' dir='ltr'><strong>interim:</strong></span> 
     </span>
    </p>
   </div>
   <div class='ocr_carea' id='block_1_103' title="bbox 2277 4335 3775 4409">
    <p class='ocr_par' dir='ltr' id='par_1_103' title="bbox 2277 4335 3775 4409">
     <span class='ocr_line' id='line_1_103' title="bbox 2277 4335 3775 4409; baseline -0.001 -23"><span class='ocrx_word' id='word_1_709' title='bbox 2277 4335 2568 4404; x_wconf 79' lang='lat' dir='ltr'><strong>adytorum</strong></span> <span class='ocrx_word' id='word_1_710' title='bbox 2591 4346 2837 4404; x_wconf 78' lang='lat' dir='ltr'><strong>argento,</strong></span> <span class='ocrx_word' id='word_1_711' title='bbox 2860 4342 3270 4409; x_wconf 83' lang='lat' dir='ltr'><strong>auro,gemntis</strong></span> <span class='ocrx_word' id='word_1_712' title='bbox 3285 4347 3340 4393; x_wconf 90' lang='lat' dir='ltr'><strong>et</strong></span> <span class='ocrx_word' id='word_1_713' title='bbox 3363 4339 3630 4392; x_wconf 89' lang='lat' dir='ltr'><strong>nnionibus</strong></span> <span class='ocrx_word' id='word_1_714' title='bbox 3646 4336 3775 4403; x_wconf 72' lang='lat' dir='ltr'><strong>splen-</strong></span> 
     </span>
    </p>
   </div>
   <div class='ocr_carea' id='block_1_104' title="bbox 2273 4425 3771 4502">
    <p class='ocr_par' dir='ltr' id='par_1_104' title="bbox 2273 4425 3771 4502">
     <span class='ocr_line' id='line_1_104' title="bbox 2273 4425 3771 4502; baseline -0.005 -21"><span class='ocrx_word' id='word_1_715' title='bbox 2273 4428 2565 4483; x_wconf 88' lang='lat' dir='ltr'><strong>didissitne</strong></span> <span class='ocrx_word' id='word_1_716' title='bbox 2623 4429 2950 4497; x_wconf 88' lang='lat' dir='ltr'><strong>incrustata,</strong></span> <span class='ocrx_word' id='word_1_717' title='bbox 3018 4431 3236 4502; x_wconf 90' lang='lat' dir='ltr'><strong>proprie</strong></span> <span class='ocrx_word' id='word_1_718' title='bbox 3286 4433 3436 4487; x_wconf 73' lang='lat' dir='ltr'><strong>audit</strong></span> <span class='ocrx_word' id='word_1_719' title='bbox 3480 4432 3543 4486; x_wconf 92' lang='lat' dir='ltr'><strong>de</strong></span> <span class='ocrx_word' id='word_1_720' title='bbox 3579 4425 3771 4484; x_wconf 81' lang='lat' dir='ltr'><strong>exteriori</strong></span> 
     </span>
    </p>
   </div>
   <div class='ocr_carea' id='block_1_105' title="bbox 2271 4517 3772 4590">
    <p class='ocr_par' dir='ltr' id='par_1_105' title="bbox 2271 4517 3772 4590">
     <span class='ocr_line' id='line_1_105' title="bbox 2271 4517 3772 4590; baseline -0.003 -16"><span class='ocrx_word' id='word_1_721' title='bbox 2271 4517 2414 4574; x_wconf 78' lang='lat' dir='ltr'><strong>facie</strong></span> <span class='ocrx_word' id='word_1_722' title='bbox 2440 4523 2580 4590; x_wconf 88' lang='lat' dir='ltr'><strong>septi</strong></span> <span class='ocrx_word' id='word_1_723' title='bbox 2612 4522 2790 4577; x_wconf 90' lang='lat' dir='ltr'><strong>altare</strong></span> <span class='ocrx_word' id='word_1_724' title='bbox 2824 4523 3219 4583; x_wconf 84' lang='lat' dir='ltr'><strong>abscondentis</strong></span> <span class='ocrx_word' id='word_1_725' title='bbox 3259 4542 3274 4578; x_wconf 90' lang='lat'><strong>:</strong></span> <span class='ocrx_word' id='word_1_726' title='bbox 3307 4527 3415 4578; x_wconf 80' lang='grc' dir='ltr'><strong>Καὶ</strong></span> <span class='ocrx_word' id='word_1_727' title='bbox 3449 4527 3509 4578; x_wconf 82' lang='grc' dir='ltr'>ὲκ</span> <span class='ocrx_word' id='word_1_728' title='bbox 3541 4523 3634 4575; x_wconf 83' lang='grc' dir='ltr'>τῶν</span> <span class='ocrx_word' id='word_1_729' title='bbox 3662 4518 3772 4577; x_wconf 72' lang='grc' dir='ltr'>ὲκτὶς</span> 
     </span>
    </p>
   </div>
   <div class='ocr_carea' id='block_1_106' title="bbox 2271 4609 3771 4686">
    <p class='ocr_par' dir='ltr' id='par_1_106' title="bbox 2271 4609 3771 4686">
     <span class='ocr_line' id='line_1_106' title="bbox 2271 4609 3771 4686; baseline -0.002 -23"><span class='ocrx_word' id='word_1_730' title='bbox 2271 4611 2613 4681; x_wconf 81' lang='grc' dir='ltr'>διείργουσαι</span> <span class='ocrx_word' id='word_1_731' title='bbox 2670 4613 2739 4666; x_wconf 80' lang='grc' dir='ltr'>τὰ</span> <span class='ocrx_word' id='word_1_732' title='bbox 2794 4613 3165 4686; x_wconf 75' lang='grc' dir='ltr'>θυσιαστήρια</span> <span class='ocrx_word' id='word_1_733' title='bbox 3222 4616 3498 4683; x_wconf 80' lang='grc' dir='ltr'>κιγκλίδες</span> <span class='ocrx_word' id='word_1_734' title='bbox 3538 4615 3619 4666; x_wconf 69' lang='grc' dir='ltr'><strong>καὶ</strong></span> <span class='ocrx_word' id='word_1_735' title='bbox 3652 4612 3701 4662; x_wconf 68' lang='grc' dir='ltr'>τὲ</span> <span class='ocrx_word' id='word_1_736' title='bbox 3732 4609 3771 4656; x_wconf 78' lang='grc' dir='ltr'>ὲν</span> 
     </span>
    </p>
   </div>
   <div class='ocr_carea' id='block_1_107' title="bbox 2273 4701 3769 4774">
    <p class='ocr_par' dir='ltr' id='par_1_107' title="bbox 2273 4701 3769 4774">
     <span class='ocr_line' id='line_1_107' title="bbox 2273 4701 3769 4774; baseline 0.003 -19"><span class='ocrx_word' id='word_1_737' title='bbox 2273 4703 2466 4766; x_wconf 82' lang='grc' dir='ltr'>αὑταῖς</span> <span class='ocrx_word' id='word_1_738' title='bbox 2505 4705 2830 4774; x_wconf 85' lang='grc' dir='ltr'>περίστυλα,</span> <span class='ocrx_word' id='word_1_739' title='bbox 2880 4708 2975 4760; x_wconf 77' lang='grc' dir='ltr'><strong>καὶ</strong></span> <span class='ocrx_word' id='word_1_740' title='bbox 3025 4705 3097 4759; x_wconf 77' lang='grc' dir='ltr'>τὰ</span> <span class='ocrx_word' id='word_1_741' title='bbox 3150 4708 3359 4761; x_wconf 73' lang='grc' dir='ltr'>ἄνωθεν</span> <span class='ocrx_word' id='word_1_742' title='bbox 3402 4703 3506 4760; x_wconf 75' lang='grc' dir='ltr'>οἷον</span> <span class='ocrx_word' id='word_1_743' title='bbox 3555 4701 3769 4768; x_wconf 66' lang='grc' dir='ltr'>ὑπέρθυρα</span> 
     </span>
    </p>
   </div>
   <div class='ocr_carea' id='block_1_108' title="bbox 2271 4796 3768 4870">
    <p class='ocr_par' dir='ltr' id='par_1_108' title="bbox 2271 4796 3768 4870">
     <span class='ocr_line' id='line_1_108' title="bbox 2271 4796 3768 4870; baseline -0.001 -24"><span class='ocrx_word' id='word_1_744' title='bbox 2271 4797 2702 4865; x_wconf 76' lang='grc' dir='ltr'>χρηματίζοντα,</span> <span class='ocrx_word' id='word_1_745' title='bbox 2735 4799 2844 4852; x_wconf 81' lang='grc' dir='ltr'>οἴτε</span> <span class='ocrx_word' id='word_1_746' title='bbox 2876 4800 3028 4864; x_wconf 63' lang='grc' dir='ltr'>ἐντὸς</span> <span class='ocrx_word' id='word_1_747' title='bbox 3063 4799 3243 4865; x_wconf 82' lang='grc' dir='ltr'>θᾶκοι,</span> <span class='ocrx_word' id='word_1_748' title='bbox 3273 4803 3368 4854; x_wconf 71' lang='grc' dir='ltr'>καὶ</span> <span class='ocrx_word' id='word_1_749' title='bbox 3407 4802 3460 4853; x_wconf 73' lang='grc' dir='ltr'><strong>αἱ</strong></span> <span class='ocrx_word' id='word_1_750' title='bbox 3491 4801 3585 4870; x_wconf 83' lang='grc' dir='ltr'><strong>πρὸ</strong></span> <span class='ocrx_word' id='word_1_751' title='bbox 3619 4796 3768 4848; x_wconf 73' lang='grc' dir='ltr'>τιύτων</span> 
     </span>
    </p>
   </div>
   <div class='ocr_carea' id='block_1_109' title="bbox 2270 4888 3766 4964">
    <p class='ocr_par' dir='ltr' id='par_1_109' title="bbox 2270 4888 3766 4964">
     <span class='ocr_line' id='line_1_109' title="bbox 2270 4888 3766 4964; baseline 0.004 -23"><span class='ocrx_word' id='word_1_752' title='bbox 2270 4888 2555 4958; x_wconf 78' lang='grc' dir='ltr'>βαθμίδες,</span> <span class='ocrx_word' id='word_1_753' title='bbox 2589 4892 2684 4943; x_wconf 77' lang='grc' dir='ltr'><strong>καὶ</strong></span> <span class='ocrx_word' id='word_1_754' title='bbox 2720 4893 2884 4945; x_wconf 80' lang='grc' dir='ltr'>αὑταὶ</span> <span class='ocrx_word' id='word_1_755' title='bbox 2918 4895 2975 4945; x_wconf 81' lang='lat' dir='ltr'><strong>al</strong></span> <span class='ocrx_word' id='word_1_756' title='bbox 3009 4893 3155 4958; x_wconf 73' lang='grc' dir='ltr'>ἱεραὶ</span> <span class='ocrx_word' id='word_1_757' title='bbox 3189 4894 3475 4964; x_wconf 71' lang='grc' dir='ltr'>τράπεζαι,</span> <span class='ocrx_word' id='word_1_758' title='bbox 3510 4893 3559 4954; x_wconf 78' lang='grc' dir='ltr'>ἐξ</span> <span class='ocrx_word' id='word_1_759' title='bbox 3588 4889 3766 4959; x_wconf 50' lang='lat' dir='ltr'><strong>apri?”</strong></span> 
     </span>
    </p>
   </div>
   <div class='ocr_carea' id='block_1_110' title="bbox 2269 4978 3764 5058">
    <p class='ocr_par' dir='ltr' id='par_1_110' title="bbox 2269 4978 3764 5058">
     <span class='ocr_line' id='line_1_110' title="bbox 2269 4978 3764 5058; baseline 0.002 -24"><span class='ocrx_word' id='word_1_760' title='bbox 2269 4983 2450 5036; x_wconf 72' lang='grc' dir='ltr'>πάντα</span> <span class='ocrx_word' id='word_1_761' title='bbox 2483 4987 2919 5053; x_wconf 74' lang='grc' dir='ltr'>περικεχυμένον</span> <span class='ocrx_word' id='word_1_762' title='bbox 2951 4987 3134 5057; x_wconf 76' lang='grc' dir='ltr'>ἔχουσι</span> <span class='ocrx_word' id='word_1_763' title='bbox 3174 4990 3266 5040; x_wconf 71' lang='grc' dir='ltr'><strong>τὸν</strong></span> <span class='ocrx_word' id='word_1_764' title='bbox 3310 4989 3519 5058; x_wconf 75' lang='grc' dir='ltr'>χρυσόν.</span> <span class='ocrx_word' id='word_1_765' title='bbox 3555 4983 3611 5036; x_wconf 79' lang='lat' dir='ltr'><strong>Et</strong></span> <span class='ocrx_word' id='word_1_766' title='bbox 3634 4981 3702 5050; x_wconf 77' lang='lat' dir='ltr'><strong>qui</strong></span> <span class='ocrx_word' id='word_1_767' title='bbox 3722 4978 3764 5028; x_wconf 63' lang='grc' dir='ltr'><strong>αθ</strong></span> 
     </span>
    </p>
   </div>
   <div class='ocr_carea' id='block_1_111' title="bbox 2266 5067 3767 5144">
    <p class='ocr_par' dir='ltr' id='par_1_111' title="bbox 2266 5067 3767 5144">
     <span class='ocr_line' id='line_1_111' title="bbox 2266 5067 3767 5144; baseline -0.001 -16"><span class='ocrx_word' id='word_1_768' title='bbox 2266 5077 2519 5129; x_wconf 67' lang='lat' dir='ltr'><strong>exteriori</strong></span> <span class='ocrx_word' id='word_1_769' title='bbox 2551 5078 2728 5144; x_wconf 80' lang='lat' dir='ltr'><strong>templi</strong></span> <span class='ocrx_word' id='word_1_770' title='bbox 2785 5087 2936 5144; x_wconf 82' lang='lat' dir='ltr'><strong>parte</strong></span> <span class='ocrx_word' id='word_1_771' title='bbox 2970 5083 3338 5133; x_wconf 79' lang='lat' dir='ltr'><strong>sanctuariutn</strong></span> <span class='ocrx_word' id='word_1_772' title='bbox 3373 5080 3619 5132; x_wconf 85' lang='lat' dir='ltr'><strong>secludunt</strong></span> <span class='ocrx_word' id='word_1_773' title='bbox 3646 5067 3767 5142; x_wconf 79' lang='lat'><strong>610</strong></span> 
     </span>
    </p>
   </div>
   <div class='ocr_carea' id='block_1_112' title="bbox 2267 5163 3766 5236">
    <p class='ocr_par' dir='ltr' id='par_1_112' title="bbox 2267 5163 3766 5236">
     <span class='ocr_line' id='line_1_112' title="bbox 2267 5163 3766 5236; baseline -0.003 -19"><span class='ocrx_word' id='word_1_774' title='bbox 2267 5165 2514 5229; x_wconf 77' lang='lat' dir='ltr'><strong>cancelli,</strong></span> <span class='ocrx_word' id='word_1_775' title='bbox 2552 5167 2681 5218; x_wconf 82' lang='lat' dir='ltr'><strong>etin</strong></span> <span class='ocrx_word' id='word_1_776' title='bbox 2718 5167 2842 5233; x_wconf 83' lang='lat' dir='ltr'><strong>ipsis</strong></span> <span class='ocrx_word' id='word_1_777' title='bbox 2881 5168 3165 5232; x_wconf 77' lang='lat' dir='ltr'><strong>coluntnw,</strong></span> <span class='ocrx_word' id='word_1_778' title='bbox 3199 5178 3249 5222; x_wconf 86' lang='lat' dir='ltr'><strong>et</strong></span> <span class='ocrx_word' id='word_1_779' title='bbox 3279 5185 3393 5236; x_wconf 70' lang='lat' dir='ltr'><strong>quia</strong></span> <span class='ocrx_word' id='word_1_780' title='bbox 3417 5183 3559 5234; x_wconf 86' lang='lat' dir='ltr'><strong>super</strong></span> <span class='ocrx_word' id='word_1_781' title='bbox 3581 5179 3654 5217; x_wconf 80' lang='lat' dir='ltr'><strong>eas</strong></span> <span class='ocrx_word' id='word_1_782' title='bbox 3677 5163 3766 5212; x_wconf 71' lang='lat' dir='ltr'><strong>sttui</strong></span> 
     </span>
    </p>
   </div>
   <div class='ocr_carea' id='block_1_113' title="bbox 2266 5259 3762 5332">
    <p class='ocr_par' dir='ltr' id='par_1_113' title="bbox 2266 5259 3762 5332">
     <span class='ocr_line' id='line_1_113' title="bbox 2266 5259 3762 5332; baseline -0.001 -22"><span class='ocrx_word' id='word_1_783' title='bbox 2266 5259 2610 5329; x_wconf 77' lang='lat' dir='ltr'><strong>hyperthyra,</strong></span> <span class='ocrx_word' id='word_1_784' title='bbox 2649 5270 2699 5313; x_wconf 86' lang='lat' dir='ltr'><strong>et</strong></span> <span class='ocrx_word' id='word_1_785' title='bbox 2751 5261 2893 5314; x_wconf 82' lang='lat' dir='ltr'><strong>intus</strong></span> <span class='ocrx_word' id='word_1_786' title='bbox 2935 5261 3101 5324; x_wconf 67' lang='lat' dir='ltr'><strong>sella,</strong></span> <span class='ocrx_word' id='word_1_787' title='bbox 3139 5264 3372 5332; x_wconf 73' lang='lat' dir='ltr'><strong>ipsa&#39;que</strong></span> <span class='ocrx_word' id='word_1_788' title='bbox 3405 5273 3560 5314; x_wconf 61' lang='lat' dir='ltr'><strong>sacra</strong></span> <span class='ocrx_word' id='word_1_789' title='bbox 3601 5264 3762 5309; x_wconf 67' lang='lat' dir='ltr'><strong>meum.</strong></span> 
     </span>
    </p>
   </div>
   <div class='ocr_carea' id='block_1_114' title="bbox 2268 5343 3762 5423">
    <p class='ocr_par' dir='ltr' id='par_1_114' title="bbox 2268 5343 3762 5423">
     <span class='ocr_line' id='line_1_114' title="bbox 2268 5343 3762 5423; baseline -0.001 -19"><span class='ocrx_word' id='word_1_790' title='bbox 2268 5353 2449 5405; x_wconf 83' lang='lat' dir='ltr'><strong>Omnia</strong></span> <span class='ocrx_word' id='word_1_791' title='bbox 2478 5368 2545 5406; x_wconf 73' lang='lat' dir='ltr'><strong>ex</strong></span> <span class='ocrx_word' id='word_1_792' title='bbox 2604 5364 2819 5422; x_wconf 85' lang='lat' dir='ltr'><strong>argento</strong></span> <span class='ocrx_word' id='word_1_793' title='bbox 2872 5355 3252 5423; x_wconf 77' lang='lat' dir='ltr'><strong>circumfusum</strong></span> <span class='ocrx_word' id='word_1_794' title='bbox 3290 5355 3471 5408; x_wconf 79' lang='lat' dir='ltr'><strong>habent</strong></span> <span class='ocrx_word' id='word_1_795' title='bbox 3503 5365 3679 5404; x_wconf 80' lang='lat' dir='ltr'><strong>aurum.</strong></span> <span class='ocrx_word' id='word_1_796' title='bbox 3705 5343 3762 5394; x_wconf 66' lang='grc' dir='ltr'><strong>ίίλ</strong></span> 
     </span>
    </p>
   </div>
   <div class='ocr_carea' id='block_1_115' title="bbox 2267 5437 3763 5518">
    <p class='ocr_par' dir='ltr' id='par_1_115' title="bbox 2267 5437 3763 5518">
     <span class='ocr_line' id='line_1_115' title="bbox 2267 5437 3763 5518; baseline -0.003 -19"><span class='ocrx_word' id='word_1_797' title='bbox 2267 5445 2388 5510; x_wconf 87' lang='lat' dir='ltr'><strong>ille;</strong></span> <span class='ocrx_word' id='word_1_798' title='bbox 2427 5447 2628 5515; x_wconf 86' lang='lat' dir='ltr'><strong>quibus</strong></span> <span class='ocrx_word' id='word_1_799' title='bbox 2657 5448 2861 5502; x_wconf 87' lang='lat' dir='ltr'><strong>similia</strong></span> <span class='ocrx_word' id='word_1_800' title='bbox 2903 5447 3147 5504; x_wconf 87' lang='lat' dir='ltr'><strong>Codinus</strong></span> <span class='ocrx_word' id='word_1_801' title='bbox 3183 5450 3250 5503; x_wconf 90' lang='lat' dir='ltr'><strong>de</strong></span> <span class='ocrx_word' id='word_1_802' title='bbox 3286 5449 3480 5518; x_wconf 88' lang='lat' dir='ltr'><strong>templo</strong></span> <span class='ocrx_word' id='word_1_803' title='bbox 3513 5445 3562 5497; x_wconf 90' lang='lat' dir='ltr'><strong>S.</strong></span> <span class='ocrx_word' id='word_1_804' title='bbox 3597 5437 3763 5504; x_wconf 64' lang='lat' dir='ltr'><strong>sophia</strong></span> 
     </span>
    </p>
   </div>
   <div class='ocr_carea' id='block_1_116' title="bbox 2266 5537 3759 5610">
    <p class='ocr_par' dir='ltr' id='par_1_116' title="bbox 2266 5537 3759 5610">
     <span class='ocr_line' id='line_1_116' title="bbox 2266 5537 3759 5610; baseline -0.005 -18"><span class='ocrx_word' id='word_1_805' title='bbox 2266 5549 2552 5593; x_wconf 89' lang='lat' dir='ltr'><strong>memorat.</strong></span> <span class='ocrx_word' id='word_1_806' title='bbox 2587 5537 2696 5595; x_wconf 78' lang='lat' dir='ltr'><strong>Res</strong></span> <span class='ocrx_word' id='word_1_807' title='bbox 2730 5555 2894 5608; x_wconf 86' lang='lat' dir='ltr'><strong>porro</strong></span> <span class='ocrx_word' id='word_1_808' title='bbox 2924 5541 3036 5608; x_wconf 83' lang='lat' dir='ltr'><strong>ipsa</strong></span> <span class='ocrx_word' id='word_1_809' title='bbox 3071 5544 3328 5610; x_wconf 83' lang='lat' dir='ltr'><strong>loquitur,</strong></span> <span class='ocrx_word' id='word_1_810' title='bbox 3359 5553 3406 5596; x_wconf 88' lang='lat' dir='ltr'><strong>et</strong></span> <span class='ocrx_word' id='word_1_811' title='bbox 3449 5537 3759 5593; x_wconf 65' lang='lat' dir='ltr'><strong>architectura</strong></span> 
     </span>
    </p>
   </div>
   <div class='ocr_carea' id='block_1_117' title="bbox 2265 5627 3756 5704">
    <p class='ocr_par' dir='ltr' id='par_1_117' title="bbox 2265 5627 3756 5704">
     <span class='ocr_line' id='line_1_117' title="bbox 2265 5627 3756 5704; baseline -0.007 -16"><span class='ocrx_word' id='word_1_812' title='bbox 2265 5635 2407 5688; x_wconf 86' lang='lat' dir='ltr'><strong>ratio</strong></span> <span class='ocrx_word' id='word_1_813' title='bbox 2434 5634 2623 5704; x_wconf 86' lang='lat' dir='ltr'><strong>exigit,</strong></span> <span class='ocrx_word' id='word_1_814' title='bbox 2659 5633 2748 5688; x_wconf 90' lang='lat' dir='ltr'><strong>isti</strong></span> <span class='ocrx_word' id='word_1_815' title='bbox 2793 5636 2919 5688; x_wconf 91' lang='lat' dir='ltr'><strong>moli</strong></span> <span class='ocrx_word' id='word_1_816' title='bbox 2952 5635 3331 5690; x_wconf 89' lang='lat' dir='ltr'><strong>columnarum</strong></span> <span class='ocrx_word' id='word_1_817' title='bbox 3366 5642 3416 5689; x_wconf 90' lang='lat' dir='ltr'><strong>et</strong></span> <span class='ocrx_word' id='word_1_818' title='bbox 3455 5627 3613 5686; x_wconf 60' lang='lat' dir='ltr'><strong>ciete-ri</strong></span> <span class='ocrx_word' id='word_1_819' title='bbox 3635 5635 3756 5678; x_wconf 73' lang='lat' dir='ltr'><strong>orna-</strong></span> 
     </span>
    </p>
   </div>
   <div class='ocr_carea' id='block_1_118' title="bbox 2266 5722 3754 5808">
    <p class='ocr_par' dir='ltr' id='par_1_118' title="bbox 2266 5722 3754 5808">
     <span class='ocr_line' id='line_1_118' title="bbox 2266 5722 3754 5808; baseline -0.007 -30"><span class='ocrx_word' id='word_1_820' title='bbox 2266 5735 2355 5779; x_wconf 87' lang='lat' dir='ltr'><strong>tus</strong></span> <span class='ocrx_word' id='word_1_821' title='bbox 2401 5725 2678 5780; x_wconf 88' lang='lat' dir='ltr'><strong>substerni</strong></span> <span class='ocrx_word' id='word_1_822' title='bbox 2730 5725 2907 5780; x_wconf 84' lang='lat' dir='ltr'><strong>basim</strong></span> <span class='ocrx_word' id='word_1_823' title='bbox 2939 5726 3196 5782; x_wconf 83' lang='lat' dir='ltr'><strong>debuisse</strong></span> <span class='ocrx_word' id='word_1_824' title='bbox 3245 5742 3274 5782; x_wconf 91' lang='lat' dir='ltr'><strong>e</strong></span> <span class='ocrx_word' id='word_1_825' title='bbox 3325 5725 3437 5780; x_wconf 82' lang='lat' dir='ltr'><strong>solo</strong></span> <span class='ocrx_word' id='word_1_826' title='bbox 3479 5722 3754 5808; x_wconf 39' lang='lat' dir='ltr'><strong>exstantem}</strong></span> 
     </span>
    </p>
   </div>
   <div class='ocr_carea' id='block_1_119' title="bbox 2262 5809 3757 5888">
    <p class='ocr_par' dir='ltr' id='par_1_119' title="bbox 2262 5809 3757 5888">
     <span class='ocr_line' id='line_1_119' title="bbox 2262 5809 3757 5888; baseline -0.011 -18"><span class='ocrx_word' id='word_1_827' title='bbox 2262 5833 2423 5888; x_wconf 88' lang='lat' dir='ltr'><strong>quam</strong></span> <span class='ocrx_word' id='word_1_828' title='bbox 2454 5826 2510 5874; x_wconf 90' lang='lat' dir='ltr'><strong>et</strong></span> <span class='ocrx_word' id='word_1_829' title='bbox 2551 5819 2949 5873; x_wconf 87' lang='lat' dir='ltr'><strong>Constantinus</strong></span> <span class='ocrx_word' id='word_1_830' title='bbox 3000 5817 3261 5873; x_wconf 82' lang='lat' dir='ltr'><strong>indicavit</strong></span> <span class='ocrx_word' id='word_1_831' title='bbox 3310 5817 3414 5871; x_wconf 88' lang='lat' dir='ltr'><strong>illis</strong></span> <span class='ocrx_word' id='word_1_832' title='bbox 3442 5809 3618 5884; x_wconf 86' lang='lat' dir='ltr'><strong>prioris</strong></span> <span class='ocrx_word' id='word_1_833' title='bbox 3644 5811 3757 5857; x_wconf 83' lang='lat' dir='ltr'><strong>testi-</strong></span> 
     </span>
    </p>
   </div>
   <div class='ocr_carea' id='block_1_120' title="bbox 2263 5900 3754 5979">
    <p class='ocr_par' dir='ltr' id='par_1_120' title="bbox 2263 5900 3754 5979">
     <span class='ocr_line' id='line_1_120' title="bbox 2263 5900 3754 5979; baseline -0.009 -15"><span class='ocrx_word' id='word_1_834' title='bbox 2263 5911 2430 5965; x_wconf 83' lang='lat' dir='ltr'><strong>monii</strong></span> <span class='ocrx_word' id='word_1_835' title='bbox 2464 5909 2671 5967; x_wconf 75' lang='lat' dir='ltr'><strong>verbis</strong></span> <span class='ocrx_word' id='word_1_836' title='bbox 2717 5911 2766 5963; x_wconf 81' lang='lat' dir='ltr'><strong>oi</strong></span> <span class='ocrx_word' id='word_1_837' title='bbox 2810 5908 2995 5964; x_wconf 83' lang='grc' dir='ltr'>στῦλοι</span> <span class='ocrx_word' id='word_1_838' title='bbox 3048 5909 3151 5979; x_wconf 75' lang='grc' dir='ltr'>μὲν</span> <span class='ocrx_word' id='word_1_839' title='bbox 3199 5909 3382 5964; x_wconf 77' lang='grc' dir='ltr'>καὶτὰ</span> <span class='ocrx_word' id='word_1_840' title='bbox 3417 5900 3648 5961; x_wconf 83' lang='grc' dir='ltr'>κάτωθεν,</span> <span class='ocrx_word' id='word_1_841' title='bbox 3691 5905 3754 5944; x_wconf 72' lang='grc' dir='ltr'><strong>σο·</strong></span> 
     </span>
    </p>
   </div>
   <div class='ocr_carea' id='block_1_121' title="bbox 3856 5153 3876 6417">
    <p class='ocr_par' dir='ltr' id='par_1_121' title="bbox 3857 5827 3865 6359">
     <span class='ocr_line' id='line_1_121' title="bbox 3861 5827 3865 5932; baseline 0 -13"><span class='ocrx_word' id='word_1_842' title='bbox 3861 5827 3865 5932; x_wconf 73' lang='lat' dir='ltr'><strong>l</strong></span> 
     </span>
     <span class='ocr_line' id='line_1_122' title="bbox 3861 5937 3863 6065; baseline 0 0"><span class='ocrx_word' id='word_1_843' title='bbox 3861 5937 3863 6065; x_wconf 85' lang='lat' dir='ltr'><strong>l</strong></span> 
     </span>
     <span class='ocr_line' id='line_1_123' title="bbox 3857 6075 3861 6213; baseline 0 0"><span class='ocrx_word' id='word_1_844' title='bbox 3857 6075 3861 6213; x_wconf 84' lang='lat' dir='ltr'><strong>l</strong></span> 
     </span>
     <span class='ocr_line' id='line_1_124' title="bbox 3857 6229 3859 6359; baseline 0 0"><span class='ocrx_word' id='word_1_845' title='bbox 3857 6229 3859 6359; x_wconf 96' lang='lat'><em>|</em></span> 
     </span>
    </p>
   </div>
  </div>
