3992 6534
220 407 356 471 1673
525 412 593 471 τῶ
1547 415 1808 476 GLOSSl

1914 418 2062 480 [ΗΜ.
2150 439 2155 444 -
3327 405 3548 483 Terr

214 525 410 580 lamna:
438 533 716 596 partesque
744 528 864 581 ima:
897 545 1095 594 carnes,
1144 529 1347 600 quibus
1383 531 1644 601 exprimit
1675 544 1794 583 eam
1825 535 1873 592 Α
1902 533 2049 599 quod
2113 532 2354 602 spatium
2416 533 2584 590 statio
2649 532 2962 589 antistitum
3014 543 3068 588 et
3129 534 3480 589 sacerdotum

215 619 690 676 substructionem
735 623 824 676 isti
879 638 1062 678 scenae
1103 625 1441 680 sustinendae
1493 640 1658 692 quam
1720 638 1787 678 ex
1898 633 2040 689 erat,
2088 624 2143 678 id
2183 627 2331 694 quod
2390 634 2548 681 extra
2605 642 2772 682 omne
2823 626 3051 682 dubium
3089 636 3209 691 est,
3242 641 3306 681 ex
3346 642 3474 682 sex-

217 711 468 766 V’itruvio
485 711 740 782 superius
769 714 1087 771 vocavimus
1117 716 1455 781 stcreobata,
1479 732 1646 784 super
1667 729 1790 782 quae
1899 717 2077 771 cenlis
2124 717 2329 786 passim
2379 718 2560 778 ohviis
2603 719 2933 789 scriptorum
2964 720 3304 790 optimorum
3340 720 3479 773 locis

215 803 489 873 stylobata
541 812 822 873 ponuntur
871 805 1249 860 columnarum
1296 809 1455 862 sedes
1515 808 1786 876 proxima.
1899 808 2255 868 manifestum
2287 828 2302 865 :
2332 810 2406 865 ita
2453 811 2747 867 dicendum
2797 827 3020 882 quoque
3053 811 3369 868 necessario
3394 818 3483 865 est

217 891 327 946 Hoc
377 901 561 946 autem
595 894 764 948 veteri
795 892 990 947 Latino
1029 898 1196 950 verba
1234 897 1615 966 prOpriissime
1645 895 1790 949 solea
1901 900 2064 956 soleae
2094 902 2528 970 appellationem
2575 911 2933 972 propagatam
2975 903 3041 957 ad
3075 902 3480 974 designandum

214 993 316 1040 est.
364 984 450 1056 [Ρ.
479 983 607 1058 4‘22]
654 985 711 1040 id
767 987 916 1056 quod
966 987 1072 1054 ipsi
1143 987 1315 1042 Graeci
1371 989 1785 1051 intellexerunt,
1901 990 2158 1045 similiter
2200 993 2440 1061 spatium
2485 993 2709 1060 aliquod
2742 995 2872 1060 soli,
2906 995 3050 1060 quod
3101 995 3284 1049 statim
3319 1008 3348 1046 a
3387 1007 3484 1047 so-

213 1079 599 1147 superpositos
659 1079 746 1134 isti
789 1080 948 1149 quasi
986 1080 1253 1149 crepidini
1300 1091 1529 1136 ornatus
1578 1081 1790 1143 σολίους
1901 1085 1984 1138 lea
2011 1101 2204 1142 versus
2249 1087 2432 1157 populi
2467 1102 2531 1142 ac
2583 1087 2873 1144 concionis
2914 1087 3094 1142 locum
3128 1087 3500 1150 tendebatur,

214 1169 576 1239 appellantes,
605 1169 873 1224 vocabulo
907 1185 933 1223 a
957 1169 1110 1224 solea
1137 1171 1223 1224 cui
1260 1170 1570 1224 itmituntur
1601 1170 1788 1224 ducto.
1900 1181 2078 1247 quoin
2099 1180 2280 1247 spatio
2308 1180 2665 1243 subdiacont,
2699 1180 2940 1236 lectores
2966 1179 3167 1246 aliique
3191 1179 3490 1234 inferiores

215 1261 493 1317 Theodori
525 1260 757 1317 Studita:
789 1262 952 1316 verba
990 1263 1104 1318 haec
1145 1263 1340 1317 recitat
1371 1263 1640 1344 Georgius
1677 1263 1790 1318 Ha-
1901 1270 2152 1325 ecclesias
2204 1272 2444 1328 ministri
2505 1274 2744 1337 stabant,
2805 1272 3010 1342 quibus
3053 1272 3145 1342 jus
3200 1289 3305 1326 non
3336 1280 3484 1327 esset
3521 1319 3534 1331 _,

213 1359 489 1414 martolus
513 1357 566 1412 in
602 1356 785 1412 Leone
815 1359 1056 1412 Armeno
1099 1375 1112 1410 :
1146 1358 1217 1412 Οἵ
1238 1375 1298 1412 τε
1335 1358 1470 1411 θεῖοι
1490 1361 1667 1422 κίονες
1701 1360 1793 1414 καὶ

212 1452 262 1503 οἱ
297 1450 468 1504 σόλιοι
501 1449 856 1521 καλεύμενοι,
882 1449 918 1503 ἃ.
942 1450 999 1503 τὸ
1049 1450 1348 1519 σεϐάσμιον
1377 1453 1472 1504 τοῦ
1510 1452 1661 1522 ἱεροῦ
1683 1454 1796 1506 δια-

211 1543 514 1612 τειχίζουσι
555 1543 966 1613 θυσιαστήριον.
1017 1542 1232 1598 Necnon
1283 1560 1452 1598 sacrm
1509 1545 1792 1610 columnar,

212 1651 261 1694 et
298 1641 394 1710 qui
427 1640 548 1694 solii
596 1648 851 1693 vocantur
876 1677 892 1702 ,
944 1655 1060 1707 qua:
1095 1640 1448 1694 venerandum
1509 1658 1542 1694 a
1602 1642 1794 1709 templo

214 1734 563 1802 iutersepiunt
630 1731 824 1786 altare.
890 1729 1082 1784 Parem
1153 1731 1510 1801 κυριολογῐαν
1581 1733 1796 1787 videtur

214 1825 501 1879 Cedrenus
529 1823 840 1882 aﬂ'ectasse.
897 1824 1026 1878 dum
1061 1824 1185 1888 τοὺς
1223 1823 1427 1886 σωλίας
1478 1826 1646 1880 verba
1672 1825 1794 1895 plu-

1902 1365 2048 1419 intra
2079 1380 2238 1422 sacra
2281 1375 2436 1436 septa
2488 1368 2544 1422 in
2576 1368 2695 1437 ipso
2741 1368 2961 1422 bemaie
3004 1376 3100 1421 aut
3135 1368 3486 1436 presbyterio

1905 1463 2074 1512 stare.
2129 1458 2296 1514 Docet
2350 1461 2455 1514 hoc
2505 1476 2610 1515 nos
2663 1461 2812 1514 clare
2844 1458 3081 1530 Symeon
3128 1453 3486 1514 Thessaloni-

1905 1549 2088 1604 censis
2133 1550 2275 1604 libro
2324 1552 2392 1604 de
2447 1550 2602 1606 Sacr.
2638 1551 2726 1607 his
2774 1553 3004 1607 verbis:
3049 1551 3485 1613 ’Υποδιακόνους

1905 1643 2001 1702 καὶ
2030 1642 2390 1710 ἀναγνώστας
2431 1643 2710 1706 καθῆσθαι
2767 1646 2873 1714 χρὴ
2905 1644 3108 1710 ἔξωθεν
3163 1644 3260 1698 τοῦ
3308 1645 3486 1712 βήμα-

1905 1750 1998 1796 τος
2049 1734 2180 1802 περὶ
2235 1734 2328 1786 τὸν
2365 1733 2595 1796 σωλέαν,
2648 1733 2706 1795 ὃς
2753 1735 2817 1804 δὴ
2876 1736 2971 1786 καὶ
3030 1734 3182 1803 βῆμα
3235 1733 3488 1786 καλεῖται

1906 1826 2273 1893 ἀναγνωστῶν
2299 1842 2313 1856 ·
2367 1826 2739 1880 Subdiaconos
2771 1836 2820 1880 et
2854 1827 3073 1880 lectores
3119 1825 3300 1880 sedere
3331 1841 3488 1892 ορονο

214 1918 316 1971 rali
350 1925 512 1971 vocat
551 1918 722 1971 multa
773 1915 864 1971 illa
909 1923 963 1969 et
989 1917 1138 1968 varia
1171 1917 1507 1970 vestibulum
1551 1926 1606 1971 et
1636 1917 1794 1987 quasi
1829 1897 1873 1956 Β
1903 1925 1973 1971 tet
2017 1931 2168 1971 extra
2206 1920 2375 1982 bema,
2405 1919 2549 1972 circa
2577 1919 2812 1982 soleam,
2840 1921 2929 1988 qui
2955 1929 3004 1972 et
3041 1919 3196 1973 beata
3232 1918 3498 1973 lectorum,

216 2012 571 2078 prosccnium
630 2023 737 2063 arae
788 2023 957 2064 sacrae
1013 2010 1398 2078 componenlia
1449 2019 1795 2066 ornamenta.

216 2101 399 2156 Verba
440 2103 558 2169 ejus
597 2102 712 2158 hinc
763 2109 894 2157 sunt
928 2120 941 2155 :
987 2101 1053 2154 Ἠ
1090 2101 1325 2172 τρούλλα
1358 2103 1457 2172 τῆς
1498 2103 1662 2171 ἁγίας
1701 2101 1798 2155 τοῦ

213 2196 359 2249 Θεοῦ
392 2195 658 2266 Μεγάλης
716 2195 1016 2266 ἐκκλησίας
1081 2195 1352 2266 φουρνικὴ
1405 2192 1543 2250 οὖσα
1607 2197 1798 2262 ἔπεσε,

213 2287 307 2340 τόν
337 2304 398 2339 τε
431 2286 660 2355 ἄμϐωνα
701 2285 948 2348 καὶτοὺς
988 2284 1218 2350 σωλείας
1245 2286 1302 2351 ἐξ
1344 2289 1598 2356 maxime
1646 2287 1798 2341 λίθου

214 2380 382 2441 ὄντας
428 2378 724 2446 συνέτριψε
774 2382 868 2431 καὶ
927 2381 1003 2441 εἰς
1047 2377 1173 2447 χοῦν
1215 2380 1555 2433 ἀπετέλεσε·
1616 2381 1801 2435 Trulla

215 2482 420 2527 sanctis
458 2472 553 2526 Dei
595 2471 808 2542 Magaw
832 2474 1068 2528 ecclesire
1117 2483 1390 2527 camerata
1421 2476 1477 2528 in
1547 2474 1801 2542 fornicem

215 2567 540 2631 concidit,et
566 2567 836 2620 umbonem
865 2584 926 2620 ac
952 2566 1147 2626 soleas,
1173 2568 1262 2636 qui
1293 2578 1441 2622 erant
1466 2584 1531 2622 ex
1558 2569 1802 2639 onychite

1904 2019 2269 2080 nuncupatur.
2336 2010 2502 2066 Bema
2555 2013 2643 2066 hic
2695 2012 2802 2066 dici
2881 2012 3059 2066 locum
3119 2013 3263 2064 intra
3327 2026 3488 2067 sacra

1903 2114 2059 2172 septa
2094 2104 2163 2158 ab
2197 2104 2360 2157 altari
2400 2105 2466 2157 ad
2501 2105 2784 2160 cancellos
2826 2104 3113 2171 pertinens
3165 2103 3348 2158 nullus
3384 2103 3489 2156 dn—

1901 2195 2065 2262 bitat,
2111 2197 2276 2264 quale
2335 2198 2502 2265 vulgo
2575 2197 2979 2267 presbyterium
3022 2195 3206 2250 Latini
3269 2211 3490 2250 nuncu-

1905 2302 2126 2356 pamus.
2181 2286 2320 2343 Hinc
2367 2289 2441 2342 ait
2485 2287 3000 2344 Thessalonicensis
3057 2289 3318 2343 exclusos
3358 2289 3496 2344 sub-

1905 2377 2174 2432 diaconos
2243 2379 2594 2449 lectoresuue
2649 2379 2943 2448 legitimam
3013 2380 3309 2433 stationem
3387 2382 3487 2432 ha-

1905 2468 2092 2528 buisse
2134 2471 2266 2541 περὶ
2295 2471 2505 2524 σωλέαν
2539 2473 2683 2526 circa
2709 2473 2910 2525 soleam
2938 2488 2956 2535 ,'
2987 2488 3148 2540 quem
3192 2479 3489 2540 propterea

1906 2564 2110 2619 soleam
2135 2573 2510 2635 nuncupatum
2532 2565 2608 2620 ait
2631 2565 2784 2638 βῆμα,
2811 2565 3200 2633 ἀναγνωστῶν,
3219 2563 3375 2632 quasi
3406 2562 3493 2618 di-

217 2660 421 2726 lapide,
472 2661 722 2713 contrivit
778 2669 828 2713 et
879 2662 932 2713 in
977 2662 1243 2730 pulverem
1291 2662 1621 2714 comminuit.
1679 2661 1803 2717 llatc

213 2755 534 2810 Cedrenus.
570 2752 703 2808 Tam
738 2763 880 2816 erat,
915 2759 1131 2823 opinor,
1181 2755 1234 2807 in
1270 2771 1330 2809 ea
1375 2754 1606 2809 ecclesia
1659 2769 1801 2809 unus

218 2847 435 2911 σωλέας
470 2863 634 2918 quam
671 2863 812 2901 unus
859 2849 1076 2917 ἄμϐων.
1123 2847 1233 2902 Cur
1284 2849 1449 2918 igitur
1506 2847 1802 2902 historicus

214 2941 477 3010 ἄμϐωνας
519 2942 570 2995 in
599 2942 888 3010 singulari,
919 2942 1158 2996 σωλειῶν
1193 2943 1247 2996 in
1281 2942 1479 3010 plurali
1512 2941 1803 2995 meminit?

1904 2673 1998 2714 cas
2021 2659 2195 2714 altare
2219 2662 2498 2723 lectorum,
2524 2661 2732 2716 idcirco
2769 2661 2940 2731 quod,
2983 2670 3040 2715 ut
3076 2661 3230 2731 βῆμα
3273 2662 3492 2732 ἱερέων,

1906 2767 2107 2822 nempe
2145 2767 2368 2808 sacrum
2406 2757 2603 2820 altare,
2631 2756 2787 2811 locus
2818 2765 2938 2810 erat
2964 2756 3192 2810 intimus
3234 2758 3298 2808 ad
3332 2771 3522 2824 quenr

1904 2847 2158 2916 progredi
2196 2847 2514 2904 sacerdotes
2570 2859 2796 2918 possent
2829 2849 3004 2903 sacris
3034 2849 3088 2901 in
3127 2864 3194 2902 eo
3230 2863 3496 2918 peragen-

1905 2938 2007 2998 dis.
2051 2939 2125 2991 ita
2180 2941 2362 2994 soleas
2416 2948 2560 2994 meta
2602 2951 2724 2996 erat
2771 2942 2962 2996 ultima
3023 2943 3318 2996 ministerii
3361 2943 3489 2995 sub-

217 3034 364 3098 Quid
391 3033 753 3089 verisimilius
787 3035 1037 3088 dicamus
1064 3048 1228 3102 quam
1260 3032 1468 3087 idcirco
1497 3033 1548 3086 id
1573 3032 1799 3097 factum,

216 3126 350 3194 quia
402 3124 612 3178 σωλέαν
659 3139 688 3178 a
745 3126 1006 3186 σωλείαις
1035 3133 1129 3179 aut
1183 3124 1434 3187 σωλείοις
1469 3125 1616 3195 (nam
1665 3125 1804 3180 forte

1907 3029 2261 3086 diaconorum
2309 3041 2365 3087 et
2404 3034 2721 3100 lectorum,
2744 3051 2883 3104 quos
2912 3045 3206 3104 penetrare
3241 3035 3296 3090 in
3333 3049 3493 3088 sacra

1908 3131 2059 3189 septa
2108 3122 2263 3177 nefas
2308 3132 2447 3178 erat.
2485 3124 2701 3181 Rursus
2733 3136 2792 3180 ut
2834 3126 3071 3196 spatium
3124 3128 3272 3182 circa
3317 3142 3494 3188 aram,

219 3218 488 3282 σωλεὶους
518 3218 826 3288 scripserit)
876 3219 1088 3274 studuit
1122 3218 1493 3289 distinguere,
1535 3219 1805 3272 verisimi-
1832 3254 1874 3313 ε
1911 3210 2053 3267 intra
2090 3215 2237 3282 quod
2289 3231 2464 3285 usque
2507 3217 2575 3271 ad
2617 3217 2898 3274 cancellos
2945 3228 3039 3271 aut
3072 3219 3276 3272 soleant
3318 3232 3503 3271 sacer-

217 3311 446 3365 liindini
472 3313 636 3364 etiam
683 3312 1018 3366 narrationis
1059 3311 1381 3366 consulens.
1425 3309 1559 3363 Nam
1596 3311 1804 3363 contri-

217 3412 340 3457 tnrn
368 3404 461 3457 illa
492 3405 649 3458 ruina
679 3404 731 3458 in
767 3390 1038 3457 minutum
1068 3419 1244 3471 usque
1266 3404 1542 3474 pulverem
1575 3405 1802 3467 solt-ant,

220 3493 334 3546 hoc
364 3501 448 3546 est
477 3493 787 3546 stereobata
825 3493 999 3546 solide
1035 3501 1246 3547 structa
1292 3508 1356 3546 ex
1407 3493 1634 3545 materia
1670 3509 1808 3561 pra:-

219 3587 366 3639 dura
399 3600 736 3640 marmorum
766 3595 860 3639 aut
885 3585 1052 3640 etiam
1085 3585 1314 3648 metalli,
1336 3585 1600 3639 credibile
1626 3589 1808 3638 minus

220 3691 350 3733 erat
399 3697 413 3732 :
451 3679 520 3733 de
561 3679 858 3740 columnis,
913 3678 1134 3748 sigillis,
1170 3677 1322 3739 liliis,
1362 3678 1543 3747 pernis
1591 3686 1645 3729 et
1688 3678 1808 3732 aliis

223 3772 425 3842 ﬁguris
457 3787 522 3824 ex
553 3773 813 3841 ouychitc
865 3786 1078 3839 gemma
1127 3786 1290 3839 supra
1325 3771 1532 3824 soleant
1581 3772 1806 3831 erectis,

219 3881 351 3933 quae
387 3875 586 3920 cuncta
617 3864 858 3917 σωλειων
891 3863 1161 3918 vocabulo
1194 3863 1470 3930 intelligit.
1511 3877 1598 3916 res
1637 3871 1807 3916 erata

222 3960 336 4014 title
365 3973 474 4012 non
507 3958 838 4020 abhorrens,
873 3957 1020 4026 quod
1050 3956 1154 4011 ista
1189 3965 1244 4010 et
1274 3955 1585 4010 subtilioris
1621 3954 1811 4008 formae

220 4063 273 4107 et
309 4052 586 4105 molliOris
612 4052 881 4112 materiae,
909 4052 1138 4119 insuper
1160 4051 1326 4104 etiam
1354 4048 1812 4120 primosimpetus

223 4147 513 4201 ruentium
565 4161 628 4198 ex
695 4144 908 4198 fornice
961 4142 1206 4212 lapidum
1267 4145 1635 4212 excepissent.
1692 4141 1811 4196 Non

224 4239 440 4293 inﬁtias
471 4237 664 4290 ivcrim
697 4244 883 4289 tamen
921 4234 1058 4289 alios
1092 4235 1296 4303 passim
1326 4245 1608 4296 auctores,
1648 4234 1726 4288 uti
1759 4242 1815 4288 et

225 4338 491 4386 nostrqu
525 4330 611 4383 hic
647 4328 1061 4399 Pachymerem,
1095 4327 1224 4382 dum
1262 4328 1463 4381 soleam
1491 4329 1816 4398 simpliciter

226 4426 544 4484 nominaut,
581 4439 737 4492 itaque
768 4423 1081 4478 stereobata
1105 4437 1233 4475 cum
1256 4422 1623 4491 superpositis
1652 4423 1819 4492 stylo-

226 4519 401 4578 batis.
439 4518 685 4579 basibus,
727 4515 1036 4578 columnis,
1079 4514 1380 4583 capitellis,
1425 4515 1602 4582 trahe,
1631 4531 1820 4587 cyma-

1909 3304 2068 3360 dotes
2123 3308 2538 3373 consistebant,
2601 3309 2851 3380 βήματος
2907 3311 3283 3381 appellatione
3343 3327 3500 3364 rom-

1885 3398 2358 3465 prehenalebatur
2389 3441 2404 3465 ,
2459 3404 2538 3457 sic
2583 3404 2750 3457 etiam
2795 3405 3036 3474 spatium
3077 3415 3205 3458 ante
3251 3405 3488 3466 soleam,

1913 3492 1967 3545 in
2015 3508 2128 3558 quo
2175 3504 2294 3548 erat
2348 3496 2819 3552 subdiaconorum
2881 3507 2937 3554 et
2987 3499 3255 3554 lectorum
3300 3499 3494 3562 statio,

1912 3583 1997 3656 [Ρ.
2034 3584 2163 3657 425]
2204 3588 2367 3641 soleae
2399 3605 2623 3658 quinque
2654 3593 2926 3647 vocabulo
2959 3591 3377 3662 designabatur,
3419 3591 3496 3644 ita

1914 3683 1971 3728 ut
2020 3676 2075 3729 in
2121 3677 2276 3732 hisce
2333 3679 2554 3734 duobus
2610 3681 2797 3736 soleas
2852 3681 3175 3752 fungeretur
3207 3684 3345 3750 ipsis
3381 3685 3526 3738 vice-

1915 3765 2166 3835 βήματος
2201 3775 2256 3822 et
2290 3769 2412 3823 ideo
2447 3768 2601 3838 βῆμα
2646 3770 3019 3838 ἅναγνωστῶν
3054 3775 3203 3826 bentu
3239 3773 3497 3827 lectorum

1913 3865 2230 3912 vocaretur.
2263 3857 2387 3912 Haec
2427 3861 2708 3914 sententia
2739 3872 2826 3916 est
2849 3863 3146 3918 verborum
3179 3865 3499 3934 Symeonis,

1914 3947 2210 4011 manifeste
2241 3949 2559 4004 docentium
2602 3951 2752 4005 illam
2799 3953 2994 4008 intime
3027 3955 3303 4009 admotam
3334 3958 3501 4011 solea:

1915 4041 2104 4108 templi
2174 4052 2381 4110 partem
2455 4043 2726 4111 impertiri
2790 4046 3009 4100 solitam
3088 4051 3501 4118 nuncupatione

1917 4132 2104 4197 solete,
2143 4149 2238 4203 per
2282 4137 2670 4192 extensionem
2715 4139 2929 4194 scilicet
2970 4129 3303 4210 populareni
3323 4151 3376 4195 et
3405 4145 3504 4195 mi-

1916 4240 2021 4279 nus
2071 4224 2248 4296 rigida
2309 4228 2671 4298 proprietate.
2700 4232 2896 4301 'Atque
2947 4233 3050 4287 hoc
3102 4235 3250 4288 valet
3288 4237 3354 4287 ad
3409 4236 3496 4288 in-

1919 4317 2280 4388 telligendum
2332 4319 2389 4375 id
2438 4321 2584 4390 quod
2619 4323 2752 4378 alibi
2786 4325 2989 4379 scribit
3024 4325 3168 4380 idem
3206 4327 3507 4383 Thessalo-

1918 4414 2187 4480 nicensis,
2222 4415 2366 4470 libro
2400 4417 2667 4470 nimirum
2719 4423 2916 4470 contra
2956 4416 3250 4472 Haereses:
3291 4419 3506 4472 Γίνεται

1918 4506 1976 4560 δὲ
2017 4507 2226 4572 εἴσοδος
2256 4508 2339 4572 εἰς
2364 4507 2456 4562 τὸν
2490 4508 2700 4561 πωλέειν
2738 4509 2802 4560 ὲκ
2833 4507 2928 4560 τοῦ
2963 4508 3209 4579 βήματος
3255 4511 3508 4566 διακόνου

226 4614 336 4674 tio,
393 4610 695 4679 epistyliis,
746 4608 963 4679 sigillis,
1013 4607 1164 4663 vasis
1217 4621 1282 4662 ac
1333 4607 1548 4677 reliquo
1589 4623 1658 4662 ex
1699 4619 1808 4663 arte

1923 4602 2019 4655 xui.
2047 4601 2241 4671 ἱερέως
2277 4603 2417 4671 δίχα
2455 4601 2654 4672 φώτων
2680 4619 2695 4634 ο
2741 4601 2832 4656 ("it
2865 4604 3120 4658 introitus
3141 4607 3214 4659 -in
3246 4608 3447 4660 solemn
3481 4625 3538 4663 ε·-

224 4713 653 4768 coronamento,
696 4717 806 4758 una
857 4701 1012 4758 verbi
1049 4702 1282 4756 notione
1312 4701 1814 4771 comprehendere.

226 4803 383 4870 Quin
417 4800 584 4855 etiam
607 4814 705 4868 pro
729 4805 882 4853 certo
914 4797 1117 4861 habeo,
1154 4796 1320 4867 idque
1345 4810 1675 4867 magnopere
1699 4795 1819 4850 ani-

228 4893 693 4950 madvertendum
729 4898 884 4960 puto,
916 4905 1030 4944 non
1066 4889 1239 4944 solam
1266 4889 1412 4944 hanc
1445 4888 1818 4944 substructio-

229 5003 364 5042 nem
409 4999 536 5040 cum
566 4985 681 5038 suis
709 4983 1074 5048 ornamentis,
1106 4982 1167 5034 τὸ
1195 4984 1350 5053 βῆμα
1379 4981 1487 5034 ἀπὸ
1537 4979 1630 5034 τοῦ
1661 4980 1815 5043 ναοῦ.

229 5083 412 5135 altare
459 5095 539 5132 ac'
578 5078 982 5148 presbyterium
1014 5092 1044 5130 a
1073 5077 1277 5147 templo
1313 5075 1524 5144 reliquo
1560 5072 1828 5129 diritnenn

229 5184 350 5230 tem
383 5210 401 5236 ,
453 5172 614 5243 611
675 5179 1049 5240 nuncupatam
1109 5168 1282 5224 fuisse
1334 5167 1558 5230 soleam,
1605 5167 1700 5221 sed
1766 5166 1820 5220 id

231 5284 442 5324 nomen
481 5277 745 5334 praeterea
805 5274 1096 5318 extensum
1130 5263 1198 5316 ad
1233 5261 1665 5330 signiﬁcandum
1715 5261 1818 5313 ali-

231 5368 515 5433 quantum
565 5360 732 5428 spatii
775 5359 878 5413 soli
929 5373 994 5411 ac
1043 5357 1341 5428 pavimenti
1391 5355 1640 5409 ecclesiae
1677 5357 1822 5408 inter

235 5456 456 5511 soleam
510 5464 567 5508 et
613 5457 792 5508 locum
839 5451 929 5505 ubi
963 5451 1143 5505 stabat
1173 5450 1410 5520 populus
1464 5448 1820 5514 interjacens.

235 5548 721 5616 Quemadmodum
755 5546 900 5600 enim
943 5544 1118 5616 βῆμα,
1148 5545 1295 5613 quod
1341 5543 1562 5612 proprie
1593 5539 1822 5610 gradum

237 5652 408 5701 sonat
449 5651 505 5696 et
543 5641 718 5694 altare
761 5640 1026 5710 gradibus
1077 5637 1330 5691 videlicet
1361 5636 1641 5690 sublatum
1692 5649 1819 5700 syn-

236 5735 544 5792 ccdochice
601 5733 828 5798 indicat,
883 5731 1233 5799 signiﬁcabat
1275 5739 1540 5798 praetcrea
1589 5727 1826 5796 spatiunt

239 5833 348 5886 soli
405 5830 543 5884 satis
597 5828 792 5891 latum,
843 5825 991 5894 quod
1037 5827 1108 5877 ab
1162 5822 1349 5877 inﬁmo
1395 5821 1592 5875 altaris
1651 5820 1825 5888 gradu

247 5940 429 5994 usipte
500 5920 566 5976 ad
627 5921 902 5975 cancellos
940 5927 1028 5974 aut
1076 5916 1280 5975 sulcant
1361 5917 1622 5986 patebat,
1687 5916 1828 5968 intra

1925 4693 2127 4748 bernate
2167 4693 2387 4749 diaconi
2434 4703 2484 4750 et
2533 4695 2826 4750 sacerdotis
2865 4697 2977 4750 sine
3037 4697 3344 4754 luminibus.
3411 4699 3536 4753 υς·-

1923 4788 2118 4842 scribit
2178 4803 2393 4842 sacram
2445 4788 2744 4860 quamdam
2795 4788 3198 4856 iunctionem,
3231 4807 3338 4861 qua
3391 4809 3534 4862 mos.

1921 4890 2044 4938 erat
2090 4883 2314 4952 prodire
2359 4899 2428 4938 ex
2469 4882 2816 4955 presbyterio
2861 4883 2916 4936 in
2960 4884 3170 4953 templi.
3203 4893 3419 4953 partem
3459 4889 3532 4939 ei.

1925 4988 2249 5050 praetentam
2301 4978 2646 5034 sacerdotem
2687 4993 2813 5033 cum
2858 4976 3120 5032 diacono.
3155 4978 3308 5031 Illam
3345 4995 3510 5047 porro

1925 5073 2112 5143 templi
2139 5080 2348 5143 partem
2373 5087 2484 5127 una
2515 5072 2685 5136 solea,
2735 5070 2854 5125 sive
2887 5071 3153 5126 cancellis
3205 5085 3233 5124 a
3277 5073 3511 5142 presby-

1926 5167 2066 5222 terio
2114 5167 2470 5235 diremptam,
2510 5164 2723 5219 soleam-
2771 5165 3031 5234 appellat.
3083 5163 3210 5219 Pari
3275 5168 3503 5220 notione

1928 5257 2251 5328 accipienda
2279 5257 2596 5312 necessario
2623 5273 2724 5311 vox
2749 5255 2896 5310 solea
2941 5264 3030 5310 est
3064 5257 3210 5323 apud
3240 5256 3509 5312 Joannem
3534 5297 3536 5299 ›

1928 5354 2400 5413 Cantacuzenum,
2426 5349 2591 5420 612
2620 5349 2763 5404 Hist.
2799 5348 2896 5402 lib.
2936 5365 2974 5412 ι,
3004 5363 3130 5419 cap.
3169 5350 3260 5412 41,
3291 5350 3379 5403 ubi
3417 5349 3514 5403 de-

1930 5445 2127 5501 scribit
2150 5444 2534 5500 creremoniatn
2565 5440 2944 5495 coronationis
2983 5439 3280 5496 Andronici
3317 5440 3514 5496 Junio—

1932 5541 2012 5595 ris
2041 5537 2272 5608 Augusti
2299 5536 2352 5590 in
2388 5549 2587 5604 magno
2621 5535 2824 5602 templo
2863 5533 3084 5588 Sanctae
3121 5534 3342 5601 Sophim
3386 5549 3512 5605 per-

1933 5641 2134 5689 actam.
2167 5634 2258 5686 Ait
2279 5629 2425 5684 enim
2450 5630 2594 5682 inter
2616 5639 2815 5682 cattera
2845 5629 3014 5681 multa
3051 5629 3513 5699 supplicationem

1935 5730 2084 5782 circa
2121 5726 2384 5793 templum
2413 5720 2640 5775 ductam
2681 5735 2711 5773 a
2744 5721 3086 5788 patriarcha,
3124 5723 3295 5779 clero,
3341 5723 3528 5790 impe-

1938 5817 2216 5874 ratoribus
2259 5825 2313 5870 et
2364 5816 2513 5869 omni
2555 5813 2781 5883 populo.
2813 5812 2952 5867 Tum
2999 5813 3054 5867 in
3101 5814 3277 5868 reditu
3324 5829 3534 5868 tersus.-

1940 5915 2134 5980 altarc,
2171 5911 2259 5967 ubi
2304 5921 2525 5966 ventum
2560 5909 2626 5964 ad
2667 5909 2874 5964 sulcant
2914 5919 3082 5976 esset,
3110 5912 3247 5965 alios
3293 5909 3532 5980 quidem.
