3992 6538
551 402 690 468 10⁷15

1471 406 1532 467 Ρ.
1567 406 1865 466 POSSINI
1903 407 2568 472 OBSERVATIONUM
2639 413 2782 473 LlB.
2833 411 2878 471 I.
3145 395 3148 406 '
3641 409 3749 468 10's

546 534 744 578 omnes
785 518 917 574 foris
973 519 1244 575 mansisse
1266 560 1280 584 ,
1327 521 1504 576 solum
1562 523 1973 591 imperatorem,
2025 523 2117 590 qui
2147 521 2197 580 Δ
2225 526 2360 579 scite
2382 541 2482 580 nec
2501 533 2706 580 temere
2723 525 2986 592 disputat,
3006 521 3074 576 ab
3093 520 3382 590 aliomagis
3399 521 3600 574 erudito
3615 538 3749 590 quam

550 613 965 676 coronabatur,
1025 613 1336 680 ingressum
1400 614 1674 683 reperisse
1751 616 2124 685 patriarcbam

554 715 795 760 stantem
860 720 1028 775 super
1079 709 1252 761 sacris
1309 708 1590 768 cancellis,
1641 709 1745 762 hoc
1785 717 1871 762 est
1908 709 1961 761 in
2007 709 2128 777 ipso

553 800 741 854 limine
771 809 939 866 portze
967 800 1152 864 solete,
1183 815 1291 869 qua
1315 817 1378 854 ex
1407 802 1746 872 presbyterio
1775 803 1828 854 in
1857 801 2126 868 reliqttum

557 892 818 960 templum
842 892 1192 962 prodibatur.
1229 893 1402 947 Verba
1429 893 1798 948 Cantacuteui
1825 893 1936 946 haec
1957 901 2086 946 sunt
2111 909 2124 943 :

553 986 657 1038 Τὸν
716 985 772 1038 δὲ
821 987 948 1039 ναὸν
991 985 1373 1057 περιελθόντες
1421 987 1564 1040 κατὰ
1603 987 1668 1038 τὸ
1717 987 1838 1049 ἔῦος
1907 986 2130 1038 ἐπειδὰν

554 1079 801 1144 γένοιντο
843 1079 905 1133 ἐν
937 1079 1012 1150 τῷ
1045 1081 1242 1151 σωλὲᾳ,
1296 1081 1346 1132 oi
1401 1081 1500 1148 μὲν
1539 1080 1688 1135 ἄλλοι
1729 1081 1931 1143 πάντες
1966 1081 2128 1132 ἑστᾶ-

557 1190 644 1226 σιν
676 1172 854 1237 ἐκτὸς,
895 1173 1059 1235 αὐτὸς
1107 1173 1164 1226 δὲ
1199 1173 1502 1242 (βασιλεὺς)
1545 1173 1707 1243 μόνος
1744 1173 2130 1244 εἰσερχόμενος

557 1266 648 1317 τὸν
674 1263 884 1318 σωλὲαν
912 1267 1003 1318 τὸν
1027 1265 1378 1335 πατριάρχην
1405 1267 1497 1318 ἐπὶ
1523 1269 1646 1329 ταῖς
1683 1268 1859 1338 ἱεραῖς
1914 1266 2132 1333 κιγκλί-

559 1376 644 1410 σιν
676 1357 947 1428 ἑστηκότα
989 1359 1260 1428 εὑρίσκει.
1317 1357 1443 1412 ile
1479 1360 1604 1424 ille;
1650 1375 1772 1429 qua:
1801 1359 1948 1413 clare
1991 1359 2132 1412 indi-

559 1442 687 1505 cant
721 1454 958 1520 spatium
1003 1454 1219 1522 aliquod
1253 1454 1435 1522 templi
1479 1469 1668 1510 sacros
1709 1454 1985 1509 cancellos
2022 1467 2130 1506 una

558 1555 806 1615 exparte
835 1546 1161 1614 contingens
1192 1546 1400 1600 soleam
1427 1558 1706 1610 vocatum,
1736 1547 1787 1598 in
1815 1543 1963 1614 quod
1985 1560 2132 1598 unus

559 1638 857 1706 imperator
910 1637 1188 1692 introierit
1221 1676 1236 1701 ,
1301 1639 1515 1693 caeteris
1569 1638 1983 1693 abstinentibus
2044 1640 2133 1691 in-

557 1744 771 1797 gressu.
825 1727 1029 1784 Locum
1091 1732 1271 1785 autem
1318 1729 1490 1786 luisse
1543 1731 1864 1785 distinctum
1924 1747 1952 1783 a
2010 1747 2132 1799 pre-

2231 619 2472 670 bumano
2499 617 2827 670 incomitiati
2860 631 3053 686 parum
3101 615 3362 668 civiliter.
3409 613 3749 678 Coniecturam

2231 713 2297 767 de
2327 714 2470 767 solra
2502 727 2654 765 suam
2713 711 3023 766 verecunde
3068 721 3231 778 atque
3274 708 3510 762 obnoxie
3549 709 3608 781 [P
3646 707 3750 782 121]

2232 807 2481 875 proponit
2514 804 2826 859 Ludovicus
2857 803 3126 858 Cellotius
3155 811 3365 863 noster,
3399 803 3436 855 Ι.
3465 819 3512 854 vt
3563 803 3630 855 De
3666 803 3754 855 hie-

2233 900 2464 962 ran/tia,
2499 915 2549 953 c.
2604 900 2655 959 6,
2689 915 2741 968 p.
2774 899 2906 959 435,
2960 898 3012 950 in
3052 898 3197 949 hunc
3231 896 3449 949 modum
3500 896 3748 950 scribens:

2235 995 2374 1058 Quid
2407 997 2451 1048 si
2482 995 2676 1047 divinet
2704 993 2898 1063 aliquis
2930 994 3074 1045 inea
3110 992 3324 1056 planitie
3359 992 3503 1042 chori
3533 991 3688 1058 ampla
3715 1002 3752 1042 et

2233 1084 2484 1151 teqttabili
2508 1087 2753 1136 eductum
2777 1091 2870 1135 aut
2900 1084 2955 1135 in
2984 1083 3155 1136 medio
3175 1092 3262 1134 aut
3287 1083 3358 1133 ad
3387 1081 3603 1133 alterum
3642 1083 3751 1134 latus

2236 1177 2465 1232 nobilius
2495 1171 2710 1246 aliquod
2750 1177 2922 1230 solum
2958 1177 3103 1228 omni
3154 1176 3415 1244 elegantia
3464 1175 3753 1232 adornatum,

2235 1280 2358 1335 εἰσ..
2392 1271 2571 1331 sicque
2598 1269 2794 1352 soleazn
2839 1285 2870 1321 a
2903 1268 3016 1320 solo
3039 1268 3238 1320 dictum
3281 1275 3331 1320 et
3361 1267 3662 1330 pavimento.
3699 1267 3754 1318 τιτι

2233 1363 2280 1416 si
2308 1363 2470 1415 mavis
2497 1360 2559 1412 ab
2609 1375 2837 1428 expensa
2880 1355 3216 1425 tequabiliter
3247 1369 3296 1411 et
3343 1359 3457 1427 [use
3500 1371 3754 1419 exporrecta

2235 1457 2432 1524 forma,
2459 1452 2633 1524 qualis
2658 1453 2815 1506 solete
2839 1464 2937 1507 est.
2963 1453 3086 1506 llzec
3116 1450 3414 1511 Cellotins;
3450 1466 3564 1519 qua:
3587 1452 3757 1505 conlido

2235 1565 2419 1618 aequos
2447 1563 2639 1601 omnes
2663 1562 2991 1601 assensurus
3019 1545 3162 1599 haud
3189 1547 3326 1598 adeo
3375 1561 3497 1599 esse
3545 1547 3755 1609 absurda,

2237 1649 2352 1696 uta
2377 1640 2648 1708 scriptore
2702 1639 2958 1708 religioso
3005 1647 3115 1690 tam
3167 1638 3434 1690 atrociter
3466 1647 3514 1689 et
3542 1638 3759 1691 invidiose

2241 1734 2682 1788 traducerentur.
2711 1731 2963 1790 Gravius,
3013 1731 3211 1800 inquit,
3247 1731 3601 1782 hallucinatur
3625 1730 3759 1784 Cella-

557 1821 770 1888 byterio
830 1820 1122 1876 manifeste
1197 1830 1347 1890 patet
1413 1838 1477 1876 ex
1548 1839 1614 1876 eo
1681 1821 1825 1892 quod
1878 1838 2134 1892 progres-
2161 1859 2210 1919 Β
2239 1830 2364 1891 tius,
2396 1829 2484 1896 qui
2515 1827 2578 1880 ab
2604 1842 2836 1893 expansa
2866 1835 2915 1876 et
2939 1832 3249 1885 exporrecta
3275 1825 3390 1890 ejus
3423 1825 3602 1889 forma.
3627 1826 3760 1888 qualis

557 1928 656 1968 sus
728 1928 825 1984 per
889 1914 1022 1968 illud
1083 1916 1319 1984 spatium
1397 1917 1700 1985 imperator
1764 1917 2129 1986 patriarcbam

559 2008 831 2061 invenerit
920 2010 1012 2060 ἐπὶ
1075 2010 1193 2066 ταῖς
1264 2009 1441 2078 ἱεραῖς
1523 2010 1806 2077 κιγκλίσιν
1865 2011 2134 2079 ἑστηκότα

557 2111 794 2155 stantem
840 2116 1011 2170 super
1063 2102 1240 2154 sacris
1291 2102 1580 2164 cancellis,
1621 2103 1674 2154 in
1722 2103 1841 2171 ipso
1880 2103 2136 2156 videlicet

557 2196 703 2249 sacri
737 2194 879 2263 septi
916 2194 1032 2247 sive
1061 2194 1387 2263 presbyterii
1415 2195 1592 2248 aditu.
1620 2192 1786 2248 Vides
1817 2195 1906 2248 hic
1933 2194 2136 2249 eximie

561 2301 894 2342 concessum
949 2287 1274 2355 imperatori
1309 2287 1412 2342 soli
1464 2287 1646 2342 locum
1709 2287 1852 2340 intra
1901 2289 2134 2351 soleam,

559 2381 784 2448 ltociest
817 2380 870 2433 in
899 2381 1082 2448 spatio
1116 2381 1301 2433 vicino
1348 2381 1525 2434 sacris
1555 2381 1749 2450 septis,
1781 2380 2137 2437 subdiaconis

559 2483 616 2527 et
648 2472 954 2527 lectoribus
1001 2481 1305 2534 reservato,
1341 2471 1487 2526 unde
1530 2473 1766 2540 populus
1805 2472 2138 2526 excludeba-

561 2574 678 2619 tur.
704 2563 781 2618 Eo
829 2563 1051 2618 videtur
1087 2564 1330 2618 alludere
1387 2567 1534 2633 quod
1594 2563 1812 2620 Nicetas
1857 2563 2138 2634 Paphlago

561 2656 764 2712 scribit
810 2656 865 2710 in
907 2654 1025 2710 Vita
1071 2656 1249 2711 sancti
1294 2655 1513 2726 lgnatii,
1543 2656 1786 2712 referens
1832 2672 2137 2727 praesagum

561 2747 837 2804 somnium
897 2747 1086 2803 Barda:
1149 2750 1541 2818 imperatoris,
1601 2765 1713 2820 quo
1779 2753 2138 2820 praemonitus

561 2839 747 2897 fuerat
793 2842 862 2895 de
905 2843 958 2895 vi
1006 2857 1127 2910 quae
1177 2843 1282 2912 ipsi
1315 2843 1518 2898 deinde
1547 2859 1644 2912 per
1681 2843 1945 2898 Basilium
1981 2845 2138 2899 illata

560 2940 650 2989 est
681 2950 697 2987 ε
733 2933 886 2990 visus
921 2935 1067 2988 enim
1113 2934 1293 2990 fuerat
1329 2937 1435 2990 sibi
1485 2937 1677 2990 videre
1711 2938 1776 2990 ad
1812 2953 1870 2992 se
1900 2947 2137 2992 stantem

561 3025 618 3080 in
656 3027 859 3097 templo
913 3029 1197 3082 venientes
1258 3029 1472 3083 albatos
1511 3031 1808 3100 quosdam,
1855 3023 1931 3085 ὧν
1981 3033 2008 3084 6
2040 3031 2141 3100 μὲν

560 3117 787 3187 δέσμιον
825 3121 919 3172 τὸν
962 3118 1191 3188 βασιλέα
1229 3120 1522 3174 ἀναλαϐὼν
1563 3123 1658 3174 καὶ
1719 3121 1815 3174 ἐπὶ
1877 3124 1946 3175 τὰ
1990 3123 2142 3187 δεξιὰ

2237 1933 2310 1975 est
2341 1921 2515 1979 solete,
2544 1921 2617 1972 sic
2647 1916 2850 1971 dictum
2882 1925 3054 1982 putat,
3097 1917 3249 1983 quasi
3296 1915 3534 1984 profanis
3556 1916 3686 1968 soleis
3723 1928 3758 1967 (ι

2239 2031 2340 2066 non
2371 2013 2558 2066 solutis
2587 2011 2953 2065 calceamentis
2989 2022 3130 2063 terra
3155 2023 3343 2063 sancta
3374 2009 3615 2063 calcanda
3638 2008 3756 2074 foret.

2239 2104 2336 2158 Hic
2361 2119 2493 2157 vero
2528 2120 2713 2157 merus
2742 2113 2825 2156 est
2854 2118 3052 2156 succus
3079 2103 3344 2172 loliginis.
3376 2101 3534 2167 Quid,
3585 2103 3758 2163 antehc,

2239 2198 2402 2254 solete
2433 2199 2606 2251 forma
2641 2199 2707 2251 ad
2753 2199 2894 2251 sacri
2943 2199 3046 2252 loci
3083 2197 3597 2252 crmtaminationetn
3628 2200 3759 2259 perti-

2243 2293 2373 2346 net?
2412 2292 2490 2344 An
2525 2305 2719 2344 omnes
2757 2292 2921 2343 Sttlt‘m
2957 2289 3238 2358 profanae?
3263 2289 3432 2342 etiam
3465 2289 3564 2341 illae
3599 2288 3758 2354 quibus

2240 2386 2526 2451 pontilicrs
2552 2387 2722 2440 sacris
2748 2375 3045 2452 operante;
3072 2385 3176 2437 rite
3195 2382 3759 2437 utunturecclesiastira

2242 2478 2630 2532 benedictione
2662 2475 3150 2530 sacratis?Videat
3187 2483 3373 2528 autem
3409 2473 3497 2540 qui
3537 2470 3756 2540 piaculum

2244 2577 2396 2637 putat
2426 2569 2493 2622 ad
2523 2567 2902 2638 explicandam
2933 2567 3165 2635 ﬁguram
3195 2565 3303 2618 loci
3336 2564 3476 2619 sacri
3511 2564 3578 2616 uti
3604 2563 3759 2616 simili-

2243 2661 2435 2714 tudine
2456 2660 2640 2719 soleas.
2676 2659 2808 2726 quid
2841 2675 2965 2713 eum
3001 2668 3237 2713 statuere
3267 2657 3342 2710 sit
3374 2671 3688 2724 consequens
3710 2653 3760 2707 de

2243 2750 2567 2805 Innocentio
2613 2748 2715 2814 111,
2752 2760 2906 2817 pont.
2959 2764 3129 2810 max.,
3161 2746 3254 2816 qui
3308 2748 3396 2801 1.⁷ι
3441 2745 3758 2816 Hysteriorun

2242 2842 2438 2902 iniure,
2473 2855 2524 2894 c.
2560 2840 2651 2900 35.
2681 2855 2780 2908 per
2807 2838 3478 2907 calceamentunrpedum
3512 2835 3757 2905 signiﬁcari

2243 2934 2401 2986 docet
2426 2939 2835 2986 sacrosanctum
2860 2931 3259 2985 incarnationis
3286 2929 3448 2985 Verbi
3475 2929 3758 2999 mysterium,

2245 3040 2340 3092 per
2373 3025 2516 3091 quod
2547 3034 2623 3078 att
2648 3023 2815 3077 Deum
2848 3024 2904 3077 in
2934 3020 3128 3076 ludam
3160 3034 3375 3082 notum,
3402 3031 3448 3074 et
3473 3021 3608 3088 cujus
3639 3019 3680 3071 in
3704 3015 3761 3069 1ι-

2246 3118 2357 3170 rael
2383 3133 2631 3186 magnum
2656 3132 2862 3175 nomen,
2888 3115 2943 3168 in
2975 3113 3271 3167 Idumtram
3297 3113 3581 3167 extendisse
3601 3111 3762 3163 eali-ea-

560 3211 896 3283 κατασύρων
953 3211 1210 3277 tantum
1265 3215 1365 3284 τῆς
1425 3216 1673 3281 σωλέας,
1722 3233 1948 3284 quorum
2003 3235 2137 3270 unus

2245 3220 2479 3264 mentum
2504 3225 2676 3262 suum.
2708 3209 2778 3262 At
2806 3209 2972 3260 etiam
3013 3223 3080 3262 ex
3124 3207 3398 3261 modestia
3448 3205 3639 3260 Cellotii
3663 3217 3761 3256 ceu-

561 3306 793 3358 vinctum
829 3308 1203 3373 imperatorem
1235 3307 1500 3376 arripiens
1548 3318 1594 3362 et
1625 3309 1694 3360 ad
1725 3310 1969 3363 dextrum
1996 3309 2138 3363 latus

563 3399 777 3454 trahens
819 3401 1136 3454 extrudebat
1163 3419 1191 3453 e
1219 3401 1386 3467 solea,
1427 3402 1650 3471 proprio
1688 3402 1936 3458 videlicet
1972 3404 2142 3470 impc-

562 3493 766 3548 ratoris
806 3493 948 3546 intra
994 3494 1256 3562 templum
1319 3496 1462 3554 loco.
1499 3495 1642 3549 unde
1687 3496 1813 3564 pelli
1869 3511 2029 3549 omen
2065 3496 2141 3548 fe-

562 3586 721 3641 rebat
761 3589 1105 3656 expulsionis
1142 3590 1210 3641 ab
1264 3589 1517 3658 imperio.
1551 3590 1607 3643 In
1663 3589 1954 3644 ritualibus
1987 3589 2142 3643 Grae-

563 3695 756 3751 corum
794 3680 953 3733 libris
983 3678 1244 3734 distinctu
1280 3695 1502 3748 quoque
1536 3681 1816 3749 reperitur
1845 3680 2138 3749 tttjusdam

567 3767 730 3836 spatii
765 3777 893 3822 ante
926 3783 1118 3835 sacros
1161 3770 1444 3823 cancellos
1490 3770 1639 3823 solea
1675 3770 1852 3823 vocati
1907 3771 2136 3824 mentio.

563 3859 622 3913 In
670 3859 1023 3914 urdinatiooe
1081 3860 1304 3914 diaconi
1365 3861 1481 3914 lucc
1539 3863 1684 3927 leges
1732 3877 1746 3913 :
1803 3859 2142 3924 Ἐξελθόντες

561 3951 661 4004 δύο
693 3951 932 4004 διάκονοι
961 3953 1024 4004 ἐκ
1061 3951 1157 4004 τοῦ
1201 3952 1363 4018 ἁγίου
1395 3952 1644 4022 βήματος
1673 3953 2013 4021 λαμϐάνουσι
2053 3955 2143 4004 τὸν

564 4043 830 4113 μέλλοντα
888 4045 1316 4114 χειροτονεῖσθαι
1371 4046 1646 4110 διάκονον,
1699 4047 1908 4101 ἑστῶτα
1963 4049 2022 4099 ὲν
2071 4050 2137 4117 τῇ

565 4137 764 4209 σωλέᾳ.
801 4136 1063 4191 Exeuntes
1098 4137 1202 4190 duo
1233 4139 1447 4192 diaconi
1481 4154 1545 4192 ea;
1579 4155 1732 4192 sacro
1769 4139 1970 4192 bemate
2001 4141 2144 4192 acci-

562 4216 740 4293 piunt
769 4245 887 4280 eum
929 4229 1018 4296 qui
1057 4227 1393 4282 ordinandus
1451 4241 1530 4282 est
1581 4230 1860 4290 diaconus,
1913 4240 2142 4282 stantem

563 4321 620 4373 in
677 4321 842 4374 solea.
888 4321 948 4374 ln
1007 4321 1362 4378 ordinatione
1406 4338 1536 4376 vero
1586 4323 1940 4377 sacerdotis:
1989 4323 2146 4376 Mm

562 4413 622 4464 δὲ
654 4412 714 4464 τὸ
753 4411 1106 4482 πληρωθῆναι
1138 4413 1231 4465 τὸν
1254 4413 1576 4482 χερουϐιιιὸν
1617 4413 1784 4482 ὕμνον
1819 4415 2035 4467 ἵσταται
2084 4417 2146 4466 ὲν

567 4504 746 4574 σωλέᾳ
781 4505 808 4556 ὁ
837 4503 1046 4572 μέλλων
1075 4505 1502 4574 χειροτονεῖσθαι
1539 4506 1935 4576 πρεσϐύτερος.
1987 4506 2142 4562 Post-

564 4612 721 4658 quam
775 4595 1060 4661 completus
1113 4597 1273 4663 fuerit
1307 4595 1633 4651 Cherubicus
1671 4598 1917 4668 hymnus,
1949 4611 2058 4654 stat
2089 4603 2143 4655 in

566 4685 709 4739 solea
741 4687 830 4756 qui
859 4687 1190 4739 ordinandus
1232 4697 1308 4740 est
1344 4689 1615 4741 sacerdos.

641 4867 863 4920 Summa
894 4865 1167 4920 dictorum
1199 4874 1250 4918 et
1287 4869 1570 4922 sententia:
1602 4870 1666 4921 de
1693 4871 1840 4924 solea
1868 4887 1997 4927 mea:
2031 4873 2145 4925 haec

567 4971 673 5024 est,
723 4958 893 5012 fuisse
934 4961 1140 5015 soleam
1179 4960 1373 5014 Latino
1425 4963 1655 5031 antiquo
1701 4967 1868 5018 verbo
1926 4967 2143 5034 proprie

569 5051 771 5106 dictam
796 5050 1263 5106 substructionem
1282 5055 1590 5124 stylobatis,
1612 5057 1910 5120 columnis,
1935 5061 2143 5130 episty-

569 5143 660 5199 liis
707 5153 1020 5213 cwteroque
1065 5145 1528 5202 architectonices
1566 5149 1832 5214 elegantis
1883 5150 2144 5219 specioso

570 5247 834 5309 apparatu
861 5249 1200 5301 coronatam,
1229 5255 1349 5308 qme
1373 5239 1427 5292 in
1451 5241 1668 5308 templis
1687 5239 2000 5296 Graecorum
2028 5260 2144 5297 ma-

570 5333 921 5404 gnificentius
952 5333 1186 5394 ornatis.
1213 5334 1326 5387 vice
1351 5333 1656 5401 ligueoruut
1683 5335 2053 5390 cancellorum
2082 5353 2145 5391 ac

571 5424 840 5488 velorum,
873 5423 1036 5493 613
1055 5437 1206 5476 aram
1235 5424 1528 5478 maximam
1557 5434 1615 5478 et
1646 5427 2046 5496 presbyterium
2077 5432 2145 5483 ab

572 5518 828 5586 ingressu
881 5519 1243 5587 inspectuque
1299 5518 1486 5587 populi
1539 5520 1788 5588 tegebat;
1864 5528 2145 5574 extensant

574 5623 793 5677 quoque
819 5609 1240 5677 appellationem
1280 5609 1446 5663 soleae.
1499 5610 1564 5663 ad
1599 5613 1837 5678 spatium
1870 5612 2146 5680 quoddam

575 5698 666 5751 isti
696 5698 1107 5752 substructioni
1137 5700 1457 5768 contiguum
1485 5700 1910 5770 designandum.
1938 5701 2146 5756 Addam

574 5793 662 5847 hic
689 5793 1041 5848 humanitatis
1063 5791 1240 5847 ofﬁcio
1258 5794 1550 5849 instinctus
1580 5811 1686 5848 non
1712 5797 2147 5864 intempestivam

574 5888 996 5948 vindicationem
1023 5885 1150 5943 boni
1180 5887 1486 5958 scriptoris,
1513 5889 1642 5941 dum
1667 5889 1730 5944 dc
1755 5891 1896 5943 solea
1936 5906 2038 5943 non
2067 5890 2147 5945 in-

2243 3319 2339 3360 sor
2369 3304 2531 3360 idem,
2568 3316 2727 3366 quem
2762 3300 3173 3354 ltonoris'causa
3210 3301 3379 3352 modo
3423 3313 3524 3352 non
3556 3297 3757 3356 nomino,

2243 3414 2306 3451 ex
2341 3397 2630 3457 modestia,
2669 3395 2918 3462 inquam,
2941 3393 3202 3448 laudabili
3224 3393 3444 3449 Cellotii
3471 3394 3759 3447 occasionem

2244 3491 2437 3558 arripit
2473 3490 2522 3543 ei
2558 3488 2910 3542 acerbissime
2934 3487 3255 3549 insnltandi,
3301 3486 3432 3540 dum
3466 3487 3541 3540 sic
3569 3483 3758 3538 scribit:

2247 3584 2390 3646 Quid
2455 3582 2621 3651 igitur
2649 3582 2847 3642 isolea.’
2905 3580 3199 3647 interrogat
3259 3580 3492 3644 seipsum
3541 3574 3758 3629 Cellotitu.

2249 3675 2429 3729 Περι-οι
2467 3674 2597 3727 mihi
2659 3689 2823 3740 aqua,
2873 3671 3198 3740 respondet:
3259 3671 3474 3724 turbida
3522 3681 3591 3724 est
3640 3677 3760 3725 certe,

2245 3785 2391 3822 tirno
2415 3778 2464 3821 et
2506 3768 2614 3819 so'o
2650 3777 2698 3820 et
2733 3767 2963 3818 sordidis
2993 3764 3108 3834 ejus
3149 3765 3313 3818 soleis
3354 3763 3642 3830 profanata.
3668 3760 3762 3811 Haec

2246 3860 2558 3914 catholicus
2607 3874 2656 3912 et
2696 3859 2982 3927 religiosus
3025 3857 3289 3910 sacerdos
3339 3857 3408 3911 de
3457 3855 3692 3910 catholico
3721 3859 3762 3905 et

2251 3952 2512 4020 religioso
2554 3950 2844 4004 sacerdote
2875 3948 3110 4011 scribit;
3143 3963 3266 4016 qua:
3320 3948 3366 4001 si
3417 3948 3656 4002 adversus
3681 3944 3763 3995 lia?-

2250 4046 2478 4100 relicum
2511 4052 2605 4096 aut
2636 4042 3081 4096 Mahumctanum
3110 4042 3506 4102 seriberentur,
3531 4042 3607 4092 vix
3633 4051 3762 4090 excu-

2250 4138 2358 4191 sari
2421 4139 2490 4190 ab
2554 4135 2955 4190 inhumanitate
3010 4145 3255 4202 possent.
3296 4135 3560 4189 Ca-terum
3607 4137 3762 4197 prater

2249 4242 2435 4282 votum
2471 4239 2578 4282 tam
2626 4227 2982 4281 stomachoso
3035 4227 3251 4280 censori
3315 4224 3542 4293 contigit
3579 4230 3628 4273 ιιι
3671 4232 3763 4286 qua:

2250 4323 2477 4378 Jesuitaa
2521 4322 2755 4376 libenter
2805 4320 3088 4387 indigebat
3129 4318 3275 4371 haud
3313 4331 3538 4385 parcens
3562 4311 3761 4370 verbera,

2247 4420 2300 4471 in
2325 4431 2446 4470 eum
2473 4430 2633 4484 quem
2656 4413 2881 4468 minime
2904 4413 3065 4467 vellet
3098 4413 3394 4468 resilit-ent,
3429 4399 3760 4461 amicissimum

2255 4507 2383 4568 sibi,
2417 4505 2578 4559 nobis
2607 4507 2656 4558 el
2695 4502 2916 4557 cunctis
2964 4503 3163 4556 merito
3199 4516 3298 4554 suo
3333 4508 3513 4567 caput,
3555 4494 3763 4548 illustris-

2255 4601 2452 4653 simum
2511 4597 2789 4657 Allatium,
2818 4595 2924 4664 'qui
2975 4593 3297 4648 doctissima
3338 4589 3692 4646 dissertatione
3715 4583 3762 4632 de

2251 4688 2424 4748 solea,
2452 4702 2515 4741 es
2549 4699 2658 4752 qua
2697 4684 2996 4750 plurimum
3038 4681 3342 4751 proiecisse
3396 4695 3480 4734 me
3505 4674 3760 4730 initiosum

2254 4778 2560 4846 professus,
2619 4774 2740 4843 ejus
2790 4773 3060 4840 originem
3107 4772 3345 4825 nominis
3394 4757 3760 4837 qttterens.t"0n

2252 4871 2410 4929 male,
2447 4868 2642 4934 inquit,
2677 4867 2840 4920 etiam
2897 4883 2928 4917 a
2973 4864 3140 4925 solea,
3180 4880 3281 4916 non
3337 4871 3394 4914 ut
3437 4856 3672 4923 crepidam
3699 4863 3762 4898 to-

2251 4977 2366 5025 παι,
2413 4979 2711 5031 quanquam
2769 4965 2835 5013 ab
2874 4975 2935 5012 ea
2965 4974 3170 5027 quoque
3219 4973 3319 5009 non
3375 4951 3660 5007 inconcinne
3683 4941 3761 4994 dict

2251 5057 2520 5128 quispiam
2555 5064 2880 5108 autumant.
2929 5051 3059 5105 Haec
3095 5050 3222 5116 ille;
3271 5047 3468 5118 quibus
3501 5042 3659 5095 omnia
3695 5034 3762 5086 illa

2253 5166 2375 5218 quae
2437 5149 2490 5201 itt
2539 5145 2836 5201 Cellotium
2892 5143 3098 5213 pariter
3154 5142 3304 5211 loqui
3354 5153 3543 5194 ausum
3603 5135 3762 5218 intorta

2257 5216 2498 5295 vidimus
2531 5239 2783 5297 fulmina,
2823 5239 2874 5289 in
2921 5250 3079 5289 suum
3122 5243 3284 5303 caput
3313 5231 3590 5285 attraxisse
3628 5216 3761 5272 vide-fi

2255 5345 2502 5406 poterat,
2549 5333 2652 5386 nisi
2699 5329 2867 5402 614
2915 5329 3165 5383 laureum
3221 5326 3470 5380 baculum
3523 5319 3759 5390 gestaret,

2252 5443 2349 5496 per
2383 5441 2546 5494 quem
2579 5435 2663 5478 est
2694 5440 2721 5475 a
2769 5422 3024 5492 procellis
3068 5417 3377 5475 istiusmodi
3411 5411 3707 5468 tutissimus.

2330 5520 2639 5584 Ταναΐτης,
2679 5532 2799 5586 pag.
2835 5515 2962 5569 422.
2993 5513 3148 5567 Venti
3205 5510 3466 5563 Ταναϊτου
3507 5503 3625 5559 dicti
3671 5510 3760 5550 mc-

2256 5612 2412 5663 minit
2448 5609 2769 5677 Proc0pius,
2806 5608 2902 5660 lib.
2951 5624 3000 5660 tv
3033 5603 3290 5661 secundae
3321 5599 3542 5655 tetradis
3573 5609 3674 5660 cap.
3709 5590 3760 5646 δ.

2257 5719 2308 5771 p.
2343 5701 2447 5755 573
2473 5703 2560 5756 ed.
2603 5702 2734 5769 lteg.
2780 5700 2866 5752 bis
2890 5697 3072 5754 verbis
3111 5716 3125 5750 :
3158 5697 3360 5749 Τάναϊν
3385 5691 3440 5744 δὲ
3468 5683 3696 5743 καλοῦσιν
3724 5677 3761 5730 οἱ

2255 5793 2545 5864 ἐπιχώριοι
2581 5796 2676 5846 καὶ
2712 5793 2809 5859 τὴν
2841 5790 3070 5858 ἐκϐολὴν
3110 5789 3311 5856 ταὺτην
3336 5787 3397 5838 ἐκ
3429 5783 3608 5851 λίμνης
3629 5772 3760 5842 ἀρξα·

2263 5888 2431 5958 μένην
2452 5891 2549 5956 τῆς
2575 5887 2882 5950 Matthiae;
2916 5887 3045 5955 ἄχρι
3074 5887 3128 5947 ἐς
3158 5883 3249 5936 τὸν
3270 5880 3515 5946 Εὔξεινον
3541 5872 3757 5927 πᾶντονυο
