3992 6524
222 417 362 481 ῙΟΠ

1565 416 2094 477 C'LOSSARIUM.

3339 417 3509 479 1078--

217 536 356 591 ὰλλὰ
389 536 485 590 καὶ
539 540 631 589 τὸν
679 537 904 607 ἄνεμον,
954 536 1010 599 ὃς
1072 535 1286 590 ἐνθένδε
1346 536 1471 588 πνεῖ
1523 535 1797 600 Ταναῒτην

1907 531 2226 584 ministeriis
2287 540 2540 586 navassct
2590 547 2836 602 operam,
2870 532 2938 587 ab
3001 548 3066 586 eo
3121 532 3234 602 jam
3289 534 3485 590 adulto,

219 628 756 700 προσαγορεύουσιν.
827 629 902 683 Ex
949 630 1150 698 quibus
1206 630 1574 698 intelligimus
1629 627 1796 694 hujus

218 722 368 776 venti
407 737 610 777 nomen
655 738 760 778 non
815 738 843 774 a
884 738 1016 778 vero
1069 737 1229 777 amne
1265 722 1434 776 Tanai
1489 731 1792 788 smnptum,

219 813 315 865 sed
381 817 448 867 ab
503 815 658 869 alveo
707 815 941 884 quodam
1001 825 1094 870 aut
1144 831 1317 884 prono
1368 815 1518 868 ﬁnxu
1581 814 1794 883 palude

224 906 492 960 Mteotidis
541 907 594 960 in
640 907 869 962 Pontum
938 909 1234 972 Euxinum,
1279 908 1372 978 qui
1412 907 1598 962 alveus
1629 908 1792 962 etiam

220 997 426 1052 Tanais
489 998 764 1052 nominari
816 1000 1165 1053 consueverit
1196 1016 1211 1062 ;
1265 998 1334 1053 ab
1367 1015 1433 1053 eo
1464 1010 1642 1052 autem
1680 997 1793 1065 spi-

219 1099 436 1146 rantem
474 1100 720 1153 ventum.
755 1092 869 1161 qui,
912 1100 970 1144 ut
1004 1092 1082 1145 ait
1123 1101 1331 1156 noster,
1363 1093 1507 1145 inter
1536 1090 1792 1146 Boreales

216 1186 365 1238 solet
403 1199 528 1239 esse
568 1185 1105 1248 vehementissimus.
1151 1183 1436 1239 Tauaitem
1484 1185 1614 1240 dici.

296 1276 558 1343 Ταρίτες,
599 1291 720 1346 pag.
779 1275 903 1332 “9.
937 1277 1076 1332 Hinc
1123 1276 1392 1332 habemus
1428 1291 1597 1331 naves
1630 1292 1798 1347 quas-

217 1369 342 1420 dam
373 1376 675 1423 contractze
707 1368 1100 1440 longitudinis,
1129 1372 1233 1424 hoc
1273 1378 1360 1424 est
1389 1371 1571 1425 minus
1601 1369 1795 1441 longas

216 1475 388 1529 quam
440 1461 718 1522 triremes.
752 1459 972 1516 Taritas
1015 1475 1045 1515 a
1103 1459 1487 1517 Gennensibus
1539 1463 1607 1519 iis
1663 1464 1794 1518 olim

219 1553 511 1608 utentibus
570 1552 744 1608 fuisse
796 1563 1041 1610 vocatas.
1089 1552 1405 1611 Verisimile
1444 1567 1530 1611 est
1575 1558 1794 1612 easdem

220 1645 320 1696 has
350 1659 476 1698 esse
511 1660 633 1700 cum
674 1645 743 1700 iis
791 1661 930 1717 quas
975 1646 1206 1719 ταρίδας
1253 1644 1474 1705 Nicetas
1523 1651 1794 1720 appellat;

217 1749 329 1803 qua
382 1751 513 1791 voce
577 1737 866 1806 δρόμωνας
925 1737 1010 1805 [Ρ.
1084 1740 1209 1814 425]
1269 1758 1394 1797 eum
1455 1743 1798 1812 signiﬁcasse

221 1824 498 1880 Meursius
531 1839 740 1884 censet.
774 1829 929 1886 Unde
978 1833 1118 1887 forte
1146 1835 1232 1888 vel
1261 1834 1349 1888 hic
1382 1837 1795 1890 rescribendum

215 1919 446 1986 ταρίδες
498 1919 686 1986 fuerit,
728 1923 812 1977 vel
863 1925 1003 1993 apud
1041 1923 1288 1980 Nicetam
1344 1927 1564 1996 ταρίτες
1612 1943 1800 1983 emen-

218 2009 493 2066 dandum.
530 2013 837 2068 Videndum
886 2016 1054 2069 etiam
1092 2032 1159 2072 an
1202 2034 1311 2072 non
1347 2017 1476 2072 hinc
1509 2034 1804 2074 emanave-

221 2103 298 2158 rit
353 2103 714 2160 Tartanarum
741 2147 756 2171 ,
791 2123 913 2178 qua:
945 2110 1110 2166 hodie
1159 2113 1528 2182 appellantur,
1577 2129 1798 2168 nomen.

219 2195 497 2249 Caeterum
533 2199 579 2252 si
607 2198 888 2270 δρόμωνες
928 2202 1040 2256 sint
1090 2204 1334 2272 ταριτες,
1389 2205 1456 2258 iis
1511 2208 1802 2262 conveniet

220 2287 532 2356 descriptio
565 2293 886 2347 dromonum
919 2312 1040 2362 qua:
1083 2298 1225 2365 apud
1264 2298 1619 2368 Procopium,
1651 2301 1753 2356 lib.
1785 2317 1799 2356 ι

222 2377 304 2432 De
364 2379 501 2433 bello
552 2380 874 2445 Vandalico.
917 2400 1039 2449 cap.
1089 2387 1178 2449 11,
1221 2388 1422 2458 legitur
1459 2391 1542 2444 bis
1575 2393 1799 2447 verbis:

223 2472 400 2526 Πλοῖα
435 2477 625 2544 μακρᾶ
666 2477 743 2540 ὡς
792 2479 874 2540 εις
918 2483 1234 2551 ναυμαχίαν
1273 2488 1800 2555 παρεσκευασμένα,

222 2567 444 2634 μονήρη
482 2568 666 2635 μέντοι
720 2570 818 2622 καὶ
859 2572 1064 2641 ὀροφὰς
1116 2572 1354 2645 ὕπερθεν
1409 2575 1622 2646 ἔχοντα,
1651 2579 1802 2642 ὅπως

217 2659 272 2708 οἱ
300 2658 478 2713 ταῦτα
505 2663 825 2732 ἐρέσσοντες
867 2668 1005 2736 πρὸς
1031 2669 1141 2720 τῶν
1176 2669 1453 2740 πολεμίων
1487 2671 1564 2735 ὡς
1597 2673 1803 2742 ἥκιστα

220 2747 528 2817 βάλλοιντο.
567 2756 862 2827 Δρόμωνας
920 2759 1150 2815 καλοῦσι
1204 2762 1273 2816 τὰ
1327 2766 1488 2816 πλοῖα
1540 2765 1716 2819 ταῦτα
1753 2768 1802 2820 oi

218 2841 320 2898 νῦν
349 2844 652 2916 ἄνθρωποι·
699 2852 855 2903 πλεῖν
884 2853 993 2923 γὰρ
1034 2855 1175 2908 κατᾶ
1207 2856 1370 2926 τάχος
1395 2856 1652 2912 δύνανται
1696 2862 1802 2931 μά-

217 2935 421 2992 λιστα·
459 2938 658 3010 Longce
685 2959 844 2998 naves
889 2945 959 2999 ad
1009 2949 1341 3003 maritimum
1401 2951 1650 3019 praelium
1714 2955 1802 3007 in-

216 3041 471 3098 structa,
531 3035 622 3088 sed
672 3037 828 3090 unico
875 3049 1012 3093 acta:
1055 3057 1323 3095 remorum
1373 3044 1598 3110 ordine,
1647 3047 1801 3101 tectis

216 3126 450 3193 desuper
485 3129 725 3192 munitas,
767 3147 870 3200 quo
919 3149 1100 3186 earum
1135 3137 1356 3206 remiges
1391 3153 1551 3208 quam
1590 3139 1803 3194 minime

1907 624 2301 676 manumissum
2376 623 2587 692 patroni
2665 639 2864 677 nomen
2936 639 3087 678 more
3154 623 3474 677 libertorum
3541 687 3548 694 _

1905 718 2205 786 accepisse,
2251 723 2300 769 et
2356 715 2601 784 ejusdem
2636 717 2808 786 gratia
2849 723 3162 786 promotum
3221 715 3272 768 in
3310 717 3472 770 istam

1905 809 2268 863 honoriﬁcam
2304 809 2708 878 praefecturam.

1978 901 2173 964 Τεθέν,
2211 917 2264 970 p.
2287 901 2414 955 2'22.
2443 902 2572 957 Ait:
2598 917 2721 955 cum
2759 903 2910 972 regio
2941 903 3032 956 illa
3071 902 3474 974 Maryandeno-

1903 1011 2024 1050 rum
2087 1007 2138 1050 et
2195 996 2580 1066 Paphlagonia:
2641 998 2808 1052 rebus
2863 997 2929 1052 ad
2983 998 3183 1051 victum
3249 998 3476 1054 utilibus
3544 1059 3548 1065 _

1903 1087 2225 1151 abundaret,
2264 1089 2492 1158 signata:
2540 1099 2769 1142 moneta:
2803 1104 2994 1156 parum
3033 1089 3278 1155 haberet,
3321 1093 3466 1160 quod

1903 1180 2187 1250 vectigalia
2242 1180 2296 1234 in
2339 1181 2579 1235 nummis
2619 1182 2994 1252 exigerentur,
3025 1194 3248 1236 coaetos
3278 1199 3468 1237 earum

1906 1283 2175 1329 terrarum
2227 1273 2434 1327 incolas
2493 1273 2685 1334 fuisse.
2720 1275 2785 1328 ad
2834 1285 3024 1328 exacte
3077 1274 3472 1329 conﬁciendam

1909 1365 2102 1420 tributi
2153 1380 2449 1430 summam,
2503 1365 2738 1419 vendere
2792 1366 3007 1420 scilicet
3070 1367 3161 1419 vili
3216 1367 3475 1432 universa

1905 1475 2028 1528 qua)
2057 1459 2392 1529 collegerant
2431 1474 2607 1513 messe
2640 1473 2704 1512 ac
2739 1459 3036 1518 vindemia.
3071 1471 3122 1512 et
3158 1460 3240 1512 sic
3282 1460 3477 1513 deinde

1907 1561 2019 1606 toto
2063 1566 2207 1605 anno
2239 1551 2570 1605 necessariis
2613 1551 2680 1604 ad
2713 1551 2916 1605 victum
2961 1554 3205 1620 eguisse.
3250 1550 3478 1606 Videtur

1905 1660 2036 1714 ergo
2074 1643 2160 1698 hic
2198 1643 2259 1696 τὸ
2299 1644 2450 1696 τεθέν
2475 1645 2732 1712 peculiari
2771 1647 2996 1700 notione
3033 1657 3382 1715 usurpatum,
3410 1647 3474 1697 ad

1908 1737 2332 1808 signiﬁcandum
2383 1738 2650 1808 quidquid
2701 1739 3072 1807 reponebatur
3108 1740 3161 1792 in
3200 1755 3474 1793 annonam

1906 1841 1961 1888 et
1994 1832 2199 1886 victum
2233 1831 2452 1886 familiae
2479 1847 2574 1899 per
2606 1848 2833 1886 annum.
2873 1831 3193 1904 Quanquam
3227 1850 3333 1887 non
3367 1834 3478 1887 dif-

1906 1925 2065 1979 ﬁteor
2107 1939 2270 1994 posse
2316 1925 2511 1979 referri
2563 1926 2628 1978 ad
2678 1941 2948 1979 summam
3005 1926 3318 1996 impositam
3383 1942 3479 1997 per

1905 2033 2154 2081 censum,
2207 2018 2295 2071 cui
2330 2018 2496 2071 semel
2546 2018 2893 2071 cxsolvendae
2947 2019 3199 2072 universa
3255 2035 3489 2076 annona

1906 2111 2089 2164 alieno
2122 2119 2366 2180 tempore
2398 2111 2486 2164 viii
2530 2112 2790 2164 distracta
2832 2109 3172 2180 proﬂiganda
3212 2122 3330 2164 erat
3386 2128 3474 2164 co-

1905 2201 2051 2256 lonis
2085 2202 2326 2264 miseris,
2367 2201 2418 2254 iu
2451 2203 2722 2270 reliquum
2769 2217 2975 2255 annum
3015 2202 3157 2254 victu
3192 2203 3473 2263 caritnris,

1905 2295 1992 2348 cui
2028 2280 2252 2347 notionii
2280 2295 2452 2362 magis
2500 2296 2717 2349 ενοι-(1η
2752 2296 2896 2365 quod
2941 2295 3158 2364 legitur,
3192 2295 3225 2348 l.
3270 2311 3308 2360 ι,
3336 2311 3387 2348 c.
3423 2295 3485 2359 5,,

1905 2387 1977 2439 Τὸ
2011 2389 2195 2442 λοιπὸν
2224 2391 2317 2443 ταῦ
2351 2392 2601 2456 τεθέντος
2631 2394 2840 2456 τέλους.

1977 2478 2062 2550 [Ρ.
2100 2481 2228 2554 426]
2281 2484 2517 2552 Τελχίν.
2572 2501 2620 2553 p.
2655 2486 2782 2539 253.
2829 2485 3154 2540 Eustathius
3210 2487 3262 2540 in
3308 2485 3485 2540 IIiaa'.:

1906 2590 1934 2625 ν
1983 2588 2035 2641 p.
2074 2575 2170 2629 9M
2218 2577 2305 2630 ed.
2357 2576 2511 2631 Rom.
2570 2579 2852 2648 Τελχῖνας,
2899 2581 2994 2642 ait,
3044 2581 3374 2633 πλάττουσιν
3431 2583 3506 2636 oi.

1909 2664 2066 2735 μῦθοι
2116 2667 2380 2735 δαίμονάς
2431 2686 2583 2729 τινας
2633 2671 2982 2732 κακοποιούς.
3042 2672 3320 2726 Telchinas
3377 2675 3481 2741 ﬁn-

1904 2769 2030 2827 gunt
2069 2759 2266 2826 fabula:
2313 2760 2583 2814 dumouas
2630 2765 2888 2835 quosdam
2932 2766 3220 2832 maleﬁcos.
3264 2764 3479 2818 S‘tnilia

1905 2858 1959 2904 et
2017 2851 2157 2906 idem
2213 2853 2364 2908 alibi.
2450 2854 2758 2925 Hesychius
2811 2874 2822 2909 :
2877 2857 3131 2927 Τελχῖνες
3189 2858 3476 2928 βάσκανον,

1904 2945 2134 3012 γόητες,
2203 2945 2478 3015 φθονεροί.
2561 2948 2968 3018 Etymnlogicns
3025 2968 3037 3002 :
3093 2949 3356 3018 Λέγονται
3421 2951 3492 3003 δὲ’

1905 3035 2160 3106 Τελχῖνες
2221 3039 2272 3090 oi
2329 3037 2580 3108 φθονεροὶ
2629 3039 2724 3091 καὶ
2781 3044 3007 3110 πονηροὶ
3074 3043 3170 3094 καὶ
3220 3042 3485 3112 βάσκανοι

1905 3128 2191 3197 δαίμονες.
2225 3128 2485 3182 Dicuntur
2509 3140 2682 3185 autem
2722 3131 2994 3186 Telchines
3022 3133 3212 3198 invidi,
3246 3135 3391 3192 ntali.
3428 3145 3480 3186 et

217 3217 344 3271 telis
380 3219 661 3274 hostilibus
693 3236 958 3292 paterent,
1005 3230 1120 3281 Hoc
1159 3231 1372 3283 navium
1426 3248 1590 3300 gem“
1649 3233 1804 3288 ιιοάίε
1831 3230 1874 3289 c
1909 3220 2169 3275 immanes
2199 3222 2483 3277 dwmones.
2513 3221 2609 3278 His
2633 3224 3060 3278 auctoritatibus
3086 3224 3255 3279 fretus
3277 3228 3481 3278 malum

215 3318 516 3366 dromonas
550 3324 761 3376 vocant,
799 3333 924 3371 voce
964 3336 998 3371 a
1044 3335 1206 3374 cursu
1235 3322 1398 3376 ducta
1450 3339 1554 3394 quo
1599 3323 1710 3380 illae
1747 3326 1802 3378 in

214 3399 412 3467 primis
447 3401 608 3455 veloci
632 3404 821 3458 valent.
860 3405 984 3462 Htec
1020 3407 1336 3483 Procopius.

291 3491 512 3580 Τᾳτᾶς.
553 3511 677 3565 pag.
735 3497 861 3552 512.
894 3497 1068 3570 Hujus
1115 3503 1403 3573 dignitatis
1457 3507 1545 3562 cui
1598 3524 1800 3566 nomen

214 3591 304 3635 cst
337 3592 483 3638 tatas
527 3587 669 3641 aula:
713 3604 860 3659 saepe
891 3593 1143 3647 meminit
1193 3593 1462 3662 Codinus,
1495 3599 1547 3655 in
1592 3601 1690 3656 lib.
1724 3601 1803 3657 De

215 3676 358 3744 cﬁic.
399 3675 510 3730 aut.
543 3694 664 3747 cap.
695 3680 750 3752 2,
783 3681 875 3735 ubi
931 3683 1034 3739 hoc
1067 3685 1306 3743 ofﬁcium
1340 3700 1555 3746 sextum
1607 3707 1660 3750 et
1709 3697 1804 3750 tri-

213 3769 497 3824 cesimum
526 3770 816 3841 dignitatis
849 3775 1046 3830 ordine
1078 3795 1201 3834 esse
1241 3782 1315 3835 ait
1347 3784 1489 3839 inter
1516 3786 1798 3855 Palatina;

210 3878 346 3932 cap.
377 3864 431 3929 4,
482 3865 572 3918 ubi
625 3866 748 3934 ejus
799 3868 1047 3924 habitum
1093 3873 1371 3941 explicat;
1407 3891 1531 3946 cap.
1571 3877 1700 3935 item
1741 3881 1796 3948 5,

213 3957 312 4010 ubi
360 3957 617 4012 observat
657 3958 782 4015 huic
825 3960 1004 4016 oﬁicio
1059 3965 1270 4019 nullum
1323 3968 1644 4028 iucmnbere
1694 3975 1801 4029 tui-

217 4050 542 4115 uisterium,
577 4054 703 4105 οὐδὲ
737 4053 795 4106 ἓν
828 4055 1162 4128 ὑπηρέτημα
1197 4060 1487 4130 κέκτηται.
1519 4063 1798 4135 Nusquam

216 4152 410 4202 autem
447 4145 612 4197 tradit
641 4147 906 4200 rationem
939 4152 1200 4214 nominis,
1235 4161 1328 4206 aut
1354 4169 1516 4223 quem
1543 4157 1610 4212 ad
1638 4158 1800 4213 ﬁnem

212 4235 477 4290 instituta
515 4237 630 4291 haec
668 4239 992 4306 praefectura
1014 4243 1107 4296 sit.
1137 4242 1271 4297 Tata
1297 4244 1508 4302 Latinis
1527 4249 1640 4318 jam
1669 4252 1800 4306 olim

215 4329 434 4396 puerile
465 4345 662 4385 nomen
687 4341 792 4396 est,
823 4349 932 4404 quo
964 4337 1200 4404 primum
1225 4355 1289 4391 ex
1317 4337 1548 4394 infantia
1592 4344 1643 4396 in
1682 4343 1802 4399 bal-

211 4422 428 4476 butiem
485 4424 825 4492 prodeuntes
879 4428 1094 4496 parvuli
1125 4468 1138 4491 .
1183 4447 1325 4500 quos
1387 4433 1577 4489 vident
1629 4437 1796 4504 viros,

210 4525 386 4577 tatas,
424 4530 564 4584 quas
598 4516 875 4580 mulieres,
902 4534 1161 4588 mammas
1205 4523 1519 4590 appellant,
1585 4537 1642 4580 ut
1692 4528 1796 4583 do-

208 4618 348 4663 cent
402 4611 738 4678 interpretes
792 4610 1060 4668 Martialis
1101 4613 1169 4667 ad
1223 4615 1376 4670 illtttn
1421 4633 1642 4673 versum
1678 4621 1795 4692 epi-

211 4703 546 4772 grammatis
573 4703 694 4772 ejus
728 4703 848 4768 l0l,
887 4704 984 4760 lib.
1021 4722 1033 4758 I
1068 4722 1081 4759 :

210 4818 492 4893 Mammas
519 4829 671 4887 atque
700 4828 844 4872 tatas
877 4820 1029 4873 habet
1059 4822 1234 4890 Afra;
1274 4824 1365 4875 sed
1398 4825 1514 4893 ipsa
1553 4835 1796 4880 tatarum

287 4889 410 4941 Dici
439 4899 493 4941 et
514 4905 868 4944 mammarum
901 4889 1138 4945 maxima
1165 4889 1621 4964 mumma'potest.

207 4981 510 5050 Suspicari
569 4997 636 5035 ex
692 4982 797 5036 hoc
859 4983 1002 5038 forte
1063 4999 1361 5054 possumus
1421 4997 1587 5041 totam
1631 4989 1793 5053 anim,

208 5090 379 5145 quem
435 5072 527 5127 hic
563 5074 879 5128 eunuchum
918 5076 1191 5140 videmus,
1228 5077 1396 5131 fuisse
1440 5060 1794 5148 praepositum

207 5166 538 5223 educationi
593 5182 658 5220 ac
716 5183 863 5222 cura:
898 5169 1196 5222 liberorum
1247 5169 1412 5240 615
1447 5171 1797 5239 imperatoris

205 5261 399 5316 adhuc
435 5259 823 5328 parvulorum;
854 5270 908 5315 et
939 5271 1229 5330 propterea
1266 5263 1429 5330 hujus
1462 5263 1798 5334 ὑπηρέτημα

206 5355 444 5411 nullum-
479 5353 763 5409 exstitisse
805 5369 935 5425 erga
987 5354 1401 5424 imperatorem,
1452 5372 1515 5410 ac
1556 5375 1622 5412 ne
1676 5359 1799 5412 fun-

204 5446 460 5501 ctionem
528 5443 746 5513 quidem
807 5445 1176 5498 immediatam
1234 5447 1398 5498 ullam
1455 5462 1583 5518 erga
1644 5449 1794 5518 ipsos

206 5538 505 5608 parvulos.
540 5537 686 5607 quod
726 5553 928 5592 munus
987 5539 1110 5607 ejus
1144 5551 1291 5594 esset
1356 5540 1632 5605 imperare
1691 5559 1794 5595 uu-

207 5632 454 5686 tricibus
485 5637 539 5683 et
575 5630 800 5699 gerulis,
839 5630 932 5699 qui
965 5629 1047 5684 eis
1080 5631 1580 5686 atltiitti-Clll'alttiis
1617 5644 1791 5688 erant.

210 5725 326 5780 Nec
359 5741 498 5778 vana
541 5722 776 5777 forsitan
811 5722 1130 5792 conjectura
1185 5723 1544 5780 fuerit-hunc
1581 5728 1797 5780 Andro-

209 5821 402 5875 nicum
434 5819 774 5880 etmuchum,
809 5816 955 5887 quod
988 5818 1303 5872 Andronico
1350 5835 1496 5872 nunc
1541 5821 1790 5889 Augusto

208 5923 340 5970 ante
395 5917 568 5984 patris
623 5913 914 5984 imperium
973 5922 1100 5969 nato
1127 5954 1140 5979 ,
1175 5913 1460 5970 educando
1495 5918 1793 5974 servilibus

1906 3323 1953 3367 et
1986 3313 2223 3368 invidum
2256 3314 2549 3370 dwmonem
2599 3315 2997 3386 interpretatus
3041 3333 3161 3371 sum
3211 3320 3314 3370 hoc
3357 3319 3480 3372 loco

1906 3405 2156 3476 Τελχῖνα.

1981 3500 2163 3568 Τόμος
2203 3503 2304 3554 καὶ
2348 3501 2769 3571 τομογραφεῖν,
2799 3517 2852 3572 p.
2884 3503 3011 3558 280.
3064 3504 3189 3573 Agit
3235 3503 3302 3558 de
3344 3505 3483 3560 Ger-

1907 3603 2090 3655 mano,
2139 3605 2301 3660 quem
2332 3591 2436 3645 sub
2467 3592 2626 3646 finem
2663 3595 3028 3662 praecedentis
3061 3597 3278 3665 '_capitis
3330 3597 3482 3655 dixe-

1909 3691 1992 3736 rat
2047 3683 2278 3737 eleclum
2328 3683 2505 3739 fuisse
2559 3687 2612 3739 in
2681 3686 3050 3755 patriarcham
3109 3690 3502 3745 concordibus-

1909 3775 2292 3845 plerorutnque
2343 3779 2652 3831 antistitum
2693 3779 2997 3850 sulfragiis.
3032 3781 3237 3851 quibus
3291 3791 3344 3836 et
3375 3783 3491 3842 im:

1909 3868 2178 3937 peratoris
2216 3869 2462 3924 calculus
2495 3873 2734 3928 accessit
2766 3875 3184 3942 comprobantis
3210 3874 3497 3942 judicium

1905 3960 2140 4029 synodi:
2175 3961 2330 4029 Παρὰ
2372 3963 2481 4015 τῶν
2535 3965 2739 4016 λοιπῶν
2785 3965 3002 4035 ἠξιοῦτο
3036 3967 3135 4037 τὴν
3174 3968 3273 4038 τῆς
3325 3963 3511 4020 Κων-’

1908 4053 2407 4117 σταντινουπόῦιέως
2453 4057 2793 4123 προστασίαν
2831 4056 3221 4121 ἀναδέξασθαι,
3267 4060 3364 4110 σὺν
3399 4055 3512 4122 οἷς-ί,

1905 4145 1998 4195 καὶ
2037 4146 2063 4195 ὁ
2102 4143 2360 4213 βασιλεὺς
2396 4149 2495 4216 τὴν
2524 4149 2704 4218 ψῆφον
2752 4150 3177 4219 ὁποδεξάμενος.
3214 4149 3372 4225 Tunc
3405 4154 3496 4204 vi-

1905 4241 2069 4290 detur
2103 4237 2389 4292 electionis
2416 4238 2673 4293 Germani
2714 4244 2994 4300 decretum
3031 4245 3148 4298 rite.
3181 4245 3493 4313 perlatum,

1904 4331 2049 4398 quod
2099 4332 2268 4401 τόμος
2320 4333 2407 4386 hic
2462 4334 2668 4388 dicitur
2727 4337 3097 4392 usitatissima
3158 4338 3280 4406 ejus
3327 4340 3480 4394 vocis

1903 4419 2129 4474 notione
2167 4421 2220 4474 in
2267 4423 2487 4491 scriptis
2536 4423 2848 4479 Grzecorum
2905 4427 3106 4481 citima:
3166 4433 3479 4488 vetustatis.

1903 4513 2206 4580 pnesertim
2243 4514 2312 4569 de
2357 4517 2519 4571 rebus
2557 4518 2950 4574 ecclesiasticis
2980 4520 3282 4588 agentium.
3310 4521 3486 4576 Cane—

1908 4623 2026 4661 rum
2069 4606 2346 4662 difﬁcilem
2405 4611 2470 4664 ad
2525 4613 2938 4666 assentiendum
2979 4615 3236 4669 «lectioni
3290 4618 3373 4670 sui
3424 4634 3485 4671 se

1907 4701 2186 4770 praebente
2235 4700 2510 4758 Germano
2545 4719 2630 4759 res
2667 4707 2958 4774 pendebat,
3007 4709 3188 4776 quoad
3222 4723 3485 4769 exoratus

1905 4793 1951 4846 is
1982 4792 2198 4848 tandem
2230 4794 2297 4847 ab
2338 4794 2672 4863 imperatore
2703 4807 2757 4852 et
2792 4799 3019 4866 reliquis
3045 4802 3239 4854 amicis
3265 4803 3480 4856 annuit.

1902 4885 1970 4938 Et
2009 4896 2137 4939 tunc
2158 4886 2226 4940 ad
2259 4887 2716 4958 promulgandum
2749 4890 3032 4944 decretum
3075 4893 3228 4961 prius
3265 4893 3473 4974 factum

1902 4989 2275 5049 congregatus
2318 4990 2405 5034 est
2448 4991 2628 5037 cretus
2663 4983 2754 5052 qui
2811 4998 2943 5040 voce
2992 4987 3172 5038 κοινόν
3220 4987 3324 5040 hoc
3359 4989 3482 5040 loco

1901 5071 2280 5141 signiﬁcatur,
2357 5083 2408 5127 nt
2487 5074 2742 5144 superius
2817 5077 3188 5133 ostendimus.
3231 5078 3480 5133 ‘Distnli-

1903 5180 2136 5234 musque
2183 5165 2285 5221 huc
2333 5167 2683 5222 statuendum
2732 5169 2863 5238 quid
2924 5169 3012 5224 hic
3047 5170 3267 5226 dicatur
3302 5172 3482 5224 κοινὸν

1900 5258 2007 5311 ὑπὸ
2050 5260 2486 5334 ’νόμῳ-γεγονὸς,
2536 5261 2706 5336 616
2743 5272 2905 5316 coetus
2949 5264 3048 5317 sub
3097 5275 3237 5321 tomo
3277 5267 3479 5332 factus.

1903 5353 2137 5411 Videtur
2177 5353 2472 5424 signiﬁcari
2511 5364 2716 5408 crtum
2755 5355 2899 5410 hunc
2943 5357 2993 5410 vi
3023 5357 3176 5426 prius
3205 5360 3314 5427 jatn
3349 5373 3476 5427 per-

1899 5448 1992 5502 lati
2031 5448 2098 5503 de
2137 5446 2409 5502 electione
2441 5445 2696 5501 Germani
2731 5447 2936 5502 decreti
2973 5457 3250 5511 coal-tum,
3287 5460 3478 5504 nonut

1899 5543 1964 5594 de
2005 5557 2066 5595 ea
2097 5541 2445 5605 deliberaret,
2487 5539 2580 5594 sed
2616 5549 2673 5592 ut
2704 5556 2815 5594 rem
2847 5548 3108 5596 statutam
3150 5558 3481 5608 cx-equere-

1899 5646 1986 5688 tnr
2037 5642 2090 5686 et
2125 5647 2324 5685 novum
2389 5632 2756 5699 patriarcham
2786 5632 2942 5701 quasi
2981 5632 3031 5684 in
3070 5633 3494 5700 posses-iunctu-

1897 5729 2042 5781 Sedis
2074 5727 2335 5779 mitteret.
2368 5721 2704 5792 Snspicabar
2735 5725 2898 5777 etiam
2929 5739 2990 5778 ex
3027 5725 3172 5778 facto
3208 5723 3474 5792 quatiam-

1897 5831 2056 5876 tenus
2101 5819 2287 5880 simili,
2336 5817 2481 5887 quod
2529 5834 2651 5873 mox
2717 5822 2972 5881 referam,
3029 5817 3220 5874 Patres
3275 5817 3370 5886 qui
3424 5818 3479 5871 in

1898 5917 2045 5971 hunc
2109 5921 2308 5969 co'tum
2381 5923 2756 5970 convenerunt
2833 5911 3137 5980 exemplum
3208 5912 3475 5982 scriptum
