3992 6536
551 350 690 417 1οτ9

1502 332 1566 415 P'.
1614 354 1917 416 Possm
1955 358 2616 428 ocsnnvarmnuu
2660 368 2805 431 L113.
2853 369 2903 430 1.

3657 366 3773 432 1080

553 472 757 525 decreti
804 484 833 522 a
888 483 947 524 se
993 469 1142 539 prius
1177 470 1307 525 editi
1344 486 1506 523 manu
1540 489 1817 543 quemque
1857 476 2125 529 tenuisse.
2163 480 2204 537 Α
2237 482 2289 536 in
2341 498 2502 538 suum
2551 487 2730 542 locum
2782 487 3091 547 introsum;
3148 484 3309 552 cujus
3353 499 3548 539 nomen
3587 487 3773 542 videtur

552 564 644 620 Sic
679 566 827 620 enim
858 572 1041 621 actum
1079 565 1294 620 videtur
1339 565 1393 620 in
1446 567 1553 621 alio
1585 569 1963 623 ecclesiastico
1994 585 2127 623 con-

548 668 738 723 ventu,
779 661 938 730 cujus
982 670 1069 715 cst
1129 659 1334 715 mentio
1381 661 1435 714 in
1478 658 1595 717 Vita
1638 659 1836 717 Leonis
1900 679 2049 732 ρηιιειε
2084 664 2125 728 l,

488 736 493 769 ἶ
549 758 781 811 recitata
821 764 951 810 tom.
989 753 1082 809 Vll
1132 754 1341 810 Cancit.
1400 755 1488 809 ed.
1536 755 1671 826 Reg.
1716 772 1771 826 p.
1824 755 1915 811 50.
1953 755 2126 811 Verba

551 850 668 904 haec
699 857 865 903 sunt:
902 847 1222 918 Congrrgati
1272 857 1394 901 sunt
1436 847 1543 902 256
1580 850 1881 904 sacerdotes
1929 858 1978 904 et
2029 849 2128 904 alii

548 941 652 999 406
691 924 945 1011 episcopi,
989 958 1216 1012 quorum
1275 941 1657 1012 chirographus
1708 946 1963 998 cucurrit.
2018 941 2125 1011 Qui

545 1036 852 1107 congregati
884 1044 1007 1089 sunt
1039 1050 1146 1087 una
1178 1049 1305 1088 cum
1339 1043 1511 1097 tonio.
1539 1034 1636 1089 hac
1658 1046 1733 1089 est
1763 1035 1870 1105 ﬁde
1906 1050 2126 1099 aposto-

548 1129 669 1182 licw
705 1127 986 1182 Ecclesia.
1031 1125 1196 1182 Vides
1247 1127 1335 1181 hic
1370 1127 1653 1183 decretum
1708 1138 1870 1184 antea
1916 1128 1984 1184 de
2021 1130 2126 1187 ﬁde

546 1223 866 1293 apostolicae
894 1221 1178 1283 Ecclesiae.
1228 1220 1334 1278 hoc
1383 1228 1467 1276 est
1519 1221 1779 1293 dogmate
1825 1223 2122 1287 catholico,

547 1315 824 1384 perlatum
857 1324 1066 1369 tomum
1095 1316 1305 1382 vocari,
1332 1322 1388 1369 et
1433 1316 1579 1370 hunc
1605 1324 1814 1371 tomum
1850 1331 2126 1389 quemque

547 1419 1013 1478 cortgregatorum
1080 1426 1270 1464 secum
1335 1410 1632 1477 habuisse;
1704 1408 1851 1466 unde
1908 1417 1964 1465 et
2021 1410 2125 1465 hoc

543 1503 724 1557 κοινὸν
765 1503 869 1558 ὑπὸ
907 1503 1059 1574 τόμῳ
1105 1503 1331 1572 γεγονός
1371 1504 1481 1558 dici
1530 1502 1792 1573 potuerit.
1849 1502 1927 1558 Ac
1974 1500 2123 1574 quod

546 1598 690 1652 hanc
722 1598 891 1669 τόμου
939 1599 1218 1653 notionem
1250 1597 1473 1662 attinet,
1507 1600 1651 1654 actio
1683 1598 1799 1669 ipsa
1840 1596 2121 1653 decretum

544 1687 820 1741 condendi
852 1687 978 1742 alibi
1021 1703 1050 1741 a
1101 1696 1293 1743 nostro
1330 1688 1503 1743 verbo
1532 1689 1909 1760 τομογραφεῖν
1934 1687 2125 1759 expri-

542 1778 735 1833 mitur.
775 1774 983 1849 Nempe
1031 1778 1070 1834 1.
1114 1794 1189 1845 tv,
1223 1793 1276 1835 c.
1309 1779 1400 1844 29,
1441 1780 1532 1835 ubi
1576 1780 1760 1852 agitur
1794 1780 1863 1837 de
1893 1795 2125 1837 corona-

544 1872 695 1927 tione
738 1871 1066 1939 Andronici,
1113 1875 1528 1946 ὲτομογράφουν
1559 1875 1641 1942 δὲ,
1694 1877 1895 1946 inquit,
1944 1875 2041 1930 xei.
2074 1876 2123 1931 oi

543 1964 827 2033 ἀρχιερεῖς
871 1962 965 2016 ὑπ’
1011 1964 1327 2035 ἀφορισμδν
1380 1965 1685 2033 ποιοῦντες,
1731 1975 1840 2023 etc.
1891 1967 2125 2023 Decreto

539 2053 802 2109 videlicet
832 2054 1087 2126 synodali
1123 2056 1230 2112 rite
1256 2057 1502 2120 condito,
1531 2058 1811 2116 antistites
1848 2060 1951 2115 sub
1990 2075 2125 2114 ana-

446 2156 451 2161 ·
543 2147 811 2203 thematis
855 2148 1317 2206 interminatione
1360 2162 1666 2207 sanxerunt
1701 2160 1876 2206 ratam
1922 2168 1951 2206 a
1989 2168 2124 2207 cun-

504 5134 515 5245 l

540 2240 648 2295 etis
694 2241 1098 2312 agnoscendam
1157 2241 1575 2315 habendamque
1623 2245 1964 2300 evectionem
2012 2245 2126 2299 An-

543 2334 761 2389 dronici
815 2334 869 2388 in
929 2336 1243 2403 imperium,
1300 2350 1634 2408 procurante
1672 2339 1722 2392 id
1764 2339 1975 2394 scilicet
2012 2340 2124 2393 Au-

543 2440 708 2499 gusto
742 2429 863 2498 eius
899 2439 1078 2500 patre,
1104 2433 1311 2500 quippe
1368 2432 1779 2489 studiosissime
1826 2444 2018 2503 agente
2062 2440 2123 2488 ut

539 2538 706 2594 quam
744 2524 983 2579 maxime
1029 2524 1186 2578 ﬁrma
1212 2534 1267 2579 et
1305 2525 1681 2581 irrevocabilis
1712 2525 1815 2580 ista
1852 2528 1972 2596 ejus
2022 2526 2124 2582 ﬁlii

540 2628 691 2674 esset
722 2619 1018 2688 promotio.

619 2713 1070 2783 Τρικοκκιῶτιιι,
1125 2731 1176 2781 p.
1209 2712 1337 2767 201.
1389 2712 1577 2767 Ταῦτα
1621 2713 1747 2784 περὶ
1798 2714 1926 2776 τοὺς
1989 2712 2123 2784 Τρι-

543 2808 877 2872 κοκκιὼτσις.
928 2808 1023 2864 Sic
1076 2808 1432 2865 concorditer
1479 2817 1592 2865 tres
1626 2807 2124 2865 codices.Videtnr

541 2901 732 2973 populi
780 2917 982 2958 nomen
1028 2918 1057 2956 a
1105 2905 1228 2957 loco
1282 2903 1537 2964 ductum.
1585 2902 1679 2973 qui
1709 2901 2007 2973 τρικοκκον
2036 2903 2125 2959 vel

541 2994 859 3065 τρικόκκιον
932 2993 1235 3051 diceretur.
1312 2995 1510 3064 Reperi
1576 2994 1718 3065 apud
1779 2995 2124 3064 geographos

542 3084 895 3152 Strabonem,
922 3085 1299 3151 Ptolemaeum,
1332 3088 1493 3153 alios,
1522 3086 1806 3160 τρικύριον
1828 3088 2123 3159 θιτρικόρο

2235 577 2501 642 alludere,
2539 579 2667 635 dum
2702 582 3051 652 φατριάρχην
3092 581 3248 649 quasi
3292 579 3667 650 φρατριάρχην
3689 600 3772 635 vo-

2234 678 2345 725 cat.
2379 670 2578 725 Notnm
2609 673 2753 727 enim
2780 672 3262 742 Constantinopoli
3298 680 3419 726 erat
3446 673 3573 742 quid
3606 672 3769 731 Latina

2232 778 2335 817 vox
2364 765 2534 836 frater
2563 781 2823 835 germano
2849 780 3152 838 synOuyma
3181 772 3430 829 sonaret,
3457 782 3579 819 eum
3613 780 3770 823 essent

2233 858 2286 914 in
2325 875 2386 916 ea
2412 861 2546 916 urbe
2576 858 2751 915 Latini
2778 868 2886 914 tam
2921 860 3099 925 multi,
3122 860 3426 931 praesertim
3460 876 3581 913 cum
3608 862 3768 928 simul,

2232 961 2293 1007 ut
2331 968 2458 1007 mox
2489 952 2744 1009 admonet
2774 953 3099 1017 historicus,
3131 968 3454 1023 germanam
3502 951 3768 1021 imperato-

2230 1046 2310 1101 ris
2347 1045 2627 1117 Eulogiam
2669 1047 2891 1118 oblique
2939 1046 3354 1116 perstringeret.
3418 1044 3580 1100 Forte
3626 1048 3764 1100 etiam

2231 1140 2576 1212 φατριάρχης
2632 1139 2848 1196 infense
2906 1142 3114 1195 dictum
3170 1153 3269 1209 pro
3319 1138 3681 1208 πατριάρχης,
3723 1149 3769 1194 ut

2230 1234 2299 1289 ad
2349 1235 2587 1306 Philipp.
2629 1250 2690 1301 tr,
2739 1236 2772 1291 5
2810 1237 3095 1308 κατατομή
3130 1251 3230 1304 pro
3262 1234 3562 1305 περιτομὴ.
3608 1252 3643 1303 φ
3670 1243 3716 1288 et
3743 1253 3769 1289 κ

2231 1329 2419 1385 nescio
2484 1328 2957 1399 quid'adacpquov
3015 1329 3367 1386 trahentibus
3427 1343 3495 1382 ex
3559 1328 3762 1398 quadam

2229 1420 2389 1492 quasi
2429 1419 2757 1489 contagione
2783 1419 2988 1488 φαύλου
3012 1431 3066 1473 et
3097 1417 3294 1472 κακοῦ.

2299 1512 2498 1584 Φήμη,
2542 1528 2596 1581 p.
2644 1511 2768 1568 H5.
2826 1510 3164 1581 ’Δφικνεῖται
3193 1552 3251 1571 ..
3286 1551 3300 1567 .
3349 1509 3512 1582 φήμη
3563 1527 3621 1577 γε
3663 1508 3771 1564 οὖσα

2229 1604 2325 1659 καὶ
2377 1603 2497 1668 θεὸς
2541 1605 2576 1677 ἡ
2620 1605 2802 1676 φήμη.
2840 1603 2920 1660 Ita
2971 1614 3162 1659 noster
3194 1602 3491 1658 recondite
3524 1616 3619 1657 suo
3649 1614 3770 1654 more

2228 1699 2283 1754 in
2332 1697 2495 1756 codd.
2530 1697 2572 1752 Β
2615 1706 2669 1754 et
2710 1699 2779 1762 Α,
2827 1714 2947 1767 qum
2976 1695 3023 1753 Υ
3052 1712 3158 1755 suo
3208 1696 3337 1752 item
3396 1708 3550 1750 more
3596 1693 3769 1750 omisit.

2231 1791 2369 1846 Puto
2397 1790 2792 1863 Paeltymerem
2823 1789 2912 1847 hic
2958 1790 3017 1846 in
3048 1797 3233 1846 mente
3274 1788 3541 1844 habuisse
3580 1788 3769 1842 abstru-

2230 1883 2432 1940 siorem
2484 1883 2777 1953 quamdam
2841 1884 3124 1938 notionem
3175 1881 3431 1938 vocabuli
3486 1879 3636 1950 φήμη
3689 1880 3767 1949 (Ι),

2228 1994 2351 2050 quae
2396 1993 2519 2034 cum
2550 1978 2712 2049 vulgo
2745 1976 3025 2048 signiﬁcet
3079 1976 3341 2033 indicium
3392 1975 3473 2031 rei
3506 1983 3662 2043 gestae
3688 1974 3769 2027 hu-

2230 2083 2393 2124 mano
2438 2068 2762 2124 testimonio
2798 2068 2851 2124 in
2895 2069 3147 2124 notitiam
3178 2068 3497 2124 absentium
3529 2081 3767 2137 sparsum.

2228 2160 2526 2229 aliquando
2561 2161 2782 2231 proprie
2810 2161 3065 2231 designat
3102 2161 3356 2216 nuntium
3404 2175 3512 2215 non
3551 2157 3767 2213 Immani-

2230 2268 2318 2312 tus
2338 2256 2562 2310 allatum
2592 2252 2670 2308 rei
2698 2268 2907 2322 magna:
2940 2252 3257 2321 longinquis
3286 2251 3339 2306 in
3380 2252 3523 2306 locis
3550 2260 3693 2311 acta).
3724 2256 3770 2303 et

2228 2349 2413 2403 statim
2463 2347 2537 2401 ibi
2589 2344 2823 2414 cognitae
2872 2360 2982 2414 quo
3025 2343 3172 2397 nulla
3205 2342 3466 2399 celeritas
3513 2356 3763 2397 cursorum

2230 2448 2342 2494 tam
2393 2438 2595 2508 exiguo
2650 2438 2830 2506 spatio
2884 2438 3173 2507 pervenire
3230 2435 3497 2507 potuerit.
3545 2433 3764 2500 Exempla

2228 2544 2443 2591 veteres
2481 2533 2734 2589 historici
2772 2532 2942 2587 multa
2979 2530 3248 2586 referunt.
3283 2528 3426 2583 Vide
3454 2527 3653 2583 Livium
3683 2525 3768 2580 iui-

2229 2630 2303 2686 tio
2352 2630 2389 2683 l.
2442 2643 2570 2692 xcv,
2626 2637 2680 2682 et
2720 2626 3078 2681 Plutarchum
3126 2625 3181 2681 in
3218 2622 3453 2680 Emilio
3491 2619 3669 2685 Paulo,
3698 2618 3770 2673 ubi

2227 2730 2427 2792 praeter
2472 2729 2727 2777 eventum
2772 2719 3082 2774 mirabilem
3127 2715 3328 2786 vulgati
3380 2714 3570 2769 Bonna
3606 2712 3767 2782 praelii,

2228 2830 2340 2883 quo
2371 2814 2425 2871 in
2463 2811 2781 2867 Macedonia
2814 2811 3113 2881 quatriduo
3152 2819 3279 2864 ante
3321 2808 3652 2865 debellatum
3676 2804 3769 2858 luc-

2229 2914 2317 2957 rat
2353 2919 2479 2957 cum
2517 2901 2717 2958 Perseo
2770 2918 2914 2968 rege,
2966 2915 3202 2970 quatuor
3232 2900 3333 2954 alia
3371 2898 3618 2969 exempla
3644 2912 3769 2951 com-

2231 3006 2500 3052 memorat
2539 2997 2800 3050 similium
2841 3011 3092 3057 casuum,
3130 3004 3178 3053 et
3214 2994 3267 3047 in
3298 2993 3386 3047 his
3422 3008 3610 3053 unum,
3639 2991 3769 3055 cuius

2230 3092 2348 3161 ipse
2389 3090 2724 3146 Plutarchus
2765 3089 2923 3143 testis
2956 3089 3080 3149 fuit,
3112 3096 3273 3142 aetate
3316 3102 3442 3148 sna,
3473 3097 3527 3141 ut
3558 3086 3645 3148 ait,
3671 3099 3767 3139 om-

540 3194 694 3235 vtov:
723 3177 818 3233 sed
854 3190 1126 3246 nusquam
1157 3176 1288 3231 alibi
1322 3174 1616 3246 τρίκοκκον
1663 3182 1758 3229 aut
1789 3176 2122 3245 τρικόκκιον.

2232 3183 2396 3238 nibus
2456 3179 2757 3255 perspecti,
2816 3179 2884 3233 de
2936 3178 3149 3249 perlata
3199 3176 3435 3231 Romam
3481 3175 3658 3231 eadem
3699 3171 3768 3225 die

539 3268 748 3326 Verum
792 3284 862 3324 ne
897 3267 1198 3339 quidquam
1250 3272 1593 3335 lmmutetur,
1635 3283 1942 3326 consensus
1975 3269 2127 3325 codi-

541 3378 667 3419 cum
700 3362 975 3433 prohibet.

626 3446 1042 3528 ’Υποψῖήφιοα
1073 3471 1130 3526 p.
1171 3456 1301 3512 458.
1334 3454 1449 3511 lloc
1481 3457 1604 3512 loco
1628 3456 1939 3528 ὑποψήφιος
1963 3471 2127 3512 voea-

546 3556 662 3614 tur,
714 3548 810 3617 qui
858 3546 1010 3617 justa
1060 3545 1128 3600 ad
1180 3546 1501 3616 dignitatem
1553 3549 1793 3620 aliquam
1835 3548 2124 3607 electivam

544 3639 807 3712 suﬁ'ragia
832 3641 1131 3695 electorum
1162 3640 1309 3706 tulit,
1344 3641 1587 3695 nondum
1620 3649 1805 3696 tamen
1840 3641 2124 3696 decretum

543 3734 837 3791 electionis
866 3733 970 3790 rite
1000 3732 1268 3803 perlatum
1290 3742 1396 3788 est.
1437 3731 1591 3788 Unde
1622 3735 1724 3789 iste
1756 3732 2125 3799 Theodosius,

543 3829 625 3904 [p.
661 3828 790 3901 £27]
832 3828 886 3883 in
952 3844 1116 3898 quem
1157 3826 1589 3898 praeponendum
1643 3829 1842 3881 throno
1888 3828 2125 3897 patriar-

543 3921 1060 3992 chaliTheopoleos
1093 3906 1211 3977 sive
1237 3919 1548 3975 Antiochia:
1584 3920 1863 3990 pleraeque
1895 3922 2123 3978 Patrum

544 4015 832 4074 sententiae
876 4015 1372 4084 conspiraverant,
1415 4025 1535 4068 erat
1566 4015 1778 4069 elecrus
1822 4023 2035 4070 tantum
2074 4024 2128 4069 et

543 4112 704 4181 quasi
756 4110 1079 4180 designatus
1135 4108 1476 4177 patriarcha,
1531 4108 1771 4162 nomium
1839 4119 2019 4164 tamen
2071 4110 2126 4164 in

542 4202 957 4284 possessionem
1008 4200 1213 4255 missus
1256 4207 1310 4253 et
1354 4199 1767 4271 ἀνακηρυχθεὶς
1810 4201 1916 4256 ὑπὸ
1962 4202 2143 4273 κοινῷι

541 4298 721 4366 τόμῳ.
754 4303 814 4350 ut
842 4294 879 4350 Ι.
907 4308 981 4356 tv,
1013 4307 1066 4347 c.
1097 4292 1187 4357 15,
1225 4290 1294 4346 de
1335 4288 1612 4346 Germano
1645 4292 1701 4347 in
1733 4292 2126 4349 Constantino-

543 4388 854 4459 politanutn
897 4384 1269 4455 patriarcham
1310 4382 1464 4449 prius
1504 4382 1679 4438 electo
1710 4384 1994 4449 scribitur,
2025 4384 2130 4441 hoc

542 4492 630 4536 est
661 4480 843 4551 palam
884 4476 1199 4532 declaratus
1233 4475 1575 4545 patriarcha,
1608 4477 1819 4546 perlato
1856 4485 1911 4532 et
1942 4476 2125 4543 legiti-

544 4575 654 4629 mis
688 4570 943 4627 formulis
990 4569 1099 4625 rite
1136 4569 1355 4625 sancito
1384 4570 1665 4625 communi
1695 4570 1872 4626 totius
1900 4572 2121 4625 concilii

543 4670 613 4723 de
663 4666 767 4721 ista
829 4664 1098 4719 electione
1149 4663 1391 4727 decreto,
1441 4663 1589 4734 quod
1636 4662 1803 4735 τόμου
1854 4666 2122 4722 vocabulo

542 4758 908 4830 signiﬁcatur.
1290 4736 1300 4749 ’

616 4849 941 4907 drchmam.
979 4864 1034 4917 p.
1066 4847 1192 4904 511.
1228 4846 1370 4914 Quid
1403 4847 1712 4913 φακέλλους
1745 4846 1835 4902 hic
1865 4856 2120 4918 putemus

543 4941 692 4995 aliud
719 4953 881 5006 quant
915 4938 1163 4993 Latinam
1194 4953 1380 4994 vocem
1413 4937 1796 4991 diminutivum
1829 4953 1892 4993 ex
1932 4940 2118 5009 fascis,

540 5034 702 5104 quasi
743 5032 997 5101 l'uscelles
1049 5032 1225 5098 dicas,
1272 5031 1417 5098 quod
1463 5030 1812 5099 frequentius
1856 5034 2121 5087 scribitur

543 5126 876 5197 fasciculos?
911 5124 1198 5196 Synesius,
1241 5123 1414 5193 Epist.
1449 5124 1552 5178 t5?)
1578 5142 1591 5180 :
1620 5122 1833 5176 "Amet
1866 5125 2125 5195 γέγραφα

540 5218 812 5286 φάκελ).ον
856 5216 1164 5270 ἐπιστολῶν
1193 5215 1437 5279 Διογένει
1469 5212 1615 5277 δούς,
1658 5212 1771 5267 Hoc
1804 5214 1969 5291 617
1994 5226 2078 5269 est
2107 5234 2122 5273 :

544 5309 806 5367 Omnibus
868 5310 1098 5376 scripsi,
1161 5306 1481 5376 fasciculum
1553 5307 1859 5361 litterarum
1904 5304 2125 5377 Diogeni

540 5406 944 5460 commendans.

611 5495 1025 5571 Φατριὰρχηςε
1052 5510 1108 5566 p.
1146 5493 1266 5549 287.
1314 5492 1492 5548 Verba
1525 5499 1651 5546 sunt
1703 5489 1919 5546 Arsenii
1957 5491 2120 5562 eiecti

540 5589 921 5664 patriarchatu
954 5597 1009 5645 et
1042 5591 1095 5643 in
1129 5586 1368 5643 insulam
1402 5586 1698 5655 deportati.
1732 5584 1792 5637 In
1836 5584 1923 5637 his
1954 5601 2121 5639 voca-

538 5683 669 5739 nulo
697 5682 1045 5754 φατριάρχης
1077 5680 1437 5740 scommatice
1479 5677 1737 5748 designat
1784 5676 2119 5733 Germanum

2229 3291 2339 3350 qua
2386 3279 2439 3332 in
2487 3275 2781 3332 Germania
2821 3273 3072 3343 contigit,
3106 3272 3254 3329 cmde
3301 3270 3559 3357 Antonii,
3587 3277 3635 3320 et
3674 3265 3769 3334 ejus

2229 3370 2505 3426 exercitus
2536 3367 2692 3425 clade
2723 3368 2815 3436 qui
2845 3377 3038 3421 contra
3074 3364 3450 3419 Domitianum
3497 3362 3766 3417 rebellant.

2231 3463 2409 3519 Simili
2443 3469 2624 3516 autem
2672 3460 2887 3515 ratione
2914 3458 3133 3513 videtur
3187 3458 3440 3512 indicare
3471 3466 3645 3509 noster
3670 3466 3769 3522 per-

2230 3555 2446 3611 venisse
2495 3554 2560 3608 ad
2618 3553 2846 3607 Latinos
2902 3551 3277 3622 Daphnusiam
3313 3549 3681 3619 oppugnantes
3709 3543 3769 3595 fa-

2231 3664 2375 3705 mam
2407 3657 2582 3719 captae
2619 3662 2646 3701 a
2684 3645 2892 3701 Graecis
2918 3644 3467 3714 Constantinopolis.
3494 3657 3645 3711 quam
3668 3653 3768 3710 pro-

2229 3750 2416 3813 pterea
2447 3740 2648 3810 {amant
2683 3740 2921 3795 divinam
2954 3747 3133 3797 vocat,
3163 3739 3258 3791 καὶ
3285 3736 3407 3799 Θεὸς
3430 3738 3466 3802 ἡ
3505 3737 3670 3805 φήμη.
3698 3729 3769 3783 Si-

2231 3832 2457 3905 gniﬁcat
2487 3833 2653 3888 etiam
2688 3846 2809 3885 eam
2854 3846 2978 3885 esse
3006 3844 3188 3885 veram
3225 3838 3279 3882 et
3317 3831 3591 3898 propriam
3624 3824 3769 3880 nomi-

2231 3926 2320 3980 nis
2355 3926 2516 3995 φήμη
2558 3925 2859 3985 notionem,
2920 3920 3239 3983 Hornerum,
3283 3920 3509 3988 Opinor,
3555 3924 3766 3975 secutus,

2230 4017 2373 4087 apud
2421 4033 2609 4087 quem,
2668 4024 2728 4069 ut
2784 4013 3108 4069 Eustathius
3161 4012 3448 4075 admonet,
3508 4012 3652 4079 φήμη
3700 4014 3769 4059 est

2235 4109 2472 4184 μαντικὴ
2538 4105 2773 4176 κληδὼν,
2854 4107 3135 4160 τουτέστιν
3205 4106 3233 4158 ὁ
3306 4102 3592 4173 μέλλοντός
3650 4114 3768 4158 τινος

2228 4203 2529 4276 δηλωτικδς
2574 4201 2755 4271 λόγης,
2815 4201 2875 4264 ἐξ
2922 4199 3235 4269 αὐτομάτου
3286 4197 3576 4267 λεγόμενος
3612 4212 3624 4248 :
3659 4195 3768 4246 Pro-

2230 4296 2497 4367 phetitum
2523 4309 2697 4356 omen,
2730 4293 2829 4344 hoc
2860 4288 2937 4345 ea
2987 4290 3062 4343 rei
3088 4288 3287 4358 futura:
3315 4287 3609 4357 cujuspiam
3638 4282 3767 4335 inde:

2231 4388 2446 4444 verbum
2479 4395 2662 4454 sponte
2691 4382 2986 4452 prolatum.
3017 4382 3156 4449 Quia
3192 4394 3323 4433 vero
3355 4379 3419 4432 ad
3461 4373 3764 4448 prophetiam

2232 4483 2396 4539 etiam
2426 4479 2663 4552 pertinet
2693 4476 2889 4531 notitia
2917 4490 3100 4531 rerum
3139 4473 3452 4528 absentium
3496 4464 3768 4538 longinquis

2232 4591 2303 4632 ex
2356 4573 2491 4629 locis
2552 4585 2663 4627 non
2725 4571 2964 4625 humana
3023 4581 3191 4638 Opera
3261 4564 3466 4628 delata,
3514 4563 3634 4631 jure
3684 4572 3766 4614 suo

2235 4676 2424 4724 noster
2480 4664 2646 4719 etiam
2696 4661 2766 4717 ad
2822 4662 2925 4717 hoc
2976 4659 3326 4717 Hornericam
3360 4654 3608 4713 vocabuli
3647 4651 3767 4721 fama
3856 4700 3861 4703 _

2234 4763 2514 4815 notionem
2556 4754 2845 4810 transfert.

2303 4847 2541 4917 Φορητὴ
2579 4847 2761 4911 οἰκία,
2806 4862 2864 4917 p.
2904 4844 3030 4900 330.
3085 4841 3204 4899 Non
3255 4855 3670 4915 usquequaque.
3726 4832 3766 4887 υἱ

2234 4942 2417 5007 fallor.
2469 4940 2626 4997 obvia
2678 4939 2772 4995 hic
2817 4946 3117 5009 usurpatur
3168 4937 3326 4993 notio
3387 4939 3533 4991 vocis
3588 4926 3765 5001 φορητή

2236 5047 2337 5104 pro
2379 5048 2447 5086 eo
2490 5030 2662 5101 quod,
2696 5029 2864 5102 618
2907 5028 3158 5099 analogia
3207 5044 3237 5084 e
3274 5028 3504 5090 solutili,
3558 5024 3635 5098 [P.
3662 5017 3767 5091 £28]

2236 5125 2491 5182 classicis
2547 5125 2751 5180 usitata
2806 5138 2982 5185 voce,
3055 5123 3244 5186 ducta,
3328 5121 3559 5176 fortasse
3609 5116 3768 5172 Latine

2233 5219 2420 5276 dicere
2454 5233 2751 5285 possumus
2780 5215 3070 5286 portantis.
3094 5212 3208 5268 llac
3246 5230 3411 5285 porro
3444 5212 3771 5268 circumlocu-

2233 5313 2385 5367 tione
2417 5312 2500 5367 vel
2538 5310 2748 5376 σκηνάς
2791 5307 3136 5363 tabernacula
3171 5309 3471 5363 castrensia
3499 5304 3767 5375 exprimere

2230 5399 2597 5473 Pachymeres
2617 5396 2811 5467 voluit,
2844 5399 2953 5465 vel,
2979 5397 3125 5467 quod
3149 5401 3333 5454 verius
3364 5409 3517 5470 puto,
3553 5397 3767 5450 indicare

2229 5495 2424 5550 domos
2474 5510 2505 5550 e
2554 5494 2784 5550 materia
2838 5494 3087 5548 solutiles
3140 5492 3470 5562 proceribus
3517 5486 3764 5547 Romani!»

2231 5591 2504 5645 urbanum
2536 5589 2726 5644 luxum
2760 5590 2813 5643 in
2844 5588 3040 5642 militia
3071 5586 3252 5657 quand
3280 5595 3507 5656 possent
3533 5593 3768 5653 usurpare

2232 5683 2609 5745 studentibus.
2652 5690 2872 5753 paratas
2918 5696 2984 5738 co
3016 5678 3257 5736 artiﬁcio
3289 5688 3347 5735 ut
3385 5692 3562 5755 partes
3603 5685 3764 5732 earum

616 5863 692 5938 (Ι)
740 5862 943 5921 Habuit
968 5860 1302 5921 Hesiodeum
1342 5857 1477 5915 illud
1501 5856 1632 5922 Θεὸς
1678 5855 1739 5909 νύ
1763 5856 1844 5923 τῖς
1878 5861 1996 5914 ἑστι
2028 5859 2122 5913 καὶ
2145 5858 2304 5932 αὐτῇ.
