3992 6528
310 358 442 427 1081

304 595 505 634 rursus
561 581 838 651 compingi
897 591 1142 649 possent.
1218 582 1351 650 Ejus
1400 583 1618 648 generis
1667 582 1884 638 videtur

305 670 480 727 fuisse
525 673 771 735 οἰκίδιον,
807 673 968 742 cujus
1014 683 1100 729 est
1135 676 1342 730 mentio
1373 676 1538 738 infra,
1583 677 1619 730 1.
1653 694 1706 741 v,
1740 691 1791 731 c.
1827 678 1880 737 6,

302 781 418 835 quo
459 767 581 820 viso
631 767 865 820 refertur
900 768 1256 836 obstupuisse
1309 770 1478 823 cralis
1517 768 1722 822 Serbia
1757 769 1882 822 Ste-

302 857 526 928 phanus
575 857 802 913 Uresis:
847 859 1011 912 ’Δλλὰ
1045 860 1233 912 καὶτὸ
1270 861 1674 932 θεραπευτικὸν
1721 861 1780 913 τὸ
1827 861 1884 912 ὲν

303 952 536 1014 ἐκείνοις
605 951 816 1021 βλέπων
883 952 1116 1022 Οὖρέσις
1184 954 1278 1006 καὶ
1356 953 1700 1008 οἰκίδιον...
1752 953 1888 1005 ἐπα-

305 1044 581 1114 λαστήσας
649 1047 834 1112 φησὶν,
881 1046 949 1098 Ai
1005 1045 1086 1106 αἶ,
1138 1046 1191 1098 τε
1242 1043 1446 1109 ταῦτας
1500 1047 1594 1104 καὶ
1646 1046 1777 1114 ἡμῖν
1821 1044 1882 1096 οὐ

309 1136 543 1204 συνήθης
581 1135 722 1205 αὕτη
771 1138 802 1205 ἡ
847 1135 1050 1202 δίαιτα,
1105 1147 1207 1192 etc.
1276 1135 1408 1202 Quze
1461 1136 1702 1192 indicant
1757 1151 1882 1190 eum

305 1229 407 1284 ista
450 1231 634 1295 specie
688 1229 848 1299 quasi
895 1229 1051 1282 nimii
1100 1229 1262 1284 luxus
1317 1227 1612 1282 oﬂ'eusum.
1666 1226 1883 1291 Aliquid

303 1323 470 1377 etiam
500 1323 678 1377 simile
714 1322 884 1377 fuerit
916 1320 1154 1393 σκηνικὴ
1186 1321 1320 1387 νεὼς
1352 1324 1417 1376 ὲκ
1443 1321 1664 1374 πέπλων
1698 1321 1886 1374 στιϐα-

307 1413 420 1483 ρῶν
456 1415 717 1480 μετάξης,
754 1429 917 1485 quam
966 1414 1277 1470 monachus
1325 1415 1549 1468 nomine
1604 1413 1882 1484 princeps,

304 1507 585 1561 deductins
619 1509 682 1560 ad
717 1507 923 1560 Cbalat‘t
951 1507 1330 1561 Tocharorum
1369 1507 1668 1576 principem
1715 1525 1888 1578 spon-

304 1613 423 1650 sam
478 1596 641 1650 ﬁliam
701 1599 1050 1666 imperatoris
1092 1599 1199 1651 ὑπὸ
1254 1599 1520 1668 μεγάλαις
1562 1600 1888 1669 φαντασίαις

303 1690 401 1740 καὶ
429 1689 696 1757 ἀϐρὸτῂσι
735 1691 957 1762 σύναιμα
990 1692 1087 1744 καὶ
1123 1691 1340 1763 πλούτῳ
1386 1693 1739 1766 παντοδαπῷ.
1780 1694 1888 1746 cir-

302 1783 556 1838 cumtulit
597 1785 662 1835 ad
713 1785 1139 1839 ostentationem
1179 1785 1615 1857 magnificentia,
1644 1795 1703 1839 ut
1735 1787 1768 1838 Ι.
1801 1801 1882 1846 ιιι,

301 1890 356 1930 c.
396 1876 431 1930 5
465 1884 752 1930 narratur.

375 2020 644 2088 Φρέριοι,
686 2037 738 2090 p.
773 2019 898 2075 560.
947 2017 1057 2083 Οὓς
1102 2021 1364 2092 φρερίους
1405 2021 1560 2074 αὐτοὶ
1611 2020 1882 2086 λέγουσιν,

301 2112 591 2182 ἀδελφούς.
632 2113 943 2180 Heliglosos
977 2113 1260 2174 videlicet.
1295 2129 1438 2182 quos
1464 2115 1660 2183 fratres
1687 2130 1886 2167 vocare

296 2207 412 2276 iam
449 2217 562 2262 tum
592 2209 736 2278 apud
782 2209 948 2263 Italos
981 2209 1314 2262 invaluerat.
1346 2210 1491 2265 Galli
1520 2211 1635 2265 sive
1662 2209 1881 2273 Franci,

298 2314 368 2354 ex
413 2316 522 2370 qua
564 2310 725 2370 gente
768 2301 991 2368 plurimi
1036 2301 1526 2366 Constantinopoli
1581 2312 1637 2358 et
1675 2304 1878 2372 passim

299 2409 400 2462 per
452 2393 727 2448 Orientem
780 2395 1070 2463 degebant,
1120 2393 1320 2450 fratres
1365 2394 1554 2463 fréres,
1588 2404 1645 2448 ut
1695 2376 1880 2457 liodie,

299 2486 591 2550 dicebant;
636 2488 780 2540 unde
820 2485 991 2540 Graeci
1021 2501 1208 2541 vocem
1254 2489 1514 2557 φρερίους
1548 2487 1884 2544 formarunt.

298 2575 547 2645 Usurpat
576 2593 741 2645 porro
787 2587 973 2632 noster
1013 2578 1118 2632 hoc
1161 2581 1493 2634 vocabulum
1529 2590 1582 2633 et
1617 2582 1742 2634 alibi
1783 2598 1884 2635 sae-

297 2667 450 2737 pius.
485 2667 650 2719 Erant
680 2667 731 2720 hi
765 2668 1013 2736 plerique
1044 2683 1074 2721 e
1099 2669 1276 2724 sacris
1320 2669 1546 2724 familiis
1577 2669 1674 2724 SS.
1708 2669 1881 2722 Fran-

297 2759 432 2812 cisei
459 2766 510 2810 et
549 2758 854 2816 Dominici:
888 2775 1205 2829 quanquam
1235 2772 1290 2815 et
1318 2759 1635 2821 Meliteuses
1667 2763 1882 2831 equites

295 2850 444 2920 apud
485 2851 932 2905 (Iantacuzenuni
971 2851 1173 2910 frerios
1206 2851 1460 2906 videmus
1499 2851 1698 2906 dictos.

369 2989 622 3054 (bulam)
647 2988 891 3056 ἡμέρας,
939 3005 992 3058 p.
1025 2989 1153 3046 245.
1187 2987 1258 3043 Ut
1289 3005 1421 3053 nox,
1462 2991 1535 3043 ita
1568 2998 1621 3044 et
1659 2990 1776 3042 dies
1818 2991 1870 3042 iu

295 3084 587 3136 custodias
633 3095 876 3151 quatuor
921 3084 1292 3148 dividebatur,
1355 3084 1522 3138 trium
1577 3084 1884 3154 quamlibet

295 3174 584 3228 horarum.
647 3176 760 3229 Hoc
824 3185 1051 3230 secutus
1113 3175 1368 3246 φυλακήν
1419 3177 1523 3230 hoc
1577 3176 1700 3230 loco
1740 3178 1880 3230 verti
1913 3206 1954 3263 α

296 3272 611 3332 tri/torium,
654 3285 818 3338 quam
859 3284 1054 3324 vocem
1094 3268 1318 3322 memini
1378 3284 1464 3323 me
1509 3268 1691 3339 legere
1739 3270 1881 3339 apud

295 3371 583 3418 auctorem
617 3362 753 3419 satis
801 3363 1087 3432 antiquum
1122 3377 1223 3415 nec
1257 3361 1634 3430 indiligentem
1673 3362 1880 3416 Latini-

296 3458 432 3511 tatis
467 3457 770 3510 Ausonium
822 3456 872 3508 in
926 3454 1170 3509 Mosella.
1201 3453 1502 3509 Vaticanus
1546 3463 1672 3524 post
1717 3457 1882 3510 verba

293 3566 423 3619 qum
477 3549 748 3618 descripsi
807 3549 1080 3619 glossema
1116 3563 1279 3601 suum
1328 3545 1605 3614 quoddam
1663 3546 1883 3601 infercit

291 3661 408 3698 non
439 3644 596 3695 valde
624 3651 968 3703 accuratum,
1005 3641 1085 3695 sic
1112 3641 1430 3710 exprimens
1472 3641 1619 3694 lmuc
1660 3641 1876 3694 locum:

292 3734 498 3806 Πρώτῃ
541 3734 721 3786 τοίνυν
772 3733 988 3803 φυλακῇ
1048 3733 1148 3800 τῆς
1232 3732 1470 3802 ἡμέρας,
1531 3727 1642 3783 οἷον
1702 3734 1883 3784 εἰπεῖν

293 3828 469 3896 ἐγγὺς
521 3823 660 3879 εἶναι
691 3828 964 3895 τέσσαρας
999 3823 1164 3895 ζῶρας
1210 3825 1309 3893 τῆς
1359 3824 1597 3893 ἡμέρας.
1629 3821 1772 3889 Quid
1807 3824 1880 3878 ita

294 3917 467 3976 vero?
517 3936 698 3975 nonne
737 3920 915 3988 potuit
959 3932 1156 3974 auctor
1193 3919 1442 3972 indicare
1473 3919 1721 3974 voluisse
1773 3918 1880 3971 ini—

294 4017 434 4069 tium
488 4014 754 4069 custodite
801 4014 917 4066 sive
956 4013 1199 4073 triltorii,
1237 4029 1345 4066 non
1397 4021 1580 4066 autem
1629 4011 1877 4064 ultimam

293 4113 418 4178 eius
459 4119 670 4178 partem
724 4107 1048 4174 contiguam
1105 4107 1252 4160 liora:
1297 4105 1404 4159 dici
1459 4105 1711 4174 quartze?
1764 4103 1879 4156 Imo

295 4218 430 4256 vero
495 4203 640 4256 clare
699 4200 973 4270 significat
1023 4181 1091 4253 de
1147 4197 1446 4268 principio,
1496 4213 1608 4251 non
1669 4195 1738 4250 de
1773 4196 1880 4250 fine

297 4295 463 4366 primi
510 4295 617 4348 diei
660 4293 876 4348 triburii
926 4307 985 4346 se
1027 4291 1198 4360 loqui,
1243 4291 1370 4344 dum
1414 4305 1536 4344 mox
1569 4297 1688 4354 post
1744 4289 1874 4343 reci-

297 4397 406 4440 tata
429 4387 595 4440 verba
625 4385 908 4454 subjungit
937 4383 1490 4454 ὐπεραναϐεόηκὸτος
1513 4383 1603 4434 τὸν
1624 4381 1881 4452 ὁρίζοντα

293 4479 394 4532 τοῦ
427 4479 601 4548 ἡλίου,
643 4494 767 4548 quae
813 4478 869 4530 itt
921 4476 962 4527 Β
986 4484 1039 4531 et
1075 4477 1119 4530 Α
1147 4475 1309 4528 codd.
1352 4476 1631 4543 leguntur,
1661 4482 1712 4527 et
1755 4473 1881 4526 licet

1693 371 2218 436 GLOSSARIUM.

306 481 446 539 solvi
495 480 821 553 sejungique
855 482 1242 542 commissuris
1275 491 1331 542 et
1365 485 1474 543 alio
1509 485 1705 541 delatae
1747 488 1876 541 alibi
1913 493 1956 554 Α

3435 370 3572 440 1032

2133 491 2444 558 "Apicium
2483 490 2580 543 καί
2614 493 2956 560 φώσσωνας
2989 488 3462 559 ὡργυιωμένους.

1989 580 2234 637 Isaacins
2292 582 2546 648 Tzetzcs.
2616 584 2943 639 scholiastes
3000 585 3123 653 ejus
3188 580 3568 638 obscurissimi

1990 674 2282 743 poematis.
2326 676 2406 730 sic
2449 674 2522 730 ibi
2564 686 2788 730 enarrat
2827 677 2971 732 banc
3007 674 3570 736 νοοοιηεψώσσωνας

1986 768 2054 820 τὰ
2081 768 2249 838 λαίφη
2275 809 2290 827 .
2339 769 2407 820 τὰ
2459 770 2700 838 ἄρμενα.
2746 773 2896 840 παρὰ
2928 769 2987 824 τὸ
3028 771 3114 838 φῶ
3145 770 3204 847 so
3235 767 3566 837 λοιμπρύνω⁸

1987 858 2158 914 λευκᾶ
2213 861 2342 930 γάρ.
2395 862 2465 915 Ἢ
2519 863 2673 933 παρὰ
2727 864 2787 916 τὸ
2844 863 3158 932 φυσσᾶσθαι
3213 861 3305 915 ὑπ’
3361 861 3568 928 ἀνέμου

1987 955 2296 1021 φυσσῶνες.
2344 953 2443 1010 Ubi
2472 957 2625 1010 vides
2655 957 2956 1025 φὼοσωνας
2993 959 3109 1014 vela
3167 959 3387 1014 navium
3419 971 3568 1018 esse,

1988 1045 2068 1099 sic
2107 1046 2252 1100 dicta
2283 1050 2366 1101 vel
2413 1049 2560 1117 quod
2589 1051 2864 1104 caudeant
2915 1051 3152 1108 naturali
3184 1052 3371 1108 colore
3408 1051 3568 1106 linem

1992 1135 2129 1197 tela-3,
2184 1151 2214 1189 a
2255 1138 2424 1196 verbo
2471 1141 2578 1209 φῶ,
2637 1142 2782 1210 quod
2843 1145 3080 1196 candere
3135 1143 3429 1209 significet,
3481 1142 3569 1195 vel

1988 1229 2134 1298 quod
2192 1231 2417 1288 inﬂante
2467 1243 2632 1288 vento
2683 1244 2960 1301 tumeant,
3024 1234 3108 1307 [P.
3151 1234 3278 1307 4'29]
3331 1252 3358 1292 a
3395 1236 3568 1290 verbo

1989 1323 2239 1392 φυσσάω,
2283 1327 2430 1394 quod
2466 1336 2549 1382 est
2583 1328 2794 1382 inflare.
2821 1329 3026 1382 Eodem
3057 1330 3311 1382 recidunt
3340 1345 3462 1398 quae
3504 1330 3564 1383 in

1989 1432 2109 1471 eam
2144 1433 2333 1472 vocem
2360 1428 2629 1474 annotant
2660 1422 2984 1484 Eustathius
3018 1435 3071 1482 et
3107 1424 3435 1492 Hesychius.
3463 1423 3573 1478 Nos

1990 1509 2185 1564 Graeco
2237 1513 2457 1582 poetico
2492 1515 2765 1570 vocabulo
2815 1516 3067 1570 Latinum
3127 1519 3254 1570 item
3295 1518 3570 1584 poeticum

1991 1605 2375 1674 opposuimus,
2413 1621 2540 1662 cum
2587 1609 2788 1664 alicubi
2840 1610 3145 1680 φώσσωνας
3181 1610 3408 1664 carbasa
3445 1626 3571 1664 ver-

1993 1699 2188 1754 timus.

2064 1793 2315 1861 Χρόνος,
2375 1809 2428 1862 p.
2484 1795 2575 1849 55.
2621 1794 2720 1851 Hic
2758 1796 3048 1856 manifeste
3096 1798 3339 1852 sumitur
3382 1798 3574 1867 χρόνος

1994 1898 2089 1950 pro
2145 1883 2288 1946 ἔτος.
2343 1884 2478 1940 Item
2534 1889 2569 1940 I.
2609 1905 2682 1950 tv,
2741 1905 2788 1943 c.
2829 1891 2941 1944 21:
2979 1891 3083 1944 Τὸν
3133 1892 3574 1961 εἰκοσιτέταρτον

1991 1974 2091 2042 τῆς
2125 1973 2407 2043 βασιλείας
2436 1979 2632 2046 χρόνον
2668 1980 2942 2048 ἐδήλωσεν
2987 1982 3273 2051 ἄντικρυς.
3327 1980 3430 2035 Ubi
3465 1984 3577 2050 agit

1995 2068 2062 2121 de
2083 2083 2314 2125 numero
2343 2070 2650 2126 litterarum
2677 2073 2918 2132 nominis
2943 2073 3229 2133 Michaelis
3257 2073 3572 2142 Palaeologi.

1993 2159 2084 2218 cui
2131 2160 2176 2212 si
2215 2159 2588 2229 adiungentur
2621 2165 2817 2222 litterae
2849 2166 3198 2236 cognominis
3227 2166 3352 2235 ejus
3389 2167 3574 2221 mitius

1995 2255 2112 2308 noti
2140 2253 2431 2319 Manuelis,
2466 2257 2595 2312 fient
2628 2259 2896 2314 elementa
2933 2261 3124 2330 viginti
3149 2273 3392 2330 quatuor
3435 2263 3573 2316 teti-

1994 2345 2117 2398 dem
2147 2347 2196 2399 ei
2231 2362 2409 2402 annos
2439 2349 2647 2415 imperii
2679 2352 3007 2417 ominantia,
3039 2361 3097 2408 ut
3125 2363 3355 2408 eventus
3389 2361 3576 2408 osten-

1991 2438 2088 2492 dit.
2114 2439 2247 2491 Nam
2283 2439 2370 2492 hic
2409 2439 2730 2508 imperator,
2765 2457 2816 2498 c.
2867 2443 3067 2498 ultimo
3106 2444 3142 2498 Ι.
3185 2460 3264 2505 vr,
3305 2443 3374 2499 94
3414 2443 3574 2497 annis

1995 2531 2302 2600 imperasse
2371 2535 2607 2594 traditur
2672 2535 2758 2589 his
2821 2537 3066 2592 verbis:
3116 2536 3454 2599 Βασιλεύσας
3517 2538 3577 2590 δὲ

1992 2623 2219 2692 ἡμερῶν
2263 2625 2503 2679 δεουσῶν
2539 2626 2718 2683 εἴκοσι
2759 2629 2828 2682 τὰ
2865 2628 3040 2681 εἴκοσι
3079 2629 3346 2696 τέσσαρα,
3381 2644 3574 2698 nempe

1992 2719 2126 2785 ἐτη,
2169 2719 2316 2787 quod
2359 2735 2561 2773 nomen
2609 2720 2762 2790 prius
2814 2729 3098 2788 posuerat.
3161 2720 3346 2785 Quare
3411 2720 3578 2776 debet

1994 2813 2197 2866 resolvi
2239 2811 2614 2881 diphthongus
2667 2829 2728 2864 ου
2787 2812 3114 2879 ἱιιίιιοιῐιιιιθ
3168 2812 3464 2880 Μανουὴλ,
3517 2822 3578 2868 et

1992 2921 2089 2973 pro
2148 2906 2366 2964 duobus
2425 2905 2710 2960 distinctis
2764 2906 3057 2962 elementis
3115 2905 3450 2974 computari,
3515 2916 3580 2957 ut

1992 3013 2254 3054 muneras
2285 3014 2349 3060 ex
2393 3009 2578 3054 mente
2611 2998 2856 3052 auctoris
2883 3007 3121 3052 constet.
3156 2997 3274 3052 Non
3316 2999 3574 3051 omittam

1991 3099 2174 3147 autem
2223 3105 2447 3145 monere
2506 3099 2678 3145 totum
2723 3090 2824 3144 hoc
2865 3104 3080 3143 comma
3119 3091 3186 3143 de
3239 3087 3576 3158 cognomine

1989 3182 2257 3242 Manuelis
2293 3190 2349 3238 et
2395 3184 2660 3252 praesagio
2699 3198 2761 3239 ex
2803 3197 2870 3238 eo
2913 3182 3082 3236 ducto
3143 3197 3414 3240 annorum
3472 3181 3578 3236 im-

1991 3276 2128 3348 perii
2163 3275 2451 3344 Palaeologi
2489 3275 2558 3330 ab
2593 3275 2868 3330 Allatiano
2898 3285 2951 3328 et
2987 3274 3249 3330 Vaticano
3284 3272 3574 3328 codicibus

1992 3369 2278 3432 abfuisse,
2337 3370 2392 3424 in
2456 3373 2574 3424 solo
2633 3383 2960 3438 comparere
3020 3366 3346 3423 Barbcrino.
3419 3365 3578 3436 Saepe

1987 3464 2118 3519 alibi
2168 3462 2539 3533 Pacltymeres
2586 3461 2781 3530 χρόνον
2832 3462 2984 3529 ponit
3023 3460 3146 3515 ἀντὶ
3190 3459 3443 3512 ἐνιαυτοῦ
3481 3471 3578 3515 aut

1986 3558 2167 3621 ἔτους,
2239 3558 2543 3624 przesertim
2609 3559 2712 3608 hoc
2771 3555 2913 3616 loco,
2959 3568 3010 3606 c.
3053 3550 3147 3611 20,
3193 3553 3230 3603 l.
3271 3567 3299 3602 v
3345 3571 3358 3606 :
3407 3549 3575 3604 Οὔπω

2010 3649 2204 3717 χρόνος
2233 3648 2572 3703 τετέλεσται.
2610 3654 2662 3700 et
2695 3647 2731 3699 I.
2761 3663 2841 3707 Vt,
2879 3661 2928 3698 (ι.
2968 3645 3070 3696 1οε
3103 3643 3243 3710 Ἤδη
3276 3643 3330 3695 δὲ
3363 3644 3572 3712 χρόνων

1988 3742 2410 3811 παρῳχηκότων
2446 3739 2753 3808 τεττάρων.

2055 3835 2481 3902 Χρυσόσυρμα,
2529 3846 2581 3894 p.
2613 3832 2739 3885 537.
2798 3829 2869 3884 De
2899 3827 3112 3882 Joanne
3142 3831 3366 3896 despota
3405 3828 3576 3896 depo-

1988 3937 2154 3982 nente
2219 3926 2442 3995 pileunt,
2488 3924 2703 3992 insigne
2759 3924 3059 3992 despotirae
3120 3922 3451 3992 potestatis.
3519 3931 3573 3974 et

1987 4022 2156 4074 alium
2202 4020 2325 4086 ejus
2374 4017 2497 4070 loco
2527 4017 2805 4085 vulgarem
2851 4015 3172 4084 imponente
3228 4013 3418 4083 capiti.
3464 4011 3577 4066 Co-

1988 4113 2154 4168 dinus
2199 4111 2556 4180 Curopalata,
2599 4109 2674 4164 De
2702 4109 2906 4178 oﬂiciis,
2935 4125 2986 4164 c.
3025 4109 3079 4170 5,
3110 4124 3161 4176 p.
3200 4109 3264 4162 12
3297 4105 3362 4160 ed
3392 4107 3571 4159 Paris.

1985 4207 2117 4260 anni
2160 4204 2344 4259 I625:
2388 4203 2470 4256 Τὰ
2512 4203 2734 4256 σκιάδια
2789 4203 2898 4255 τῶν
2947 4201 3216 4272 γαμϐρῶν
3260 4199 3355 4253 τοῦ
3419 4199 3574 4269 βασι-

1985 4299 2124 4360 λέως
2187 4295 2466 4350 δεσποτῶν
2523 4297 2693 4349 ὄντων
2733 4295 3144 4365 χρυσοκὸκκινα
3207 4292 3573 4364 συρματέῖνα.

1984 4390 2183 4460 ἔχοντα
2241 4389 2510 4458 σταυροὺς
2563 4386 3102 4456 μαργαριταρεῖνους
3159 4387 3255 4438 καὶ
3329 4383 3570 4454 γύρους·

1989 4481 2124 4536 Pilei
2178 4496 2490 4550 generorum
2523 4479 2966 4548 imperatoris,-si
2995 4478 3099 4530 sint
3145 4483 3395 4541 despotw,
3424 4474 3574 4530 aurei

295 4573 352 4624 in
391 4567 435 4620 V
480 4585 586 4623 non
616 4581 994 4637 compareant,
1022 4583 1130 4622 non
1165 4567 1384 4620 videtur
1425 4576 1612 4619 tamen
1644 4563 1874 4619 dubium

1994 4587 2034 4630 et
2095 4576 2324 4628 coccinei
2382 4574 2579 4626 coloris
2633 4582 2757 4627 sunt
2814 4582 2864 4625 et
2921 4571 3210 4641 ﬁmbriuti,
3277 4569 3574 4632 habentque

291 4662 432 4731 quin
492 4662 603 4715 sint
644 4661 866 4730 γνήσια.
917 4659 1170 4714 Indicant
1227 4666 1436 4726 autem,
1499 4658 1550 4711 id
1600 4659 1749 4728 quod
1806 4657 1880 4711 ibi

292 4767 584 4818 narratur,
637 4755 939 4822 coatigisse
1004 4754 1164 4823 paulo
1222 4762 1348 4822 post
1406 4763 1659 4808 exortum
1719 4751 1876 4815 solis,

293 4849 405 4903 hoc
436 4857 522 4902 est
573 4848 706 4900 hora
746 4846 923 4915 prima
965 4846 1095 4901 diei.
1137 4845 1179 4900 L
1229 4862 1300 4911 tv,
1338 4846 1482 4910 c.-8,
1522 4861 1721 4901 nomen
1779 4846 1880 4899 hoc

292 4943 444 4996 idem
476 4943 693 5011 φυλακή
742 4951 1016 4995 nocturno
1060 4941 1320 5010 tempori,
1350 4941 1440 4994 cui
1476 4940 1650 5008 magis
1680 4952 1880 4992 conve-

289 5036 666 5103 nit,aptatur
718 5034 772 5086 in
828 5032 915 5086 his
966 5031 1196 5087 verbis:
1230 5033 1340 5100 Καὶ
1391 5032 1456 5103 δὴ
1504 5031 1604 5102 τὴν
1652 5029 1879 5102 πρώτην

290 5126 551 5196 φυλακὴν
581 5125 676 5193 τῆς
715 5125 910 5188 νυκτὸς
952 5125 1188 5192 ἐκείνης.
1233 5123 1334 5178 Ubi
1373 5139 1536 5178 nemo
1569 5139 1672 5176 non
1714 5124 1878 5187 videi,

293 5217 392 5286 qui
427 5215 649 5285 quidem
696 5224 874 5269 tctum
918 5215 1101 5270 locum
1139 5223 1348 5270 attente
1379 5215 1701 5284 inspexerit,
1737 5213 1879 5266 κατά

289 5309 464 5380 619
514 5323 612 5377 pro
657 5309 749 5360 καί
796 5307 970 5362 fuisse
1023 5307 1424 5375 reponendum,
1483 5317 1543 5362 ut
1605 5307 1876 5369 fecimus;

291 5403 396 5457 etsi
429 5402 481 5454 in
509 5416 574 5454 eo
603 5400 804 5453 mendo
831 5411 942 5454 tres
973 5399 1134 5454 codd.
1169 5401 1554 5454 convenirent.

368 5488 731 5555 Φώσσωνες.
773 5487 834 5540 ι..
867 5503 920 5554 v,
957 5503 1010 5545 c.
1061 5488 1257 5543 ultimo
1311 5500 1392 5543 ter
1425 5498 1720 5558 usurpatur
1779 5491 1878 5544 hoc

289 5585 654 5647 vocabulum,
695 5595 749 5637 et
799 5580 962 5635 tertio
1021 5583 1140 5636 loco
1195 5585 1497 5655 apponitur
1554 5583 1874 5650 adiunctum

291 5676 702 5747 ὡργυιωμένοι,
739 5683 798 5728 ut
830 5690 939 5729 non
973 5675 1045 5729 sit
1087 5675 1316 5731 dubium
1353 5678 1486 5746 quin
1525 5675 1877 5746 Pacbymcris

293 5769 412 5822 haec
436 5767 732 5822 scribentis
759 5767 1152 5822 obversaretur
1177 5767 1364 5822 animo
1397 5768 1548 5823 locus
1583 5766 1672 5822 illc
1701 5766 1878 5838 Lyco-

299 5863 535 5933 phronis
567 5863 621 5917 in
652 5861 990 5925 Alexandra,

1991 4682 2171 4719 cruces
2219 4681 2285 4720 ea;
2341 4664 2656 4732 margaritis
2706 4671 2757 4717 et
2817 4679 2976 4733 gyros
3027 4677 3119 4715 seu
3177 4660 3430 4714 circulos.
3478 4658 3575 4740 .En

1994 4759 2170 4827 pileus
2227 4758 2472 4826 despotte
2511 4771 2717 4811 aureus
2774 4763 2830 4810 et
2875 4755 3208 4825 fltubriatus.
3255 4753 3410 4807 llunc
3453 4753 3576 4804 idco

1994 4859 2184 4904 noster
2237 4863 2344 4903 uno
2381 4848 2654 4902 vocabulo
2703 4847 3071 4917 χρυσὸσυρμα
3131 4853 3416 4914 nuncupat
3474 4843 3576 4894 hoc

1993 4943 2134 5004 loco,
2168 4940 2298 4993 dum
2335 4938 2489 4992 illum
2522 4937 2737 5006 vulgari
2769 4943 2823 4988 et
2869 4937 3080 5004 privato
3114 4941 3386 4988 mutatum
3425 4931 3502 4984 ait
3544 4944 3575 4983 a

1989 5032 2198 5086 Joanne
2230 5032 2480 5099 despota.
2525 5031 2688 5102 620
2729 5029 2904 5099 Igitur
2935 5030 2996 5080 τὸ
3038 5028 3100 5080 ὲκ
3144 5042 3253 5080 non
3290 5025 3574 5078 materiam

1993 5126 2079 5178 hic
2136 5123 2350 5177 indicat
2415 5123 2542 5192 pilei
2580 5123 2916 5182 communis,
2953 5120 3046 5174 sed
3092 5121 3385 5173 terminum
3430 5117 3575 5170 unde

1990 5217 2271 5270 transierit
2299 5215 2365 5268 ad
2397 5216 2681 5285 vulgarent
2716 5215 2917 5284 pileum
2957 5214 3002 5266 is
3034 5213 3129 5281 qui
3171 5221 3332 5265 antea
3364 5211 3442 5263 ttti
3480 5223 3572 5261 so-

1990 5309 2118 5363 litus
2147 5318 2294 5364 esset
2329 5325 2499 5363 aureo
2533 5308 2828 5362 fimbriato.
2869 5305 2960 5360 Sic
2987 5306 3129 5375 Virg.
3156 5321 3242 5369 ιιι,
3272 5303 3401 5358 Eu.

1988 5448 2130 5512 Quos
2169 5447 2440 5499 hominum
2469 5461 2534 5499 ex
2563 5445 2700 5514 facie
2741 5445 2842 5498 dea
2881 5461 3020 5498 sorva
3063 5441 3364 5510 potentibus
3389 5439 3570 5495 herbis

1990 5520 2248 5572 Induere:
2281 5516 2431 5572 Circe
2469 5519 2523 5570 in
2549 5517 2726 5570 vultus
2757 5528 2804 5570 et
2839 5528 2985 5586 terga
3017 5515 3280 5584 ferarum.

2058 5672 2274 5735 Χωλαί,
2319 5687 2374 5741 p.
2405 5671 2529 5726 40-5.
2565 5671 2761 5736 Χωλάς
2786 5690 2845 5725 τε
2873 5671 3076 5743 ρυσσάς
3097 5687 3156 5723 τε
3184 5665 3569 5740 παρασλῶπάς

1987 5767 2031 5819 τ’
2064 5764 2347 5834 ὀφθαλμώ.
2384 5765 2474 5819 Sic
2507 5765 2654 5819 enim
2688 5781 2750 5819 ex
2786 5767 3025 5820 Homero
3048 5763 3417 5825 correximus,
3442 5773 3570 5815 cum

1990 5863 2042 5914 iu
2099 5875 2231 5912 mss.
2272 5859 2572 5929 ὀφθαλμῶν
2604 5861 2904 5930 legeretur.
2967 5859 3089 5915 Non
3141 5857 3408 5928 intelliget
3455 5857 3569 5909 hanc
