3992 6520
467 347 608 420 1083

1397 364 1457 429 P.
1504 367 1818 433 POSSINI
1855 371 2519 444 OBSERVATIONUM
2579 385 2732 449 LIB.
2776 387 2827 451 Ι.

3591 394 3704 467 1084

466 477 675 548 scripta
738 477 808 536 de
845 479 1026 537 Vecco
1091 498 1191 556 pro
1230 485 1338 542 reis
1394 488 1635 547 sollicite
1683 503 1903 563 agente,
1943 496 2037 567 qui
2068 502 2115 559 Α
2145 499 2263 569 ofﬁs
2322 504 2498 558 aureis
2544 505 2601 558 in
2637 521 2693 559 os
2750 507 2969 576 ingestis
3003 511 3170 580 pasci.
3220 510 3327 569 Sed
3387 528 3503 570 rem
3545 516 3621 570 uti
3660 535 3706 575 se

467 571 650 627 locum
712 570 933 630 Homeri
996 576 1357 635 obversatum
1440 584 1625 639 animo
1687 584 2046 659 Pachymeris

468 665 762 723 scribentis
800 668 980 726 oculis
1023 678 1079 726 et
1108 670 1227 743 ipse
1266 673 1442 729 lector
1471 692 1580 731 non
1616 678 1918 748 subjecerit
1951 691 2047 737 aut

466 761 732 815 memoria
762 765 1126 820 revocaverit.
1162 765 1347 822 Iliadis
1388 767 1604 825 decima
1637 771 1867 829 Phtenis
1903 775 2047 830 inter

466 851 573 907 alia
616 853 786 909 multa
825 871 948 926 qua:
970 857 1169 929 allegat
1204 860 1405 915 Achilli
1455 862 1749 932 ﬂectendo,
1787 870 2046 941 proponit

464 946 693 1003 deorum
730 950 1069 1020 exemplum,
1126 952 1493 1010 exorabilium
1520 958 1572 1011 in
1609 960 1821 1016 veniam
1856 962 2047 1034 culpa-

465 1054 611 1108 rum,
643 1040 773 1096 dum
816 1041 1078 1112 precibus
1106 1048 1555 1104 conveniuntur:

1543 1165 1697 1220 Οὐδέ
1733 1167 1796 1222 τέ
1821 1182 1898 1222 σε
1927 1169 2043 1238 χρὴ

461 1223 695 1293 [νηλεὲς
725 1221 873 1298 ἦτορ
913 1229 1102 1297 ἔχειν.
1137 1232 1427 1302 Στρεπτοι
1457 1234 1526 1289 δέ
1552 1252 1618 1291 τε
1646 1239 1745 1291 καὶ
1774 1221 1899 1293 Osci
1927 1221 2045 1294 ’ἆύί

1706 1306 1969 1379 [τοιηη

463 1406 573 1487 Καὶ
586 1406 715 1487 zu}?
743 1408 888 1487 τοὺς
914 1411 1166 1467 θυέεσσι
1200 1414 1300 1467 καὶ
1330 1416 1611 1487 σύκῳ-λῇς
1637 1418 1904 1487 ἀγανῇσι

462 1476 664 1556 ᾼοισῇ¹
680 1495 745 1533 re
770 1481 999 1556 κνίσσῃ
1023 1499 1092 1556 re
1112 1476 1867 1556 πφατρωὲΜάνθρωεέὸι

461 1548 854 1617 Λισσόμενοι,
894 1548 993 1605 ὅτε
1024 1553 1135 1607 κέν
1166 1548 1258 1618 τίς
1295 1548 1568 1628 empti)?"
1621 1548 1721 1614 κὰὶ
1750 1558 2005 1632 ἁμάρτῃ.

461 1663 603 1719 Tum
637 1674 691 1721 et
722 1666 791 1722 de
818 1665 958 1723 Litis
989 1667 1209 1726 ﬁliabus
1234 1669 1387 1727 Jovis
1417 1673 1607 1728 addit:

460 1783 713 1862 {fai‘rdp
735 1801 803 1862 re
828 1787 1004 1862 Attat
1018 1788 1138 1841 aiat
1167 1788 1304 1855 Διὸς
1323 1790 1536 1862 ίκοῇραι
1553 1793 1862 1862 μεγάλοιο.

458 1855 663 1909 Χωλαι
684 1872 749 1909 ts
765 1857 1004 1924 ρυσσαί
1030 1872 1097 1911 τε
1132 1855 1536 1928 παραϐλῶπές
1553 1855 1616 1917 ’τ’
1642 1855 1951 1934 Βφθαλμώ.

460 1964 626 2023 Tales
665 1969 779 2023 deae
830 1970 1116 2040 ingeniose
1158 1971 1445 2044 ﬁnguntur
1477 1975 1545 2031 ad
1578 1976 1687 2030 vim
1737 1977 2038 2035 beneﬁcam

462 2061 857 2117 misericordiae
933 2064 1392 2135 exprimendam,
1458 2066 1546 2140 [Ρ.
1608 2069 1736 2143 £30]
1800 2072 2042 2129 eximere

463 2166 642 2221 pinnae
689 2154 989 2224 satagentis
1047 2156 1337 2215 convictos
1391 2160 1716 2227 criminum,
1752 2170 1806 2218 et
1842 2164 2040 2220 borum

463 2257 698 2311 angores
729 2245 785 2298 in
832 2261 893 2300 se
939 2249 1341 2319 suscipientis:
1379 2252 1448 2308 de
1475 2254 1680 2322 quibus
1713 2256 1884 2310 multa
1912 2273 2041 2313 eru-

461 2331 576 2386 dite
608 2329 931 2388 Eustathius
969 2333 1216 2405 disputat
1245 2339 1312 2393 ad
1342 2353 1469 2394 eum
1499 2332 1707 2396 locum.
1739 2341 2036 2399 Homerum

462 2430 655 2477 noster
698 2439 802 2479 suo
850 2425 1014 2493 genio
1062 2427 1359 2500 indulgens
1410 2432 1498 2488 hic
1542 2434 1859 2504 exscripsit,
1899 2434 2041 2491 nihil

460 2516 742 2572 sollicitus
793 2517 863 2573 de
911 2517 1120 2576 lectore
1173 2536 1366 2592 parum
1403 2523 1545 2581 forte
1574 2536 1796 2583 versato
1838 2528 1895 2584 in
1926 2529 2040 2585 Ho-

465 2610 607 2665 meri
661 2610 916 2676 lectione,
941 2614 1023 2669 sic
1056 2629 1259 2686 nempe
1297 2616 1497 2674 solitus
1533 2620 1741 2691 passim
1783 2621 2040 2680 intexere

458 2704 699 2758 orationi
752 2719 869 2761 sua:
927 2706 1133 2764 crudas
1190 2708 1526 2782 ignotasque
1557 2713 2036 2772 innominatorum

456 2805 747 2852 auctorum
777 2795 1026 2869 χρήσεις,
1075 2800 1236 2870 quasi
1287 2803 1728 2874 pmscripsisset
1773 2805 1831 2861 in
1859 2807 2033 2864 vesti-

458 2886 593 2942 bulo
625 2888 713 2944 sui
758 2889 943 2958 operis
976 2889 1157 2946 simile
1211 2890 1420 2963 aliquid
1447 2891 1568 2963 ejus
1601 2894 1750 2964 quod
1787 2895 1843 2952 in
1893 2895 2035 2953 fori-

456 2975 568 3033 bus
622 2976 830 3034 scholae
888 2978 1140 3036 Platonis
1196 2981 1486 3053 legebatur
1524 2984 1766 3049 κούδεὶς
1813 2986 2038 3042 πάντων

454 3070 781 3140 ποιημάτων
826 3088 888 3125 τι
931 3073 1030 3126 καὶ
1075 3075 1538 3146 συγγραμμάτων
1587 3077 1834 3150 ἀρχαιων
1872 3079 2035 3151 ,ἀμύ-

2152 595 2383 661 babuit,
2457 598 2705 655 declarat
2758 599 3059 661 Vaticanus
3116 605 3519 677 Paraphrastes
3588 614 3706 668 hunc

2149 683 2331 740 locum
2394 688 2475 744 sic
2545 692 2815 749 exhibens
2857 712 2872 748 :
2914 693 2978 752 '0
3029 697 3129 768 μὲν
3191 699 3459 770 Χαλυφᾶς
3525 704 3704 773 χρυσοῦ

2150 775 2367 843 ζέοντος
2399 782 2543 835 κατὰ
2580 783 2858 857 λάρυγγος
2888 787 3107 844 ἐκείνου
3153 791 3415 863 χυθέντος
3444 796 3703 853 ἐτελεύτα.

2148 871 2422 943 Chalypha
2459 876 2669 945 quidem
2723 896 2864 936 auro
2906 882 3137 952 fervente
3171 887 3228 940 in
3273 898 3463 959 guttur
3493 890 3613 956 ejus
3637 893 3704 946 in-

2146 965 2268 1035 fuso
2298 977 2537 1023 mortuus
2563 981 2661 1026 est.
2692 971 2848 1040 Quod
2883 975 2960 1031 ita
2992 987 3211 1046 gestum
3240 983 3581 1051 astipulatur
3612 983 3705 1039 Ma-

2145 1057 2305 1115 rinus
2341 1058 2608 1127 Sanutus,
2637 1064 2676 1120 l.
2725 1081 2808 1130 nt,
2842 1068 3018 1137 partis
3046 1070 3134 1134 1'5,
3167 1088 3221 1127 c.
3250 1072 3281 1125 7
3319 1075 3400 1130 sic
3435 1076 3702 1132 scribens:

2146 1152 2315 1239 Capti,
2385 1153 2637 1225 Calypluz
2696 1162 2902 1230 gutturi
2965 1162 3229 1231 liquatum
3300 1184 3492 1222 aurum
3561 1169 3705 1239 jussit

2148 1236 2488 1308 (llaolonus)
2522 1240 2757 1309 infundi,
2832 1248 3121 1302 avaritiam
3182 1253 3541 1320 exprobrans,
3562 1236 3575 1239 ⁷
3602 1256 3702 1323 quia

2146 1344 2263 1381 eum
2306 1330 2577 1386 immensis
2615 1333 2865 1403 afﬂueret
2900 1335 3187 1406 thesauris,
3220 1344 3518 1411 cupiditate
3548 1348 3703 1400 deten-

2148 1430 2232 1475 tus
2256 1438 2352 1487 pro
2380 1423 2556 1479 salute
2591 1442 2693 1481 sua
2720 1443 2809 1483 eos
2841 1428 3135 1499 expendere
3161 1435 3355 1488 renuit.
3390 1433 3520 1490 Haec
3552 1435 3703 1491 Sanu-

2146 1521 2259 1569 IIIS.

2226 1630 2459 1700 ’adror,
2488 1650 2543 1704 p.
2571 1636 2699 1691 805.
2728 1638 2847 1693 Non
2893 1639 3023 1695 alibi
3063 1656 3378 1712 repereram
3410 1643 3594 1698 ὼάτον
3623 1661 3703 1716 pro

2145 1723 2433 1793 ὑπερῶον,
2470 1733 2763 1787 caenaculo
2797 1742 2891 1787 aut
2931 1734 3056 1789 aula
3123 1737 3399 1806 superiori
3442 1746 3701 1794 camerata

2144 1817 2286 1871 ovali
2337 1819 2537 1876 forma.
2588 1822 2732 1890 Quid
2778 1828 2926 1881 enim
2978 1828 3070 1885 hic
3118 1830 3267 1886 aliud
3310 1832 3703 1904 intelligamus?

2229 1910 2661 1985 Ὠργυιωμένοι,
2714 1935 2771 1989 p.
2818 1919 2946 1976 424.
2984 1924 3078 1977 Ait
3126 1923 3431 1980 immissam
3489 1942 3521 1980 a
3577 1937 3703 2000 tergo

2146 2004 2271 2059 navi
2333 2005 2616 2065 Genuensi
2673 2012 2853 2082 plenis
2905 2015 3044 2071 velis
3100 2016 3342 2073 elabenti
3406 2021 3700 2075 onerariam

2144 2096 2489 2164 Catalanam.
2525 2117 2649 2171 quae
2676 2115 2903 2160 ventum
2949 2106 2999 2163 ei
3034 2122 3064 2161 a
3103 2109 3271 2178 puppi
3314 2125 3546 2165 suorum
3578 2112 3703 2167 velo-

2144 2202 2267 2243 rum
2336 2205 2585 2260 oppausu
2645 2195 3007 2269 interciperet
3073 2215 3139 2256 ac
3184 2201 3268 2256 sic
3321 2202 3701 2260 sufﬁaminarct

2144 2279 2411 2367 impetum
2443 2286 2681 2343 ruentis.
2722 2290 3162 2362 Ὠργυιωμένους
3185 2292 3419 2352 Tzetzes
3443 2296 3512 2349 ad
3546 2296 3701 2367 Lyco-

2142 2362 2408 2442 phroném
2445 2374 2845 2444 interpretatur
2881 2380 3287 2450 ἐκτεταμένους
3307 2425 3323 2450 ,
3355 2362 3702 2457 ἡπλωμέννους

2140 2474 2360 2520 extensa
2393 2476 2442 2520 et
2473 2468 2744 2535 explicata
2772 2470 2905 2528 uela.
2955 2471 3268 2546 Subditque
3307 2477 3579 2533 continuo
3603 2479 3703 2532 ἐτυ-

2144 2552 2407 2625 μολογιαν
2454 2556 2512 2612 in
2558 2558 2706 2615 hunc
2758 2562 3020 2618 modum:
3053 2564 3128 2617 Ἦ
3169 2564 3281 2620 ἀπὺ
3329 2566 3427 2636 τῆς
3470 2567 3698 2635 ὀργυιᾶς.

2139 2643 2261 2715 ἦτοι
2308 2645 2413 2717 τῆς
2463 2647 2744 2715 ἐκτάσεως
2784 2651 2895 2705 τῶν
2939 2654 3163 2725 χειρῶν.
3212 2657 3283 2709 Ἦ
3332 2655 3427 2709 καὶ
3469 2656 3582 2711 ἀπὸ
3622 2657 3699 2711 τοῦ

2138 2735 2290 2808 ὀργῶ
2348 2739 2411 2794 τὸ
2468 2741 2647 2813 ὀρμῶ.
2684 2744 2887 2815 ὀργᾷν
2921 2744 2981 2798 δι
3034 2744 3097 2798 τδ
3150 2747 3217 2801 ἑκ
3273 2747 3377 2816 γῆς
3440 2747 3700 2820 συντόμως

2138 2829 2354 2902 ὀροῠιιν
2398 2847 2455 2885 τι
2488 2831 2601 2887 τῶν
2643 2834 2832 2903 φυτῶν
2868 2835 2903 2907 ἦ
2931 2835 3042 2890 τῶν
3075 2836 3339 2908 βοτανῶν.
3367 2838 3449 2894 Ita
3476 2839 3589 2904 ille,
3616 2842 3698 2910 qui

2139 2920 2326 2978 statim
2358 2921 2511 2979 addit
2542 2924 2717 2981 scribi
2753 2926 2959 2983 debere
2989 2927 3429 3000 ὠργυιωμινους
3457 2929 3697 2997 adjuncto

2140 3029 2159 3066 t
2192 3013 2262 3069 ad
2293 3000 2618 3074 u‘secunda:
2670 3018 2933 3090 syllabas;
2998 3020 3147 3076 unde
3178 3036 3280 3078 nos
3311 3021 3559 3077 codicem
3614 3036 3699 3077 no-

2138 3112 2341 3175 strum,
2367 3108 2465 3179 qui
2516 3108 2923 3183 ὡργυωμὲνους
2969 3112 3268 3181 scribebat,
3348 3112 3694 3169 correximus.

457 3178 590 3232 ητος
630 3165 846 3225 sicitas,
906 3164 1082 3223 Porro
1112 3168 1262 3224 sicut
1304 3170 1496 3233 mag,
1531 3173 1691 3242 quasi
1720 3174 1875 3232 dicas
1905 3192 2035 3248 sup-

2150 3164 2626 3271 ’Opyuiu;p£vou|c,'
2656 3164 2747 3257 ait:
2777 3164 3593 3276 Τροῖιεοῑᾷιτῖπροσγραφῆς
3615 3203 3694 3258 τοῦ
3728 3196 3732 3199 ’

457 3254 805 3326 plieationes,
875 3256 1151 3315 Homerus
1213 3266 1629 3332 προσωποποιεῖ
1692 3266 1776 3330 εις
1844 3266 2036 3339 σχῆμα

2141 3310 2159 3346 ι
2208 3254 2291 3346 ag:
2326 3254 2797 3363 γρέςιφεινῗνίάει
2825 3254 3204 3351 manu;
3235 3254 3694 3353 ’iimiiiarétilpa.

455 3348 861 3420 ταλαιπωρίας,
895 3351 978 3407 sic
1029 3358 1085 3407 et
1130 3351 1184 3407 in
1218 3354 1461 3422 speciem
1506 3356 1760 3427 obsequii
1808 3359 2034 3416 obnoxii

459 3440 784 3513 abjecteque
854 3458 951 3513 per
1016 3444 1396 3502 adulationem
1462 3449 1687 3506 demissi
1765 3453 2036 3508 subornat

460 3533 760 3592 blanditias
799 3536 1094 3605 Martialis,
1129 3538 1259 3595 dum
1290 3540 1486 3597 scribit
1513 3543 1677 3612 epist.
1709 3546 1801 3612 72,
1828 3544 1924 3602 lib.
1959 3559 2032 3601 ιε

669 3649 929 3715 Frustra,
953 3652 1251 3719 blanditiis,
1276 3656 1464 3710 venitis
1479 3658 1548 3711 ad
1565 3674 1647 3713 me

671 3723 886 3776 Attritis
911 3725 1241 3781 miserabiles
1272 3726 1504 3782 labellis.
1532 3768 1547 3784 .
1575 3768 1589 3782 .
1623 3769 1638 3783 .

666 3791 797 3846 lam
830 3811 932 3849 non
960 3805 1037 3849 est
1065 3797 1212 3851 locus
1247 3797 1347 3852 hac
1379 3801 1432 3852 in
1465 3800 1593 3853 urbe
1620 3800 1787 3856 vobis.

670 3864 754 3938 ᾼ-ιι
784 3861 1011 3938 (ἀι-ιιιοξ
1043 3867 1231 3934 procul
1253 3870 1328 3922 ite
1352 3870 1601 3938 pilentos,

673 3932 741 4011 [Et
771 3936 954 4005 ﬂentes
991 3932 1315 4011 humilesque
1352 3932 1716 4011 supplicesque

668 4003 951 4061 Pictorum
976 4007 1092 4061 sola
1128 4003 1334 4064 basiate
1360 4003 1565 4081 regum,
1598 4003 1709 4068 e'tc.

530 4118 901 4187 Ψωμίζεσθαι
944 4122 1218 4190 χρυσοῖς,
1263 4124 1475 4194 p.129.
1540 4124 1813 4180 Nimirum
1872 4127 2032 4183 inva-

455 4214 647 4271 dentes
689 4214 968 4271 Persidcm
1001 4216 1245 4274 Tochari
1297 4217 1640 4289 Cbalypham
1681 4220 1796 4275 illic
1845 4221 2029 4276 domi-

455 4317 705 4376 nantem,
735 4325 960 4365 avarum
997 4320 1052 4365 et
1082 4311 1331 4378 divitem,
1376 4327 1514 4369 auro
1547 4311 1847 4382 liquefacto
1877 4314 1933 4368 in
1969 4329 2032 4370 os

454 4396 576 4465 ejus
641 4397 830 4454 infuso
883 4410 1263 4469 necaverunt;
1326 4403 1478 4474 quod
1534 4411 1724 4459 noster
1791 4404 2032 4461 obscure

452 4488 614 4562 621
675 4491 810 4546 dicit
863 4490 1214 4565 ψ‹ι›μιζεσθαι
1269 4498 1521 4567 χρυσοῖς,
1580 4496 1741 4568 quasi
1812 4495 2026 4554 diceret

2138 3383 2389 3456 chymeri
2436 3385 2612 3443 fuisse
2641 3387 3084 3460 Lycophronem,
3109 3389 3274 3461 genio
3300 3389 3556 3447 videlicet
3580 3405 3696 3446 cou-

2138 3478 2364 3534 ciliante
2392 3480 2672 3535 σκοτεινὸν
2710 3482 2994 3554 σκοτεινῷ.
3038 3483 3105 3539 Et
3156 3483 3309 3538 illum
3356 3484 3579 3551 quidem
3613 3498 3696 3538 no-

2139 3580 2345 3638 strum,
2386 3571 2481 3643 qui
2515 3574 2761 3629 omnium
2802 3576 3138 3647 scriptorum
3172 3577 3432 3633 tenebras
3479 3577 3532 3632 in
3553 3592 3693 3634 suum

2136 3679 2277 3734 opus
2318 3679 2619 3736 congerere
2664 3667 2935 3736 studeret,
2985 3683 3097 3723 non
3139 3677 3573 3739 temperaturum
3616 3684 3693 3722 ar-

2136 3754 2331 3820 bitror,
2368 3756 2415 3811 si
2446 3771 2554 3826 qua
2582 3758 2807 3813 occasio
2840 3758 3090 3825 daretur,
3123 3759 3291 3814 etiam
3322 3758 3694 3831 πελαργοχρῶο

2135 3862 2238 3909 τας
2289 3845 2387 3901 καὶ
2430 3848 2785 3920 φαλακραίας
2822 3850 2995 3920 κόρας
3029 3860 3087 3905 et
3117 3851 3436 3922 ἀπαρκτίας
3469 3849 3692 3922 πρηστῆ-

2138 3956 2233 4009 ρος
2276 3940 2508 4007 αἴθωνος
2547 3944 2741 4008 πνοὰς.
2783 3960 2908 4015 qua:
2940 3944 3267 4016 Lycophron
3312 3946 3481 4001 habet
3514 3944 3688 4000 ibidem

2138 4030 2283 4087 unde
2309 4033 2740 4103 ὠργυιωμινους
2793 4037 3132 4107 exscriptum
3165 4050 3275 4103 est,
3306 4036 3363 4092 in
3414 4038 3691 4107 scriptione

2138 4123 2239 4179 hac
2283 4141 2379 4180 sua
2419 4141 2644 4197 ponere,
2690 4134 2856 4197 quam
2900 4137 3014 4184 tunt
3047 4127 3268 4185 demum
3315 4129 3610 4200 elegantem
3643 4136 3688 4182 et

2137 4217 2411 4272 eruditam
2462 4220 2641 4275 visum
2696 4221 2767 4275 iri
2842 4221 3110 4288 credidit,
3145 4223 3195 4277 si
3258 4222 3504 4276 omnium
3558 4221 3687 4290 iuligi

2138 4311 2502 4366 metuentium
2553 4314 2889 4384 scriptorum
2947 4316 3171 4386 griphos
3209 4324 3266 4370 et
3318 4324 3508 4369 noctes
3549 4312 3688 4367 avide

2136 4407 2479 4478 conquisitas
2511 4416 2840 4475 ostentaret,
2888 4426 3080 4482 parum
3134 4410 3293 4479 pensi
3330 4411 3533 4465 habens
3564 4422 3685 4478 quas

2141 4513 2341 4569 erui-es
2381 4500 2681 4557 lectoribus
2714 4510 2809 4557 aut
2843 4501 3240 4573 interpretibus
3271 4501 3387 4558 suis
3430 4499 3625 4571 ﬁgeret.
