3992 6528
305 399 449 465 1085

1823 414 2062 475 ΝΟΤίΕ.

310 556 1785 595 W—
907 579 1022 590 ...-
1041 580 1086 590 ,,,,
1208 579 1212 590 ι
1789 572 1807 596 =
1997 590 2043 597 ..ν

1352 753 1825 876 PETRI
1928 752 2538 879 POSSINI

544 1024 1764 1143 OBSERVATIONUM
1853 1025 3303 1145 PACHYMERIANARUM

1665 1273 2028 1360 LIBER
2090 1273 2175 1357 ll

1480 1450 2023 1513 COMPLECTENS
2101 1451 2350 1511 NOTAS

847 1833 906 1887 In
939 1836 1099 1887 titulo
1132 1838 1324 1905 operis.

358 1973 526 2042 622
576 1971 659 2043 [Ρ.
699 1971 853 2043 455],
908 1973 1278 2027 ΡΑειιτιίειιιε.
1330 1971 1465 2025 Cum
1518 1972 1657 2025 varii
1714 1970 1863 2024 varie

286 2061 544 2119 Graecum
606 2078 806 2117 nomen
865 2064 1200 2134 Παχυμερής
1270 2063 1465 2119 Latine
1522 2063 1753 2117 eil‘eraut
1807 2071 1864 2115 et

287 2158 596 2223 inﬂectant,
651 2160 740 2213 alii
790 2157 1210 2230 Pachymeram,
1270 2160 1361 2214 alii
1414 2157 1859 2228 Pachymerium,

286 2252 379 2305 alii
411 2252 575 2306 aliter
603 2260 884 2315 vocantes,
916 2253 1046 2305 mihi
1076 2253 1424 2307 commodius
1464 2261 1520 2305 et
1546 2250 1859 2319 expeditius

284 2348 466 2399 visum
522 2354 607 2397 est
660 2344 959 2399 inﬂexione
1009 2346 1087 2398 uti
1117 2344 1309 2398 Latina
1342 2346 1625 2398 nominum
1660 2342 1861 2397 classis

284 2439 486 2493 tertiae.
528 2438 671 2503 Quin
696 2438 749 2491 id
782 2440 853 2493 sit
888 2438 1199 2507 simplicius
1230 2447 1285 2493 et
1316 2439 1383 2491 ad
1419 2454 1578 2492 usttnt
1615 2436 1858 2501 facilius,

286 2547 454 2585 nemo
482 2534 784 2600 negaverit.
810 2530 943 2586 Jure
979 2540 1161 2586 autem
1195 2531 1336 2592 ﬁeri,
1357 2530 1624 2600 exemplis
1656 2528 1859 2583 astrui-

282 2631 396 2677 tnr.
431 2621 566 2677 Nam
601 2622 851 2695 Ulysses,
890 2623 1167 2689 Socrates,
1206 2623 1623 2687 Demosthenes,
1654 2622 1855 2676 similia

282 2717 525 2785 plurima
562 2732 713 2773 mere
743 2716 939 2773 Latine
967 2718 1036 2771 ab
1069 2718 1328 2771 omnibus
1351 2715 1670 2777 ﬂectuntur,
1703 2713 1858 2766 nullo

281 2819 542 2880 respectu
572 2812 642 2865 ad
675 2810 997 2865 inﬁexiones
1021 2808 1253 2878 gGraacas
1285 2817 1513 2862 Istorum
1547 2807 1853 2859 nominum.

281 2900 423 2967 Quis
488 2903 634 2958 enim
697 2915 937 2972 unquam
1003 2901 1337 2955 adumbrare
1390 2899 1609 2953 curavit
1660 2897 1857 2951 Latino

279 3010 425 3051 sono
487 2995 788 3064 genitivum
858 2993 1241 3064 Δημοσθένους
1303 2999 1397 3045 aut
1469 2991 1854 3044 accusativum

278 3089 628 3159 Δημοσθένη,
666 3088 1023 3143 balbutiendo
1072 3087 1454 3140 Damon/tenus
1520 3094 1611 3137 aut
1663 3084 1855 3137 Demo-

278 3186 487 3246 sthene,
518 3182 773 3235 Romana
844 3179 1086 3234 Minerva
1154 3176 1521 3232 iuvitissima‘!
1580 3174 1694 3229 Hoc
1748 3177 1851 3230 etsi

280 3289 514 3345 parvum
541 3274 719 3336 dictu,
743 3287 973 3327 necesse
998 3272 1173 3325 visum
1201 3270 1291 3325 hic
1324 3268 1591 3338 proﬁteri.

352 3387 682 3444 Mtcmsus.
733 3388 945 3455 Quotus
998 3388 1084 3441 hic
1128 3391 1271 3440 inter
1321 3387 1682 3454 imperatores
1711 3382 1859 3437 Con-

278 3479 806 3541 stantinopolitanos
860 3476 1091 3533 Michael
1137 3475 1329 3540 fuerit,
1362 3492 1474 3531 non
1520 3477 1626 3531 erit
1671 3477 1860 3530 inutile

279 3574 455 3630 semel
490 3581 754 3628 statuere.
804 3570 1024 3625 Primus
1053 3570 1121 3625 ad
1165 3572 1459 3640 imperium
1498 3572 1602 3623 hoc
1654 3585 1857 3624 nomen

282 3664 510 3733 pertulit
548 3662 777 3716 Michael
813 3660 1166 3727 Curopalata.
1207 3668 1572 3731 cognomento
1604 3658 1861 3728 Rhanga-

282 3760 494 3817 benus.
538 3754 955 3809 laudatissimus
987 3754 1265 3824 princeps,
1316 3768 1459 3806 anno
1489 3753 1696 3807 Christi
1728 3754 1856 3807 811.

284 3850 576 3905 Secundus
633 3848 795 3900 homo
828 3848 1258 3902 scelestissimus
1302 3845 1537 3899 Michael
1572 3843 1796 3909 Balbus,
1826 3861 1857 3899 e

280 3957 508 3997 carcere
554 3941 641 3994 ubi
679 3940 745 3993 ad
789 3940 1243 3994 vivicomburium
1290 3940 1643 4001 servabatur,
1687 3942 1735 3992 vi
1789 3939 1855 3991 ad

282 4036 485 4089 solium
519 4034 697 4101 erupit
748 4047 890 4085 anno
934 4032 1139 4086 Christi
1182 4031 1306 4087 820.
1358 4031 1578 4086 Tertius
1626 4030 1856 4084 Michael

283 4126 798 4195 Porpiiyrogenitus
828 4124 1118 4193 TheOphili
1168 4124 1524 4193 imperatoris
1556 4124 1700 4176 ﬁlius
1729 4138 1856 4177 cum

283 4228 467 4273 matre
497 4217 780 4272 Theodora
840 4219 1129 4286 imperium
1184 4217 1380 4279 tenuit,
1418 4232 1615 4284 magno
1648 4216 1724 4269 rei
1762 4232 1858 4283 pu-

283 4310 444 4364 blicze
492 4319 547 4363 et
580 4307 834 4363 Ecclesiae
880 4307 1197 4362 malo:fuit
1243 4309 1416 4371 enim,
1454 4306 1544 4360 ubi
1595 4306 1855 4371 adolevit,

284 4401 670 4471 impiissimus.
710 4399 892 4469 Coepit
945 4398 1220 4452 dominari
1277 4415 1423 4453 anno
1473 4399 1679 4453 Christi
1726 4398 1855 4463 812,

282 4496 430 4573 male
470 4494 633 4565 periit
662 4492 787 4547 867.
824 4496 984 4546 Anno
1019 4492 1144 4546 inde
1186 4491 1397 4545 Christi
1436 4490 1571 4545 103‘
1623 4491 1857 4545 Michael

1888 3235 1935 3295 Β

1906 1648 1976 1660 ——-

1888 1811 1947 1867 Ἀ
1982 1818 2229 1861 nostrum
2288 1823 2411 1861 cmn
2454 1823 2613 1862 nemo
2671 1808 2754 1863 sic
2815 1808 3122 1877 appellatus
3174 1810 3551 1880 imperaverit,

1983 1896 2361 1968 l’almologus,
2420 1900 2578 1967 cujus
2620 1899 2711 1954 hic
2751 1900 3039 1955 historiam
3084 1900 3301 1967 damus,
3347 1918 3553 1958 nume-

1982 1990 2193 2045 randns
2227 1992 2332 2045 erit
2361 1990 2590 2046 Michael
2620 1990 2753 2046 νηί.

2044 2084 2197 2155 [Pag.
2232 2085 2385 2157 434.]
2414 2087 2755 2142 Ρλιιοιοοῑ.
2787 2087 2958 2143 Natus
3022 2088 3109 2142 hic
3172 2104 3317 2142 anno
3345 2088 3550 2143 Christi

1973 2178 2113 2232 1224
2146 2194 2210 2232 ex
2242 2180 2557 2235 Andronico
2619 2180 2920 2249 Palaeologo
2954 2197 3151 2249 magno
3200 2180 3504 2236 domestico
3534 2221 3550 2245 ,

1969 2279 2143 2323 matre
2176 2269 2502 2340 Palaaologa,
2534 2274 2718 2327 lrenes
2748 2282 2801 2326 et
2837 2274 3009 2328 Alexii
3042 2273 3333 2342 Palmologi
3355 2273 3553 2342 despo-

1969 2366 2038 2415 ta:
2083 2362 2209 2415 ﬁlia.
2245 2362 2371 2419 Haec
2422 2367 2599 2431 lrene,
2647 2365 2923 2421 Michaelis
2971 2367 3088 2420 avia
3150 2364 3549 2428 materna,ﬁlia

1970 2453 2285 2522 tuitAngeli
2319 2456 2605 2519 Comneni,
2650 2459 3113 2526 quoximperante
3157 2459 3551 2512 Constantino-

1970 2548 2113 2615 polis
2142 2558 2298 2615 capta
2323 2558 2405 2603 est
2439 2565 2466 2599 a
2512 2548 2748 2605 Latinis.
2790 2551 2951 2605 Dedit
2992 2552 3039 2605 is
3084 2566 3203 2605 eam
3257 2553 3549 2619 coniugem

1968 2639 2163 2694 Alexio
2219 2640 2523 2708 Palaeologo
2550 2642 2569 2713 (
2598 2651 2658 2695 ut
2686 2640 2988 2698 Phrantzes
3025 2643 3211 2698 habet:
3235 2640 3549 2708 Acropolita

1968 2732 2347 2785 Aodmnicum
2399 2733 2704 2801 appellat),
2738 2749 2898 2801 quem
2925 2744 2979 2787 et
3014 2735 3297 2803 dcspotam
3340 2732 3550 2789 creavit

1967 2838 2021 2882 et
2066 2827 2275 2896 imperii
2306 2842 2684 2883 successorem
2718 2828 3047 2896 designavit.
3066 2827 3173 2882 Sed
3210 2828 3257 2881 is
3285 2826 3435 2881 brevi
3464 2832 3554 2878 est

1966 2926 2237 2981 mortuus,
2270 2917 2427 2971 unica
2454 2933 2518 2971 cx
2551 2916 2787 2985 conjuge
2817 2919 2923 2971 ﬁlia
2956 2926 3238 2986 suscepta,
3283 2931 3406 2985 qua:
3429 2915 3549 2969 An-

1965 3010 2179 3065 dronici
2208 3010 2497 3079 Palaeologi
2537 3011 2717 3079 magni
2746 3010 3035 3065 domestici
3067 3026 3229 3071 uxor,
3265 3008 3548 3064 Michaelis

1966 3102 2440 3173 Palaeologimater
2461 3102 2563 3156 fuit
2599 3102 2779 3169 Quare
2798 3103 2845 3158 is
2870 3118 2897 3155 a
2920 3102 3243 3172 patrejuxta
3266 3112 3548 3171 matreque

1967 3196 2255 3266 Palarologi
2321 3195 2740 3264 appellationem
2803 3194 2947 3258 tulit,
3025 3194 3547 3261 Διπλοπαλαιολόγος

1967 3298 2249 3359 propterea
2287 3297 2541 3352 vocatus,
2572 3296 2629 3339 ut
2654 3286 2953 3341 Phrantzes
2993 3288 3178 3349 habet,
3231 3302 3280 3341 c.
3311 3290 3333 3341 1
3359 3305 3373 3352 ;
3402 3286 3544 3341 idem

1966 3382 2131 3435 tradit
2162 3380 2460 3449 Gregoras,
2501 3382 2539 3434 I.
2580 3397 2661 3444 III,
2688 3396 2741 3450 p.
2770 3380 2861 3442 '52,
2903 3381 2996 3435 sed
3037 3390 3088 3434 et
3146 3380 3458 3433 Comncnus
3514 3394 3546 3432 a

1966 3475 2162 3528 matris
2198 3490 2299 3527 avo
2343 3474 2552 3541 Angelo
2583 3473 2862 3528 Comneno
2896 3474 3227 3542 imperatore
3257 3473 3458 3535 dictus,
3484 3482 3545 3525 ut

1966 3561 2265 3616 Phrantzes
2306 3562 2506 3615 ibidem
2539 3562 2737 3626 docet;
2779 3577 2840 3615 ac
2873 3563 3073 3631 passim
3104 3563 3177 3616 ita
3215 3572 3443 3616 vocatur
3477 3562 3545 3616 ab

1964 3653 2277 3722 Acropolita
2320 3655 2587 3723 scriptore
2624 3655 2729 3721 ipsi
2752 3653 3156 3708 faventissimo.
3180 3652 3333 3708 Unde
3368 3656 3546 3708 credi-

1965 3745 2137 3798 derim
2154 3744 2438 3800 aﬁ'ectassc
2460 3745 2775 3799 Michaelcm
2796 3756 2919 3799 ante
2938 3746 3229 3814 imperium
3250 3746 3357 3800 dici
3377 3745 3544 3801 Com-

1968 3852 2194 3899 neuum,
2226 3838 2367 3907 quod
2398 3852 2516 3891 eam
2542 3853 2656 3891 rem
2682 3838 2943 3891 veliticari
2977 3837 3266 3891 ambitioni
3293 3853 3404 3891 sua:
3427 3853 3545 3892 crc-

1967 3934 2138 3984 deret.
2181 3932 2283 3985 Sed
2317 3941 2367 3985 et
2391 3932 2552 3999 hujus
2592 3940 2841 3999 posteros
2870 3930 2938 3983 ob
2970 3930 3306 3985 nobilitatem
3328 3931 3546 4001 inclytae

1970 4034 2045 4077 tot
2072 4026 2331 4093 AngUstis
2384 4024 2601 4078 fatnilia:
2620 4025 3020 4079 Comnenorum
3038 4024 3405 4092 appellatione
3429 4026 3545 4092 glo-

1966 4115 2443 4169 riatosostendunt
2462 4115 2849 4184 inscriptiones
2878 4116 3157 4169 Michaelis
3170 4126 3221 4170 et
3246 4117 3542 4171 Andronici

1964 4206 2249 4260 Juniorum
2282 4223 2309 4260 a
2343 4207 2591 4261 Pontano
2609 4209 2893 4277 descriptae
2912 4209 3066 4263 Natis
3101 4210 3166 4262 ad
3209 4208 3541 4264 Phrantzen.

1967 4297 2123 4351 llunc
2158 4313 2319 4367 porro
2341 4307 2583 4352 nostrum
2605 4298 2944 4364 Michaelem,
2973 4308 3261 4370 postquam
3282 4302 3344 4355 ad
3372 4302 3546 4372 impe-

1968 4395 2107 4448 rium
2137 4394 2405 4463 pervenit,
2445 4395 2585 4449 haud
2606 4410 2935 4465 magnopere
2952 4411 3177 4451 curasse
3202 4397 3543 4452 Comnenum

1965 4486 2098 4551 dici,
2116 4488 2246 4542 licet
2269 4489 2575 4559 intelligere
2599 4505 2663 4542 ex
2684 4488 3039 4559 Pachymere,
3058 4490 3152 4559 qui
3172 4490 3219 4543 ei
3236 4479 3544 4555 familiaris,

280 4584 566 4653 Paphlago
602 4600 630 4639 a
670 4586 846 4655 patria
877 4585 1086 4647 dictus,
1129 4585 1351 4638 adulter
1380 4583 1520 4639 Zoes
1564 4585 1855 4652 Augusta),
1883 4608 1931 4668 ο
1964 4590 2020 4634 et
2042 4580 2400 4649 subejusﬁlio
2426 4581 2743 4636 Andronico
2758 4582 3136 4647 Seniore,non
3160 4583 3281 4638 sine
3302 4600 3433 4639 cura
3454 4588 3547 4640 de-

278 4676 535 4730 Romano
565 4678 684 4743 ejus
733 4676 851 4730 viro
886 4676 1234 4746 strangulata
1266 4677 1557 4745 imperium
1597 4676 1849 4745 arripuit,

279 4780 336 4823 et
378 4771 557 4822 tenuit
600 4769 761 4822 annis
797 4769 911 4823 fere
964 4781 1117 4823 octo.
1169 4768 1410 4823 Moriens
1467 4781 1851 4823 successorem

280 4860 479 4915 habuit
520 4860 838 4915 Michaelcm
894 4871 1259 4929 cognomento
1312 4860 1688 4929 Calepbatem,
1732 4860 1854 4927 ejus

279 4954 527 5008 nominis
582 4955 859 5023 quintum,
920 4956 1014 5023 qui
1074 4966 1195 5024 post
1253 4969 1459 5007 annum
1492 4970 1521 5007 a
1555 4952 1686 5015 Zoe,
1733 4968 1855 5021 qua)

281 5047 436 5099 illum
492 5056 862 5116 promoverat,
920 5048 1152 5117 imperio
1184 5060 1237 5102 et
1270 5048 1449 5101 oculis
1493 5046 1738 5115 privatus
1777 5048 1855 5098 Ioc

280 5154 411 5190 cum
448 5142 616 5193 cessit
656 5138 1026 5193 Constantino
1060 5139 1419 5193 Monomacho
1470 5155 1614 5194 anno
1646 5138 1853 5194 Christi

284 5230 447 5286 1012.
494 5230 926 5295 Quatuordecim
987 5240 1109 5301 post
1161 5233 1323 5286 annis
1349 5230 1605 5286 lMichael
1649 5248 1855 5301 cogno-

284 5336 469 5379 mento
498 5326 866 5387 Stratonicus,
895 5334 1082 5379 sextus
1106 5323 1223 5392 ejus
1254 5326 1516 5388 nominis,
1551 5337 1854 5378 coronatur

281 5420 565 5490 Augustus
590 5434 602 5471 :
626 5418 789 5489 623
814 5418 1061 5484 sedntox
1095 5433 1241 5472 anno
1278 5420 1415 5473 1057
1448 5418 1660 5473 Isaacio
1691 5420 1854 5473 Com-

283 5525 429 5564 ueno
504 5511 647 5563 ultro
721 5509 1027 5562 concedens
1094 5509 1370 5563 abdicavit
1456 5511 1849 5579 principatum.

284 5604 444 5657 Anno
500 5602 705 5657 Christi
754 5601 887 5655 1071
940 5601 1171 5656 Michael
1229 5612 1595 5673 cognomento
1636 5602 1855 5671 Parapi-

288 5708 511 5758 naceus,
544 5693 691 5747 ﬁlius
717 5694 1066 5747 Constantini
1099 5693 1259 5748 Ducas
1292 5695 1663 5763 imperatoris,
1704 5710 1851 5749 mor-

290 5789 383 5834 tuo
432 5782 680 5837 Romano
725 5782 951 5852 Diogeni
1026 5784 1316 5847 successit,
1381 5786 1651 5853 septimus
1708 5785 1853 5838 inter

292 5874 570 5947 Augustos
602 5875 927 5948 Byzantinos
955 5874 1216 5945 Michael;
1270 5891 1432 5950 quem
1466 5879 1607 5932 inter
1629 5891 1679 5934 ct
1710 5880 1855 5933 hunc

1961 4673 2234 4729 mereudze
2267 4675 2593 4745 regnatricis
2626 4677 2822 4732 domus
2853 4679 3039 4747 gratiae
3061 4720 3076 4743 ,
3109 4682 3381 4744 scribens,
3407 4700 3545 4736 nun-

1961 4780 2123 4835 quam
2159 4781 2283 4821 eum
2319 4768 2427 4823 alio
2452 4769 2646 4839 gentili
2673 4785 2838 4839 quam
2864 4769 3156 4842 Palaaologi
3199 4773 3422 4827 nomine
3447 4774 3541 4828 de-

1959 4861 2159 4929 signat.

2032 4952 2294 5008 lltsronu
2355 4953 2568 5010 ιὶειιωι.
2603 4954 2750 5010 Duas
2789 4956 3049 5011 historias
3091 4958 3359 5025 separatis
3386 4961 3543 5011 volu-

1960 5048 2201 5101 minibus
2228 5057 2282 5101 et
2315 5048 2491 5101 titulis
2523 5048 2886 5118 Pachymeres
2940 5049 3181 5116 reliquit.
3220 5060 3277 5102 ut
3305 5050 3358 5103 in
3393 5050 3543 5103 codi-

1962 5140 2118 5193 cibus
2168 5139 2392 5208 optimis
2432 5140 2734 5194 Darherino
2783 5150 2837 5195 et
2900 5141 3175 5194 Allatiano
3231 5142 3539 5196 distinctis~

1960 5233 2111 5285 simae
2147 5233 2423 5302 leguntur.
2466 5232 2611 5288 Licet
2660 5231 2957 5288 Vaticanus
2995 5235 3405 5303 paraphrastes,
3446 5236 3539 5303 qui

1963 5327 2132 5379 multa
2188 5327 2485 5390 contraxit,
2542 5329 2786 5395 qumdam
2833 5328 3061 5391 addidit,
3108 5331 3365 5399 pleraque
3418 5348 3540 5382 tnu-

1962 5418 2132 5481 tavit,
2176 5419 2368 5471 ambas
2416 5418 2470 5471 in
2505 5420 2660 5487 opus!
2684 5436 2849 5473 unum
2876 5420 3231 5483 conﬂavetit;
3268 5424 3358 5477 cui
3400 5423 3539 5477 forte

1959 5512 2153 5565 similis
2174 5512 2332 5565 fuerit
2350 5514 2701 5580 Augustanus
2732 5513 3026 5575 illecodcx,
3050 5516 3192 5569 unde
3222 5532 3317 5569 sua
3336 5533 3539 5570 excer-

1959 5615 2047 5671 pta
2100 5603 2330 5658 Wolﬁus
2361 5606 2617 5674 sumpsit:
2643 5623 2765 5661 nam
2795 5618 2848 5661 et
2894 5607 2942 5660 is
2990 5623 3151 5659 unam
3202 5625 3266 5662 ex
3327 5610 3539 5664 duabus

1961 5694 2307 5767 Paehymeris
2340 5699 2621 5752 historiam
2647 5698 2861 5754 videtur
2893 5714 3215 5769 agnoscere.
3247 5700 3353 5756 Nos
3387 5702 3536 5771 prio-

1960 5805 2072 5844 rem
2134 5789 2411 5848 Michaelis
2470 5791 2578 5845 Vlll
2635 5793 2920 5859 Palzeologi
2971 5804 3090 5847 acta
3147 5808 3537 5865 exsequentem

1962 5883 2120 5937 modo
2142 5882 2333 5939 damus
2358 5925 2371 5951 ,
2408 5885 2685 5952 alias,Deo
2725 5887 2936 5942 volente
2960 5926 2972 5950 ,
2999 5888 3367 5943 Andronicum
3389 5886 3537 5955 ejus-
