3992 6524
449 370 591 436 1087
1380 372 1449 435 P.
1491 370 1797 431 POSSINI
1830 370 2046 430 OBSEl

2152 370 2494 432 \TIONUM
2523 370 2669 430 ΗΒ.
2710 369 2789 433 II.
3582 369 3711 434 1083

441 488 567 544 (lem
601 489 925 558 scriptoris,
952 491 1069 547 sive
1114 490 1183 546 de
1212 490 1381 560 gestis
1424 489 1732 545 Andronici
1783 488 2033 544 Senioris

2152 491 2302 544 αένον
2350 489 2729 557 παιδεύσεως,
2765 490 3116 560 perfunctum
3172 492 3284 562 jam
3346 498 3463 565 tum
3521 494 3715 547 studiis

438 581 615 638 libros
644 583 756 649 VII,
791 586 847 640 itt
879 586 1056 639 lucem
1086 586 1369 641 emissuri.
2140 581 2315 638 fuisse
2336 581 2724 637 humaniorutn
2748 583 3295 656 litterarum,magis,
3317 584 3368 637 ni
3397 584 3579 650 fallor,
3595 601 3717 639 cou-

516 676 652 746 Pag.
711 679 801 732 il.
842 676 1470 747 Constantittopolitanus
1504 695 1729 748 genere,
1774 689 1923 734 ortus
1981 682 2033 728 et
2138 675 2287 744 gruit
2318 692 2441 731 cum
2465 685 2626 732 :ctate
2659 692 2930 733 annorum
2975 679 3284 735 sexdecim.
3318 677 3523 733 Parum
3578 683 3713 734 enim

444 772 703 827 educatus
753 768 974 825 Nicator.
1008 769 1373 843 Pacltymeres
1416 770 1576 839 hujus
1620 771 1825 827 Histor.
1851 773 2029 843 p.158
2138 778 2221 825 est
2250 770 2552 827 verisimile
2597 772 2974 827 undecennem
3027 789 3256 843 puerum
3282 774 3713 844 grammaticam,

443 874 681 920 testatur
726 874 935 934 patrem
997 881 1158 919 suum
1210 864 1880 935 Constantinopolitanum
1950 865 2035 921 ci-
2137 861 2499 929 rhetoricam,
2532 864 2705 934 ipsam
2738 867 3165 936 philosophiam,
3190 882 3314 921 cum
3345 868 3563 923 artibus
3590 885 3763 938 (μισ-ι

441 971 563 1009 vem
611 955 802 1019 fuisse.
863 958 1116 1015 exsulare
1165 972 1193 1010 a
1240 958 1414 1026 patria
1467 967 1722 1015 coactum
1763 958 1834 1013 ob
1876 958 2032 1014 Lati.
2141 961 2268 1008 tuor
2288 954 2417 1010 huic
2444 957 2913 1031 subjectis,625
2934 959 3309 1027 arithmetica,
3337 962 3574 1024 musica,
3601 976 3721 1028 geo-

444 1062 547 1100 nos
580 1048 656 1101 ibi
729 1047 1097 1105 dominantes.
1149 1048 1295 1103 Sane
1324 1066 1446 1104 cum
1480 1050 1623 1107 idem
1661 1050 2030 1120 Pachymeres
2141 1050 2335 1104 metria
2366 1061 2421 1105 et
2471 1054 2842 1115 astronomia,
2878 1054 3014 1113 satis
3058 1064 3345 1131 perceptas
3384 1056 3591 1110 habere
3637 1071 3717 1124 po-

442 1141 535 1195 ltic
564 1141 756 1194 doceat
779 1156 838 1195 se
860 1158 1065 1196 annum
1092 1143 1272 1197 aetatis
1327 1142 1800 1198 undevicesimum
1837 1152 2033 1211 agente
2142 1141 2333 1196 tuisse.
2369 1142 2957 1224 "uideuatglsiquidem
2988 1146 3282 1214 ἐγκύκλιος
3318 1156 3399 1200 tot
3432 1147 3521 1199 illa
3577 1162 3719 1201 cum-

440 1232 631 1303 pulsos
685 1231 1162 1304 Constantinopoli
1190 1234 1356 1306 625.
1382 1234 1633 1300 Latinos,
1664 1246 1719 1289 et
1760 1234 1902 1291 libro
1942 1238 2040 1290 ha.
2144 1230 2509 1301 plectebatur,
2542 1242 2603 1288 ut
2632 1251 2697 1289 ex
2726 1234 2943 1291 Joanne
2976 1236 3173 1293 Tzetze
3206 1237 3638 1309 intelligitur,sic
3660 1240 3719 1295 de

440 1336 565 1375 rum
616 1321 833 1378 Observ.
872 1340 933 1380 Ill
971 1325 1406 1380 demonstraturi
1450 1328 1627 1382 simus
1692 1336 1965 1397 receptam
2005 1342 2037 1383 e
2146 1322 2235 1380 ltis
2269 1325 2553 1382 scribente
2585 1326 2825 1383 Chiliad.
2861 1345 2943 1393 ιι,
2968 1341 3102 1386 sect.
3135 1329 3261 1386 367:

440 1415 652 1471 Latinis
693 1418 879 1472 urbem
923 1434 1278 1488 recuperasse
1302 1419 1522 1475 Graecos
1540 1429 1664 1475 octo
1696 1432 1750 1476 et
1769 1420 2044 1493 quinqua-

442 1508 592 1579 ginta
620 1512 784 1567 annis
812 1520 1096 1582 postquam
1124 1514 1450 1579 amiserant,
1504 1515 1665 1571 facile
1681 1515 1856 1586 potuit
1883 1504 2037 1568 nasci

441 1604 637 1658 Nicaea:
650 1604 1015 1676 Pacltymeres
1042 1607 1183 1676 patri
1209 1607 1826 1677 quinquagenario,qui
1862 1623 2040 1677 usque

2146 1674 2976 1759 ζζρᾳμιέατικῆςορητορςκῆς.
3009 1677 3203 1759 ebrii;
3225 1674 3621 1759 φίλρσςφῖας.

443 1697 511 1751 ad
531 1712 735 1751 annum
755 1699 933 1753 artatis
954 1699 1303 1753 undecimum
1348 1700 1402 1753 in
1419 1710 1643 1769 paterna
1672 1702 1840 1755 domo
1889 1700 2035 1757 Con-

2152 1697 2170 1727 l
2192 1697 2601 1741 ραμματικης.
2620 1697 2976 1745 ρητορικης.
3009 1697 3203 1745 αυτης
3225 1697 3621 1749 φιλοσοφίας,

2152 1746 2260 1798 Καὶ
2286 1743 2405 1798 τῶν
2426 1746 2745 1807 τεσσάρων
2764 1748 2834 1801 δὲ
2860 1748 3091 1807 τεχνῶν
3109 1748 3228 1804 τῶν
3247 1751 3351 1806 ὑπ’
3379 1752 3580 1807 αὐτὴν
3611 1770 3717 1807 κει-

596 1791 608 1805 ,
780 1792 792 1803 ,
1292 1794 1295 1797 .
1420 1764 1432 1769 -
1586 1794 1598 1806 ,
1841 1794 1853 1805 ,
1899 1794 1912 1806 ,
2147 1764 2260 1798 nat
2286 1764 2405 1798 των
2426 1764 2745 1815 τεσσαρων
2764 1764 2834 1801 οε
2860 1765 3091 1819 τεχνωγ
3109 1766 3228 1804 των
3247 1764 3351 1806 ὑπ’
3379 1764 3580 1817 αὐτὴν
3611 1770 3654 1806 κδ

443 1792 796 1856 stautmopolt
822 1794 1088 1848 educatus
1119 1794 1191 1849 ob
1221 1809 1448 1849 exosam
1480 1794 1805 1849 Latinorum
1839 1795 1916 1848 tbt
1938 1794 2040 1849 do-
2072 1852 2115 1893 ﬂ
3412 1820 3654 1893 [Mywn

442 1882 797 1937 ntinatiottem
826 1884 1060 1939 Nicaeam
1086 1887 1427 1957 migraverit.
1452 1885 1646 1942 Tradit
1676 1888 1824 1942 enim
1856 1887 2034 1942 Acro-

2152 1883 2268 1973 Ξῆς
2302 1886 3039 1973 τζριθσιιούσηςημουσικῆς
3070 1891 3167 1973 καί
3186 1890 3312 1973 ,τῆς
3342 1852 3692 1973 γεεᾷἷτιὲἷᾶς

441 1975 611 2043 polita
639 1974 893 2032 Historia:
914 1994 1026 2033 sua:
1052 1994 1105 2033 c.
1149 1956 1205 2043 6,
1250 1979 1476 2035 Latinos
1528 1981 1662 2035 urbe
1697 1990 1859 2050 capta
1897 1981 2035 2035 libe-

2152 1956 2252 2009 Καὶ
2277 1956 2390 2025 τῆς
2421 1957 2910 2027 οὐρανοδὰμονος
2939 1960 3135 2030 αὐτῆς
3168 1956 3601 2032 dementriae.

441 2083 563 2122 ram
594 2069 798 2124 Graecis
822 2072 1041 2126 dedisse
1070 2071 1386 2128 facultatem
1417 2075 1501 2129 vel
1535 2072 1609 2128 ibi
1651 2074 1908 2129 manendi
1941 2074 2029 2129 vel

444 2161 554 2215 alio
581 2163 855 2230 migrandi
884 2182 898 2218 :
928 2165 1044 2233 Τῆς
1070 2166 1283 2230 πόλεως
1322 2167 1714 2239 κυριεύσαντες
1737 2169 1788 2222 oi
1837 2169 2034 2222 Ἰταλοὶ

442 2254 627 2307 ἄδειαν
663 2256 929 2310 δεδώκασι
953 2261 1065 2321 τοῖς
1103 2258 1308 2331 ταύτης
1332 2262 1644 2331 οἰκήτορσι,
1680 2262 1807 2324 τοὺς
1849 2261 2037 2314 θέλον-

443 2364 547 2411 τας
576 2353 762 2417 μένειν
797 2367 855 2402 τε
895 2351 990 2403 καὶ
1029 2352 1135 2404 ὑπὸ
1161 2355 1354 2423 χεῖρας
1383 2347 1524 2405 εἶναι
1576 2353 1779 2419 αὐτῶν,
1839 2354 1965 2417 τοὺς
1994 2353 2039 2405 δ’

443 2440 742 2503 ἀκωλύτως
808 2442 1146 2511 ἀπέρχεσθαι
1194 2444 1300 2510 ὅπη
1339 2445 1404 2498 ἂν
1460 2444 1754 2513 βούλοιντο.
1786 2444 1907 2500 Mox
1946 2446 2043 2499 ad-

444 2530 527 2584 dit
564 2533 854 2602 plerosqtte
880 2534 1242 2590 illustriorem
1281 2537 1422 2590 clam
1456 2545 1550 2591 aut
1591 2537 1766 2605 palam
1809 2538 2039 2601 abiisse,

2367 1463 2693 1531 Ἔγκύκλια
2713 1466 3033 1535 μαθήματα
3062 1469 3393 1523 καλοῦνται

2158 1531 2222 1586 ’0
2255 1533 2484 1601 κύκλος
2503 1535 2571 1589 τὸ
2600 1531 3007 1609 συμπέρασμα
3039 1538 3284 1592 πάντων
3311 1540 3431 1592 τῶν
3450 1542 3716 1680 μὶιθημά-

3517 1629 3653 1675 των,

2139 2059 2340 2124 Fateor
2405 2072 2681 2127 interdum
2730 2075 2903 2129 solam
2962 2078 3378 2147 grammaticam
3436 2078 3717 2145 ἐγκυκλίου

2142 2161 2480 2226 παιδεύσεως
2528 2167 2805 2221 mentione
2843 2168 3117 2236 designari
3162 2170 3308 2223 κατὰ
3358 2171 3716 2242 κατάχρησιν,

2140 2253 2203 2306 ού
2225 2253 2371 2324 λόγῳ
2399 2255 2457 2308 δὲ
2488 2256 2683 2326 κυρίῳ,
2712 2267 2766 2311 ιιι
2803 2257 2946 2311 idem
2974 2259 3204 2315 'l‘zetzes
3230 2260 3432 2316 ibidem
3458 2262 3715 2328 loquitur;

2143 2360 2243 2399 nec
2272 2361 2339 2401 eo
2366 2346 2580 2403 inﬁcias
2604 2349 2777 2403 videri
2810 2364 2970 2418 posse
3002 2351 3242 2405 locutum
3274 2366 3339 2406 eo
3365 2367 3529 2407 sensu
3560 2353 3717 2406 Acro-

2142 2436 2392 2507 politam,
2431 2437 2559 2491 dum
2594 2440 2661 2493 de
2702 2440 2796 2493 illa
2829 2455 2992 2509 quam
3024 2444 3340 2509 percepisse
3367 2442 3485 2511 jam
3515 2453 3626 2497 tum
3663 2460 3717 2499 se

2142 2530 2220 2583 ait
2234 2530 2509 2602 encyclica
2534 2532 2809 2597 doctrina,
2832 2534 3016 2588 statim
3035 2534 3223 2589 subdit
3241 2535 3308 2606 ἢν
3330 2537 3714 2606 γραμματικὴν

2143 2623 2608 2691 κατονομάζουσιν
2640 2626 2690 2677 oi
2723 2624 2933 2688 πολλοὶ,
2967 2643 3128 2697 quam
3178 2628 3418 2698 plerique
3455 2646 3717 2700 grantqu

2146 2717 2308 2772 ticam
2337 2718 2638 2782 nominant,
2670 2720 2975 2785 praesertim
3017 2734 3141 2773 cum
3183 2721 3348 2789 paulo
3379 2730 3527 2786 post,
3561 2737 3611 2775 c.
3640 2722 3719 2776 ni-

2147 2807 2344 2860 mirum
2381 2808 2473 2868 52,
2509 2807 2655 2861 idem
2705 2806 2972 2877 adjungat
3014 2823 3077 2862 se
3111 2806 3335 2862 hortatu
3380 2792 3715 2878 imperatoris

2143 2897 2391 2964 Joannis,
2430 2898 2495 2951 ad
2530 2914 2693 2969 quem
2750 2900 2958 2954 missus
3010 2898 3217 2962 fuerat,
3271 2899 3581 2972 ὑψηλοτέρα
3615 2899 3715 2952 τῶν

2146 2990 2323 3060 λόγων
2361 2991 2648 3046 παιδεύσει
2684 2992 2782 3046 καὶ
2819 2993 3064 3060 λογικοῖς
3102 2993 3472 3064 παιδεύμασιν
3510 3009 3712 3061 operam

2150 3082 2391 3148 dedisse,
2440 3083 2705 3153 magistro
2766 3081 3060 3139 Theodoro
3106 3086 3475 3157 Exapterygo.
3529 3084 3710 3142 Verum

2151 3173 2268 3230 hac
2302 3192 2408 3231 non
2439 3177 2658 3231 obstant
2681 3176 2794 3247 jam
2832 3178 3052 3247 positis,
3088 3192 3211 3232 cum
3239 3179 3311 3234 sit
3338 3196 3470 3234 vero
3490 3180 3710 3235 similius

2147 3269 2538 3338 γραμματικῆς
2577 3269 2899 3324 vocabulum
2952 3286 3059 3325 non
3108 3272 3588 3343 καταχρηστικῶς,
3625 3272 3708 3328 sed

2148 3360 2353 3430 κυρίως
2385 3361 2457 3414 ibi
2494 3362 2863 3432 Acropolitam
2893 3380 3214 3435 usurpasse,
3253 3381 3318 3421 ac
3348 3382 3457 3421 non
3500 3367 3707 3422 alterius

2148 3455 2361 3525 generis
2400 3454 2743 3524 disciplinas,
2775 3458 2870 3512 sed
2898 3457 3159 3528 majorem
3197 3459 3250 3517 itt
3277 3459 3389 3529 jam
3430 3460 3710 3532 degustatis

444 2639 688 2692 quorum
724 2642 756 2679 e
786 2640 1015 2680 numero
1052 2625 1226 2682 fuisse
1256 2626 1608 2699 Pacltytneris
1636 2639 1851 2699 patrem
1900 2629 2044 2685 veri-

442 2714 627 2771 simile
671 2724 776 2771 est.

547 2808 689 2866 ibid.
715 2810 871 2865 Clero
908 2812 1203 2879 ascriptus.
1234 2810 1292 2867 In
1326 2814 1516 2870 Graeco
1545 2817 1739 2885 legitur
1775 2818 1922 2887 apud
1946 2834 2047 2888 0p-

441 2901 609 2956 timos
641 2901 783 2957 codd
810 2941 825 2956 .
869 2901 912 2955 B
938 2912 994 2957 et
1028 2904 1067 2956 A
1102 2902 1231 2971 θείῳ
1264 2904 1461 2968 σωθεὶς
1530 2908 1739 2978 κλήρῳ,
1769 2921 2047 2977 proutex-

440 2996 782 3064 pressimus.
809 2991 1017 3063 Nempe
1049 2994 1325 3059 σώζεσθαι
1356 3000 1654 3069 aliquando
1670 3004 2048 3072 estappellere

443 3095 541 3142 aut
571 3088 892 3157 pervenire.
928 3087 1199 3156 Codinus,
1230 3091 1391 3155 αρε,
1418 3094 1484 3146 de
1525 3109 1728 3163 sponsa
1753 3096 2048 3164 imperato-

443 3183 552 3235 ris:
589 3179 748 3233 Κατὰ
770 3182 870 3250 τὴν
917 3181 1132 3250 ἡμέραν
1191 3183 1316 3235 καθ’
1346 3184 1415 3255 ἣν
1460 3187 1643 3254 μέλλει
1694 3188 2114 3271 ἁποσωθῆναιε

444 3275 526 3337 είς
573 3273 673 3343 τὴν
727 3274 909 3326 πόλιν.
947 3272 1064 3338 Quo
1099 3275 1185 3328 die
1212 3290 1526 3337 perventura
1580 3279 1635 3332 in
1694 3281 1876 3334 urbem
1925 3292 2044 3335 est.

446 3369 751 3422 Vaticanus
778 3368 888 3437 jam
918 3368 1046 3422 hinc
1100 3370 1372 3440 incipiens
1426 3373 1754 3428 obscuriora
1797 3376 2049 3430 clariori-

447 3462 550 3516 bus
581 3471 796 3515 mutare
824 3461 953 3531 θείῳ
984 3462 1169 3534 κλήρῳ
1197 3463 1372 3529 δοθεὶς
1398 3468 1607 3534 posuit.

554 3552 696 3621 Pag.
728 3555 818 3609 12.
858 3552 926 3608 Ut
961 3555 1148 3609 doetus
1181 3556 1398 3623 quidam
1424 3560 1688 3612 asseruit.
1714 3561 1956 3627 Apparet
1982 3575 2047 3614 ex

450 3644 562 3701 illis
586 3646 770 3701 verbis
800 3646 889 3699 διὰ
916 3646 977 3699 τὸ
1009 3648 1248 3716 φανέντα
1277 3649 1618 3720 κρύπτεσθαι
1641 3662 1727 3706 etc
1748 3691 1764 3706 .
1800 3652 1871 3725 [P
1915 3652 2045 3723 4⁸55]

449 3743 668 3797 doctum
697 3744 844 3798 hunc
869 3743 1197 3813 Sophoclem
1223 3762 1368 3807 esse,
1398 3750 1557 3817 cujus
1591 3751 1643 3804 in
1664 3750 1830 3817 Aiace
1855 3768 2050 3819 μαστι·

447 3836 668 3907 γοφόρῳ
702 3838 789 3892 illa
823 3848 1003 3894 exstat
1033 3839 1265 3895 celebris
1292 3841 1359 3895 de
1381 3850 1628 3912 tempore
1674 3845 1971 3899 sententia:

590 3949 837 4026 "sinam?
870 3953 925 4026 dA
955 3953 1656 4026 paxpdcadrapt'opntoc
1707 3955 1928 4026 χρόνος

618 4024 757 4074 Φύει
783 4022 829 4073 τ’
856 4021 1053 4088 ἄδηλα
1080 4021 1085 4022 ί
1110 4022 1206 4076 καί
1230 4021 1498 4092 φανέντα
1528 4021 1873 4094 κρύπτεται.

521 4112 653 4183 Pag.
680 4114 766 4168 H.
800 4113 829 4167 1
835 4116 960 4167 stud
978 4125 1350 4185 argumentum
1367 4130 1797 4188 praeoccupatum
1818 4120 1882 4173 ab
1897 4120 2046 4176 aliis.

451 4203 637 4259 Videri
670 4215 851 4276 potest
880 4207 1108 4263 innttere
1161 4206 1404 4263 Nicetatn
1443 4210 1792 4277 Choniatem,
1843 4212 1935 4281 qui
1992 4220 2049 4268 et

452 4302 610 4358 urbis
634 4305 1107 4373 expugnationem
1144 4319 1172 4358 a
1207 4304 1421 4361 Latinis
1453 4315 1508 4361 et
1544 4322 1633 4363 res
1677 4308 1887 4377 aliquot
1928 4319 2052 4379 post

450 4410 574 4451 eam
611 4409 906 4460 annorum,
961 4404 1123 4465 prottt
1165 4399 1280 4466 geri
1316 4398 1556 4458 \ideltat.
1600 4400 1852 4471 scripsit.
1876 4400 2049 4456 Geor-

455 4490 603 4557 gium
640 4489 869 4556 quidem
903 4490 1280 4558 Astapolitam
1330 4492 1664 4561 logotltetam
1696 4503 1750 4548 et
1779 4491 2053 4564 Nicepho-

2148 3562 2502 3617 progressum
2534 3548 2586 3605 in
2620 3549 2808 3605 schola
2840 3551 3166 3622 Exaptetygi
3212 3552 3500 3621 quaesisse,
3531 3554 3708 3622 quippe

2148 3656 2177 3693 a
2218 3656 2348 3709 quo,
2378 3650 2437 3696 ut
2465 3643 2582 3708 ipse
2626 3646 2749 3696 mox
2800 3642 2976 3704 addit.
3014 3653 3222 3712 septem
3263 3646 3428 3709 annis
3459 3646 3587 3700 niltil
3618 3648 3705 3699 nisi

2147 3734 2258 3787 τῶν
2289 3735 2612 3802 ποιημάτων
2641 3734 2940 3803 σαφήνειαν
2969 3733 3185 3805 καὶτῆς
3208 3734 3317 3789 τῶν
3336 3735 3512 3805 λόγων
3533 3735 3706 3805 τέχνης

2146 3826 2498 3878 διδασκαλίαν
2524 3828 2851 3896 perceperit,
2881 3841 3111 3896 quorum
3150 3835 3407 3882 neutrum
3443 3828 3706 3898 encyclica:

2152 3914 2358 3970 limites
2387 3916 2627 3971 excedit.
2667 3916 2913 3985 Denique
2942 3918 3219 3975 sexdecim
3255 3926 3446 3973 natum
3479 3933 3638 3971 annos
3658 3933 3707 3970 se

2151 4007 2206 4061 in
2237 4006 2464 4060 Joannis
2485 4009 2663 4061 aulam
2688 4007 2988 4062 admissum
3023 4009 3158 4064 satis
3189 4009 3483 4063 manifeste
3512 4012 3707 4063 demou-

2150 4109 2287 4155 strat
2319 4100 2661 4168 Acropolita,
2705 4103 2835 4155 dum
2876 4116 2924 4155 c.
2959 4101 3029 4156 59.
3063 4102 3299 4172 primam
3335 4116 3449 4156 rem
3490 4102 3704 4155 omnium

2152 4206 2275 4261 quae
2304 4192 2407 4262 ipsi
2439 4193 2491 4246 itt
2523 4197 2793 4248 comitatu
2818 4192 3051 4249 Joannis
3086 4197 3319 4263 Augusti
3360 4195 3705 4261 contigerunt,

2152 4294 2422 4345 memorat
2466 4285 2552 4340 sui
2585 4287 2941 4341 traditionem
2978 4288 3031 4342 in
3072 4288 3426 4357 disciplinam
3463 4286 3705 4342 Theodori

2150 4376 2499 4450 Exapterygi,
2546 4394 2709 4446 quem
2761 4395 2821 4434 se
2867 4380 3061 4436 audire
3103 4380 3341 4448 cmpisse
3364 4384 3442 4439 ait
3470 4382 3704 4434 ἑπτακαι-

2149 4470 2379 4525 δέκατον
2430 4470 2552 4533 ιτος
2598 4471 2823 4538 ἄγοντα,
2869 4470 3130 4526 decimum
3178 4474 3459 4540 septimum
3499 4480 3706 4542 agentem

453 4591 577 4630 rum
611 4576 909 4647 Gregoram
937 4593 1003 4632 ne
1042 4578 1196 4632 inuui
1230 4580 1330 4634 ltoc
1368 4581 1492 4636 loco
1534 4597 1564 4636 a
1592 4581 1923 4655 Pacbymere
1954 4599 2046 4653 pu-

2158 4578 2358 4617 annum
2387 4577 2406 4616 :
2440 4562 2639 4632 quodsi
2678 4564 2792 4632 jam
2823 4562 3115 4619 undecimo
3161 4564 3343 4619 atatis
3373 4563 3443 4619 ad
3471 4562 3704 4619 J0anttetn

454 4681 566 4729 tem
597 4670 747 4735 facit,
767 4671 914 4741 quod
942 4669 1214 4741 Gregoras
1236 4680 1361 4744 post
1390 4675 1780 4747 Pacltynterem
1805 4677 2048 4747 scripsit:

451 4764 769 4832 Acropolita
797 4780 950 4829 vero,
987 4765 1116 4820 licet
1153 4766 1447 4837 aliquanto
1473 4769 1662 4824 senior
1691 4770 2050 4840 Pacltymere,

450 4856 639 4927 jtmior
681 4866 861 4911 tamen
888 4856 1182 4927 fuitquam
1242 4868 1301 4913 ut
1334 4875 1422 4915 res
1470 4859 1747 4916 Theodori
1799 4859 2053 4916 Lascaris

454 4948 654 5016 prioris
716 4959 967 5018 spectare.
1003 4966 1247 5019 praesens
1277 4953 1537 5021 potuerit,
1592 4970 1732 5024 quas
1782 4969 1848 5009 ex
1904 4952 2051 5009 fama

453 5047 509 5094 et
534 5043 910 5095 monumentis
944 5042 996 5096 in
1031 5042 1320 5098 historiam
1377 5043 1644 5113 digessit.
1671 5044 1786 5101 Hoc
1830 5061 1895 5100 ex
1932 5044 2052 5115 ejus

451 5132 687 5187 ltistoria
721 5133 865 5187 clare
898 5133 1201 5189 discimus.
1238 5134 1445 5191 Scribit
1465 5138 1614 5191 cnim
1651 5139 1743 5193 ille
1776 5138 1849 5192 ibi
1874 5153 1926 5191 c.
1961 5139 2052 5197 i9.

455 5240 511 5294 ι).
542 5226 635 5289 ‘25,
657 5226 746 5280 ed.
783 5226 936 5296 lieg.:
967 5227 1102 5280 Τότε
1149 5228 1244 5280 καὶ⁵
1293 5228 1457 5292 αὐτὸς
1508 5230 1647 5299 πρὸς
1701 5229 1810 5282 τῶν
1854 5230 2057 5296 γονέων

453 5324 520 5377 ὲκ
540 5325 641 5392 τῆς
696 5323 1108 5377 Κωνσταντίνου
1144 5324 1458 5394 ἀπεστάλην
1499 5325 1576 5395 τῷ
1632 5325 1844 5395 βασιλεῖ
1876 5328 2059 5380 ἑκκαι-

453 5414 691 5483 δεκάτης
708 5413 947 5484 (videtur
975 5414 1268 5484 legendum
1307 5417 1733 5486 ἑκκαιδεκαέτης
1774 5418 1893 5484 ὧν).
1913 5418 2058 5473 Tunc

452 5517 505 5561 et
543 5509 655 5573 ipse
685 5526 716 5561 a
752 5508 1060 5575 parentibus
1114 5524 1180 5562 ea:
1228 5509 1356 5563 urbe
1415 5510 1896 5580 Constantinopoli
1934 5513 2063 5564 ntis-

453 5615 546 5656 sua
586 5615 701 5651 sum
735 5598 809 5653 ad
837 5599 1211 5665 imperatorem
1254 5597 1517 5653 sexdecim
1539 5616 1705 5653 annos
1729 5611 1909 5654 natus.
1946 5602 2057 5670 Ap-

457 5700 615 5761 paret
644 5692 1032 5746 doctissimum
1091 5693 1450 5763 intcrpretem
1500 5693 1699 5762 legisse
1740 5692 2065 5764 ὲνδεκαέτης

370 5817 377 5823 -
462 5800 562 5852 pro
592 5784 1040 5853 ἑκκαιδεκαέτης
1072 5787 1231 5839 vertit
1250 5787 1395 5839 enim
1421 5785 1660 5840 undecim
1686 5801 1852 5839 annos
1878 5794 2062 5838 nutus.

463 5876 569 5932 Sed
606 5876 750 5948 quod
785 5877 931 5932 addit
957 5878 1142 5934 statim
1177 5886 1367 5933 auctor
1397 5876 1759 5947 εοέγκυιιλίου
1790 5877 2069 5948 inulla-ﬁ

2159 4662 2423 4727 venisset,
2457 4663 2800 4731 oportuisset
2834 4676 2963 4718 eum
3008 4661 3082 4717 ibi
3129 4655 3226 4721 sei
3276 4662 3408 4719 tatis
3434 4663 3584 4716 annis
3606 4659 3707 4716 sine

2154 4755 2273 4810 ulla
2321 4754 2684 4824 occupatione
2740 4753 3045 4815 desedisse.
3084 4752 3194 4810 Pro
3238 4762 3396 4811 certo
3439 4755 3594 4825 igitur
3628 4754 3708 4805 Ita-

2157 4848 2396 4904 bendum
2426 4861 2582 4903 sexto
2608 4848 2826 4903 decimo
2860 4850 3037 4903 aetatis
3058 4862 3204 4904 anno
3231 4848 3471 4914 rupisse
3494 4850 3708 4913 Acropo-

2161 4945 2314 4998 litam
2368 4941 2567 4997 Joanni
2630 4942 2886 5012 Augusto
2933 4943 3232 4999 adhaerere.
3282 4941 3406 5006 Quo
3454 4952 3620 4995 autem
3662 4936 3706 4991 id

2159 5038 2410 5107 ejusdem
2446 5036 2678 5091 Joannis
2714 5036 2930 5104 imperii
2979 5046 3142 5104 atque
3191 5035 3329 5090 adeo
3362 5035 3557 5090 Christi
3586 5044 3706 5086 anno

2162 5133 2476 5201 contigerit,
2508 5130 2906 5200 explorandum
2940 5145 3085 5185 nunc
3115 5139 3219 5187 est.
3262 5127 3349 5201 [P.
3371 5128 3498 5200 £36]
3525 5127 3707 5182 Adven-

2164 5237 2279 5281 tum
2309 5226 2363 5280 itt
2396 5225 2582 5278 aulam
2608 5214 2838 5278 Ioannis
2867 5239 3028 5279 suum
3063 5223 3113 5277 in
3152 5222 3205 5277 id
3238 5235 3453 5292 tempus
3478 5218 3709 5276 incidisse

2165 5326 2356 5371 narrat
2380 5310 2719 5383 Acropolita,
2743 5328 2853 5381 quo
2883 5322 3126 5380 tempore
3158 5309 3404 5365 Roberto
3425 5308 3709 5362 Latinorum

2167 5412 2497 5479 imperatore
2543 5415 2763 5462 mortuo
2806 5405 3050 5463 Joannes
3075 5404 3207 5461 olim
3242 5401 3708 5473 Hierosolytttorum

2166 5522 2259 5560 rex
2320 5502 2854 5570 Constantinopolim
2911 5510 2996 5553 est
3047 5508 3314 5553 evocatus
3365 5497 3431 5551 ad
3490 5509 3570 5549 res
3619 5488 3709 5544 illic

2169 5597 2567 5657 moderandas,
2623 5594 2804 5664 quoad
2868 5591 3172 5647 Balduittns
3224 5606 3364 5659 puer
3415 5590 3465 5642 in
3521 5592 3707 5640 tetatetu

2170 5690 2403 5761 imperio
2434 5690 2685 5743 idoneam
2711 5688 3060 5743 adolevisset.
3093 5685 3367 5741 liabet-tus
3392 5688 3563 5735 autem
3587 5686 3711 5730 anno

2171 5783 2373 5839 Christi
2422 5782 2573 5837 1223.8
2634 5789 2730 5836 aut
2787 5780 3043 5850 sequenti
3105 5790 3190 5834 est
3252 5785 3537 5838 mortuus;
3590 5768 3711 5825 unde

2173 5874 2401 5931 Joannis
2458 5873 2788 5930 Bt'enttensis
2835 5888 2896 5928 ex
2953 5869 3130 5937 italia,
3162 5869 3255 5926 ubi
3298 5866 3553 5938 Gregorio
3580 5860 3708 5915 Nouo
