3992 6524
1476 402 1485 429 t

311 433 445 498 1083

1820 434 2065 495 ΝΟΤίΕ.

3428 434 3564 500 1000

309 546 597 609 militabat,
624 542 1155 614 Constantinopolim
1190 545 1453 614 appulsus
1488 542 1553 597 ad
1578 543 1706 599 Chr.
1742 543 1879 598 12‘29
1910 555 1955 607 Α
1985 552 2097 597 tum
2152 538 2401 599 Historiae
2434 559 2544 599 sua:
2584 555 2697 601 tum
2733 543 3003 616 .Chrouici
3040 546 3332 615 compendi
3354 549 3439 603 nrii
3475 565 3562 606 se-

306 647 401 694 aut
450 636 588 692 1230
633 636 892 709 pertinet,
946 638 1166 706 quando
1209 635 1448 690 Joannes
1494 635 1737 702 Batatza,
1787 637 1879 704 qui

306 747 451 785 anno
488 731 693 785 Christi
746 730 885 784 i222
927 727 1219 784 Theodoro
1270 726 1495 782 Laseari
1542 744 1642 783 suo
1689 744 1883 783 socero

307 832 673 889 successerat,
729 832 983 877 octavum
1032 830 1127 876 attt
1177 820 1381 876 nonum
1430 823 1641 891 imperii
1678 837 1881 875 annum

308 916 652 969 numerabat.
679 915 844 985 626
875 915 979 969 Nec
1007 930 1094 968 res
1122 914 1288 984 igitur
1312 912 1583 966 Theodori
1608 911 1882 977 Lascaris,

309 1024 407 1062 nec
448 1008 607 1077 primi
646 1007 897 1060 decennii
948 1004 1177 1061 Joannis
1226 1007 1460 1059 Batatzaa
1510 1015 1655 1071 acta,
1718 1005 1885 1061 scribi

308 1119 371 1154 ex
425 1101 640 1155 oculata
693 1100 884 1154 notitia
934 1101 1002 1154 ab
1051 1100 1365 1170 AcrOpolita
1424 1106 1669 1167 potuere.
1709 1100 1890 1164 Quare

308 1191 446 1244 alios
500 1190 661 1244 nobis
705 1190 1015 1259 incognitos
1050 1190 1236 1242 talium
1286 1201 1577 1245 eventuum
1614 1188 1890 1252 αὐτόπτας

312 1285 606 1338 historicos
649 1283 739 1336 hic
777 1283 1007 1337 innuere
1042 1282 1431 1354 Pacltymerent
1478 1283 1886 1351 agnoscendum

309 1386 415 1429 est.

384 1469 515 1537 Pag.
549 1468 636 1523 ιι.
679 1468 989 1522 Commissis
1035 1469 1252 1521 invicem
1290 1464 1556 1521 Mercurio
1583 1476 1630 1521 et
1661 1465 1887 1520 Latona.

307 1560 515 1615 Allndit
546 1563 611 1613 ad
639 1574 871 1629 pugnam
926 1559 1153 1613 deorum
1199 1560 1270 1614 ab
1302 1559 1536 1613 llontcro
1563 1559 1889 1613 celebratam

312 1652 479 1705 Iliad.
515 1672 566 1715 υ,
608 1652 698 1704 ubi
732 1668 856 1704 cum
890 1652 979 1704 alii
1018 1652 1143 1704 aliis
1172 1650 1246 1704 dii
1282 1651 1389 1706 dtis
1420 1651 1635 1705 adversi
1668 1665 1895 1719 compa-

310 1753 528 1805 rantur,
553 1748 668 1793 tnm
698 1757 796 1808 par
826 1741 1149 1794 infestorum
1181 1740 1411 1795 invicem
1440 1742 1725 1794 numinum
1750 1739 1891 1794 Mer-

308 1836 499 1888 curius
525 1846 578 1889 et
604 1834 834 1898 Latona,
866 1835 955 1887 ille
981 1832 1211 1900 Grecis,
1231 1835 1344 1888 haec
1374 1832 1630 1904 Troianis
1657 1836 1893 1887 militans

304 1926 655 1994 producitur.
1587 1910 1593 1941 ¹

380 2016 576 2085 Λητοῖ
596 2016 647 2070 δ’
677 2017 943 2085 ἀντέστη
982 2015 1177 2082 σῶκος
1209 2016 1503 2084 ἐριούνιος
1541 2015 1785 2085 Ἑρμῆς.

306 2110 426 2165 Etsi
454 2123 657 2176 autem,
693 2111 973 2181 quomodo
1001 2110 1265 2164 scribitur
1294 2106 1500 2170 Graece,
1536 2107 1743 2179 Λητοῦς
1773 2107 1887 2163 sive

307 2202 537 2256 Latonae
566 2216 764 2256 nOmen
796 2202 930 2256 nihil
961 2218 1255 2257 commune
1281 2214 1403 2255 cutn
1436 2202 1591 2273 Λήθῃ
1618 2203 1889 2259 oblivione

308 2292 522 2348 habere
549 2293 820 2356 videatur,
849 2304 1062 2347 certum
1099 2304 1280 2347 tamen
1312 2308 1475 2363 atque
1505 2294 1640 2346 adeo
1669 2295 1890 2362 vulgare

307 2384 517 2439 Grecae
569 2384 887 2438 litteraturae
933 2396 1045 2437 non
1095 2382 1327 2437 rudibus
1374 2391 1458 2437 est
1506 2381 1768 2437 Latonam
1822 2382 1888 2437 ad

304 2476 491 2529 noctis
513 2480 567 2529 et
597 2474 891 2528 oblivionis
916 2475 1375 2543 signiﬁcationem
1405 2474 1693 2543 allegorice
1722 2474 1887 2528 trahi.

321 2566 413 2630 Ὠς
456 2567 489 2637 ἡ
534 2565 698 2636 Λητὼ
746 2567 845 2637 (ait
893 2564 1222 2619 Eustathius
1275 2565 1340 2619 ad
1402 2564 1565 2620 Iliad.
1610 2562 1638 2631 ξ
1684 2583 1737 2636 ρ.
1787 2568 1891 2625 989

305 2658 397 2712 ed.
439 2659 623 2729 Rom.)
656 2654 714 2712 οὗ
762 2659 919 2728 μόνον
965 2661 1045 2721 εἰς
1094 2658 1265 2728 λήθην
1300 2657 1707 2729 ἀλληγορεῖται,
1755 2656 1891 2715 ἀλλᾶ

306 2755 407 2804 καὶ
448 2751 528 2812 εἰς
571 2751 876 2831 νύκτατὴν
901 2751 978 2821 τῷ
1015 2752 1137 2822 ἀέρι
1162 2753 1245 2805 Διῒ⁹
1269 2755 1660 2823 προσήκουσαν
1689 2755 1775 2807 ὅτε
1815 2758 1891 2826 μὴ

306 2840 454 2909 φωτὶ
504 2841 948 2908 καταλάμπεται,
994 2842 1096 2894 οὐκ
1133 2843 1201 2895 ἂν
1242 2843 1333 2913 αἴη·
1363 2856 1447 2906 τις
1492 2844 1600 2896 τῶν
1636 2838 1763 2916 πέρὶ
1800 2845 1890 2905 λό’·

306 2949 448 3001 τους
502 2936 745 3000 ἀγνοῶν·
800 2934 1066 2989 Latonam
1118 2934 1403 3004 symbolice
1457 2938 1736 3007 designare
1789 2956 1891 2993 non

306 3023 484 3076 solum
517 3020 847 3086 oblivionem,
875 3026 965 3079 sed
992 3030 1039 3079 et
1064 3038 1264 3078 noctem
1296 3028 1409 3079 aeri
1430 3026 1552 3081 Jovi
1591 3031 1895 3082 convenien-

309 3123 418 3165 tem
459 3113 672 3181 quando
717 3114 832 3166 luce
862 3128 964 3168 non
1003 3114 1336 3179 illustratur,
1377 3134 1526 3171 neruo
1563 3120 1893 3173 eruditorum

307 3205 653 3272 ignoraberit.
688 3206 821 3260 lude
878 3208 944 3261 ad
989 3216 1205 3262 Versum
1257 3211 1509 3279 superius
1554 3214 1890 3281 descriptum

305 3311 375 3350 ex
412 3295 580 3350 Iliad.
605 3315 635 3348 υ
660 3298 799 3351 idem
828 3310 1119 3352 enarrator
1142 3299 1496 3355 doctissimus
1518 3300 1622 3355 hoc
1645 3301 1896 3356 obserVat

309 3392 427 3458 (ed.
460 3388 615 3469 “om.
644 3405 701 3458 p.
735 3389 895 3459 “97)
923 3407 935 3441 :
961 3393 1129 3460 Λητοῖ
1150 3391 1226 3454 δὲ,
1255 3393 1440 3462 φησιν,
1464 3395 1695 3465 ἀντέστη
1719 3394 1896 3459 σῶκος

308 3483 580 3551 ἐριούνιος
608 3483 819 3551 Ἐρμῆς
835 3495 849 3510 ⁸
869 3482 1202 3552 οἷπεραῦθις
1221 3483 1426 3551 ἠθικῶς
1441 3485 1892 3555 ἐκλαμϐάνονται,

307 3576 345 3642 ἡ
394 3574 497 3641 μὲν
539 3576 618 3636 εἰς
664 3574 858 3641 λήθην,
895 3575 923 3626 ὀ
965 3572 1010 3627 δ’
1041 3575 1123 3637 εἰς
1152 3575 1312 3641 λόγον
1344 3575 1735 3644 μεταγόμενοι.
1770 3574 1895 3632 ΙΙωο

308 3667 431 3729 ille,
482 3681 603 3734 qum
642 3665 884 3719 indicant
917 3667 1198 3736 ingeniose
1234 3668 1637 3722 adumbratam
1685 3668 1754 3722 ab
1783 3667 1895 3722 Ηο·

309 3774 494 3821 utero,
551 3758 660 3813 isto
711 3756 917 3813 intesto
972 3760 1202 3813 invicem
1258 3760 1482 3814 incursu
1535 3759 1791 3815 Mercurii
1842 3768 1895 3815 et

310 3852 561 3917 Latonae,
593 3860 878 3907 certamen
912 3852 1187 3923 quoddam
1218 3854 1490 3908 orationis
1513 3863 1566 3908 et
1589 3852 1893 3908 litterarum

314 3961 416 4015 per
435 3944 766 4000 Mercurium
786 3945 1220 4015 designatarum,
1242 3946 1507 4001 adversus
1529 3945 1897 4015 ignorantiam

314 4049 725 4094 transactarum
778 4055 959 4094 rerum
1011 4040 1292 4096 oblivione
1341 4039 1662 4095 mortalibus
1710 4034 1894 4095 induci

315 4134 561 4193 solitam.
611 4134 741 4185 dum
792 4132 1042 4197 historia,
1083 4142 1140 4187 ut
1182 4134 1464 4202 eleganter
1510 4134 1705 4188 scribit
1738 4132 1896 4185 Anna

310 4226 598 4276 Conniena
661 4225 715 4276 in
768 4220 1098 4278 Pratatione
1145 4227 1211 4278 ad
1273 4224 1628 4289 Alexiadem,
1681 4223 1763 4277 Ad
1796 4221 1897 4276 Le-

311 4321 492 4367 the-in
539 4313 822 4382 quemdam
878 4321 1164 4367 torrentem
1210 4313 1464 4381 objicitur
1507 4313 1646 4367 velut
1687 4312 1896 4367 invicte

310 4406 607 4460 soliditatis
636 4406 816 4468 moles,
836 4408 1160 4474 precipitem
1186 4407 1577 4477 quodammodo
1604 4405 1895 4461 inhibitum

310 4497 524 4563 lapsum
578 4498 860 4564 temporis,
909 4506 1049 4552 certe
1095 4498 1428 4565 prohibitura
1474 4513 1541 4552 ne
1575 4513 1692 4567 qua:
1735 4500 1792 4549 in
1832 4513 1892 4551 eo

313 4600 464 4660 gesta
499 4598 621 4643 sunt
660 4592 838 4643 omnia
870 4591 1296 4658 irreparabiliter
1333 4592 1696 4655 obliterentnr,
1733 4599 1837 4644 etc.

328 4682 476 4735 Ἀλλ’
518 4685 547 4735 ὃ
583 4699 645 4748 γε
680 4684 838 4750 λόγος
868 4684 968 4752 τῆς
995 4685 1237 4752 ἱστορίας
1269 4683 1451 4753 ἔρυμα
1479 4682 1898 4755 καρτερώτατον

315 4776 533 4843 γίνεται
564 4775 642 4847 τῷ
692 4775 788 4828 τοῦ
821 4777 1014 4846 χρόνον
1053 4776 1309 4845 ῥεύματι,
1344 4778 1437 4828 καὶ
1487 4777 1669 4846 ἵστησι
1698 4784 1899 4846 τρόπον

314 4872 443 4922 τινὰ
484 4872 583 4937 τὴν
624 4871 932 4924 ἀκάθεκτον
963 4871 1155 4923 τούτου
1190 4870 1340 4941 ῥοὴν.
1394 4871 1488 4923 καὶ
1546 4871 1613 4923 τὰ
1666 4874 1723 4923 ὲν
1752 4871 1901 4939 αὐτῷ

315 4963 579 5032 γινόμενα
623 4962 801 5016 πάντα
841 4964 1016 5015 ὁπόσα
1071 4964 1509 5033 συμπεριείληφε
1543 4963 1765 5032 συνέχει
1806 4964 1902 5016 καὶ

318 5053 676 5122 περισφίγγει
696 5055 788 5106 καὶ
800 5054 900 5107 οὐκ
918 5055 982 5124 ἐᾷ
1002 5053 1478 5115 διολισθαίνεινεις
1493 5052 1665 5123 λήθης
1681 5052 1899 5119 βυθούς.

320 5146 452 5200 "asc
493 5146 567 5199 ibi
620 5149 814 5201 Anna:
858 5133 981 5216 quae
1022 5144 1391 5200 emendatiora
1421 5160 1584 5216 quam
1627 5147 1680 5198 in
1716 5145 1901 5207 editis,

322 5254 427 5309 ope
454 5240 647 5308 optimi
678 5240 887 5295 codicis
919 5250 949 5292 α
987 5252 1073 5294 me
1108 5248 1230 5309 post
1252 5238 1551 5294 editionem
1578 5239 1702 5303 visi,
1733 5240 1904 5292 liben-

325 5343 409 5386 ter
446 5333 534 5386 hic
562 5332 853 5402 descripsi.

394 5423 533 5491 Cap.
567 5425 620 5478 3.
659 5424 793 5490 Qua:
832 5426 917 5479 hic
942 5422 1309 5495 Pachymeres
1337 5424 1502 5478 tradit
1532 5423 1597 5479 de
1633 5426 1905 5495 angustiis

329 5519 619 5585 inquibus
666 5517 887 5572 fuerunt
929 5519 1025 5586 qui
1078 5527 1349 5587 praeerant
1394 5519 1640 5588 reliquiis
1686 5517 1907 5573 Graecia

327 5621 449 5678 pust
474 5622 743 5679 captantia
768 5610 977 5664 Latinis
999 5612 1217 5675 urbem,
1242 5608 1591 5664 Theodorqu
1623 5612 1907 5682 potissiine

329 5703 607 5759 Lascarint
663 5703 894 5758 Joannis
942 5704 1178 5759 Batatzae
1234 5703 1580 5759 decessorcm
1638 5714 1694 5758 et
1742 5704 1906 5773 hujus

326 5796 499 5863 ipsius
543 5793 772 5849 Joannis
809 5796 981 5864 prima
1030 5796 1368 5864 principatus
1420 5795 1721 5863 respiclunt
1765 5804 1905 5848 tem-

325 5902 475 5956 pora.
519 5888 649 5945 Vide
694 5889 761 5942 de
816 5890 899 5941 his
948 5888 1317 5955 Acmpolitam
1370 5886 1550 5957 capite
1595 5888 1900 5955 praesertim

1986 649 2181 708 ptimo.

2057 730 2195 799 Cap.
2249 730 2302 785 5.
2345 730 2499 798 Quod
2550 730 2728 785 innuit
2777 730 2880 787 hoc
2923 748 3045 803 cap.
3092 730 3453 805 Pachymeres
3498 735 3567 790 de

1987 822 2250 877 Chadeno
2298 824 2367 876 ab
2424 825 2728 888 imperante
2774 823 2888 890 jam
2941 824 3202 879 Michaele
3260 826 3568 897 Pztlzcologo

1990 916 2159 969 misso
2198 915 2265 970 ad
2300 931 2523 970 censum
2551 917 2821 985 agendum
2859 918 3322 984 praesidiariorum
3352 933 3565 975 montes

1991 1005 2179 1060 Persis
2209 1007 2458 1076 objectos
2494 1010 2788 1071 tuentium,
2836 1025 2943 1063 non
2996 1013 3214 1080 reperio
3246 1013 3566 1069 distinctius

1989 1099 2153 1169 627
2187 1100 2316 1153 alibi
2352 1100 2685 1169 explicatum
2719 1117 2748 1154 a
2775 1097 2991 1157 nostro.
3025 1100 3261 1157 Tantum
3289 1104 3356 1159 de
3381 1109 3569 1161 causis

1991 1196 2175 1259 gratia:
2230 1190 2474 1245 Chadeni
2527 1197 2673 1261 apud
2722 1193 3082 1258 Michaelem,
3138 1211 3274 1264 quas
3328 1212 3387 1252 se
3436 1197 3567 1252 alibi

1991 1282 2265 1337 dicturum
2322 1276 2427 1338 hic
2455 1286 2747 1354 signiﬁcat,
2801 1287 3024 1342 invenio
3056 1303 3106 1343 c.
3150 1289 3210 1355 11
3251 1287 3415 1358 hujus
3447 1289 3569 1344 libri

1993 1374 2317 1429 Chadenum
2352 1376 2495 1430 hunc
2525 1378 2653 1430 dum
2686 1379 2843 1446 jussu
2890 1376 3167 1451 Theodori
3205 1380 3438 1448 Augusti
3474 1397 3571 1436 su-

1994 1473 2241 1532 Spectum
2311 1463 2386 1518 illi
2441 1465 2808 1535 Palmologum
2862 1465 2946 1538 [P.
2998 1467 3125 1540 457]
3181 1468 3571 1524 Thessalonica

1994 1553 2234 1608 vinctum
2285 1553 2606 1618 abduceret,
2657 1557 2894 1611 humane
2939 1573 3002 1611 ac
3029 1560 3346 1623 clementer,
3389 1561 3569 1630 quoad

1993 1645 2192 1715 potuit,
2231 1643 2410 1699 dirum
2454 1647 2741 1716 imperium
2776 1649 3110 1704 exercuisse.
3151 1648 3307 1705 Unde
3338 1667 3571 1720 pronum

1994 1739 2203 1791 creditu
2248 1748 2353 1804 est,
2403 1749 2684 1808 utcunth
2735 1740 2787 1793 id
2837 1751 3024 1795 unstcr
3066 1744 3267 1797 diserte
3298 1759 3570 1813 nusquam

1994 1829 2125 1881 alibi
2178 1833 2471 1899 expressit,
2530 1828 2871 1898 Michaelem,
2911 1834 2998 1886 tibi
3038 1845 3120 1888 est
3165 1836 3229 1887 ad
3282 1836 3570 1904 imperium

1924 1922 1966 1980 Β
1995 1932 2237 1985 evectus,
2267 1941 2332 1976 eo
2359 1924 2581 1978 nomine
2617 1940 2676 1978 se
2712 1935 2924 1993 gratum
2962 1926 3221 1981 Chadeno
3248 1931 3572 1997 praibuisse.

1991 2013 2306 2067 adhibendo
2350 2030 2473 2068 cum
2527 2012 2896 2082 familiariter,
2934 2028 2987 2071 et
3021 2020 3142 2087 ejus
3186 2036 3351 2088 opera
3381 2022 3574 2090 primis

1991 2102 2486 2159 administrationis
2534 2106 2614 2159 rei
2654 2106 2887 2174 publica)
2937 2107 3312 2163 functionihus
3344 2112 3570 2168 utendo.

1990 2193 2123 2250 Cum
2150 2206 2326 2250 autem
2356 2199 2555 2252 referat
2579 2209 2853 2270 noster,'p.
2884 2198 2972 2267 98,
2994 2201 3356 2274 Palmologum
3383 2206 3569 2260 statim

1992 2296 2155 2356 atque
2186 2286 2497 2344 declaratus
2546 2290 2848 2359 imperator
2875 2304 2981 2360 est,
3010 2303 3303 2365 antequam
3337 2312 3571 2350 corona-

1993 2387 2169 2444 retur,
2203 2378 2642 2451 Philadelphiam
2674 2400 2797 2438 cum
2831 2387 3005 2454 copiis
3036 2402 3413 2456 progressum,
3446 2389 3572 2443 inde

1994 2473 2353 2527 accersivisse
2389 2474 2761 2543 praesidiarios
2806 2478 3105 2533 conlinium
3149 2478 3363 2534 Persidi
3417 2495 3574 2535 mon-

1996 2564 2128 2615 tium
2177 2573 2230 2616 et
2280 2580 2367 2618 res
2412 2564 2557 2620 illius
2589 2567 2781 2623 limitis
2831 2571 3140 2634 ordinasse,
3190 2572 3453 2627 credibiie
3491 2583 3574 2629 est

1993 2672 2057 2709 ex
2090 2656 2157 2710 iis
2190 2672 2309 2725 qua:
2340 2657 2428 2711 hic
2453 2658 2805 2726 scribuntur,
2855 2677 3013 2717 usum
3059 2678 3181 2718 eum
3234 2665 3287 2718 iu
3338 2674 3453 2720 toto
3482 2667 3574 2721 illo

1995 2748 2214 2816 negotio
2261 2758 2313 2800 et
2360 2748 2593 2805 consilio
2629 2758 2685 2806 et
2721 2753 3028 2810 ministerio
3074 2755 3344 2811 Chadeni.
3385 2760 3576 2822 Quan-

1994 2856 2156 2909 quam
2215 2841 2342 2896 huic
2384 2843 2716 2912 conjecturae
2768 2846 2986 2901 videtur
3030 2848 3390 2913 intercedere,
3427 2853 3574 2918 quod

1993 2945 2185 2988 noster
2232 2934 2336 2990 hoc
2373 2935 2495 2989 loco
2529 2935 2736 2992 indicat
2782 2939 2943 2993 istam
2992 2943 3336 2996 vexationem
3387 2951 3577 2996 custo—

1995 3026 2259 3079 dientium
2317 3037 2531 3085 montes
2592 3024 2805 3089 Persidi
2858 3035 3180 3101 oppositos,
3237 3050 3265 3086 a
3313 3035 3576 3088 Chadeno

1996 3133 2311 3187 persuasam
2346 3117 2589 3174 Michaeli
2638 3120 2943 3191 Palzeologo
2990 3126 3103 3195 jam
3135 3126 3449 3195 imperanti,
3502 3126 3572 3182 ad

1999 3210 2301 3276 posteriora
2362 3224 2696 3282 recuperata:
2750 3216 3256 3288 Constantinopolis
3300 3221 3573 3291 pertinere

2003 3306 2268 3370 tempora.
2311 3300 2493 3370 Quare
2528 3306 2635 3361 nisi
2684 3307 2958 3376 prolepsis
2987 3308 3078 3364 hic
3109 3309 3359 3378 quasdam
3396 3328 3572 3384 agno-

1997 3396 2209 3463 Scitur,
2257 3399 2613 3467 quaerendum
2667 3401 2798 3456 alibi
2853 3410 2937 3457 est
2996 3406 3220 3473 quando
3286 3407 3576 3476 contigerit

1997 3488 2140 3555 quod
2184 3505 2331 3544 nunc
2375 3490 2632 3548 refertur.
2668 3492 2893 3548 Frustra
2942 3505 3126 3550 autem
3176 3505 3289 3550 tota
3329 3499 3431 3552 hac
3478 3497 3577 3550 Mi~

1997 3580 2205 3635 chaclis
2261 3584 2495 3640 historia
2553 3596 2872 3655 quaeretur,
2933 3590 3268 3662 Pachymere
3318 3590 3576 3647 fortassis

1996 3670 2173 3725 oblito
2219 3676 2549 3741 promissum
2604 3679 2926 3742 exsolvere,
2986 3691 3083 3734 aut
3139 3697 3199 3736 se
3256 3682 3574 3738 defunctum

1998 3764 2136 3819 satis
2169 3776 2288 3818 rato
2332 3767 2703 3839 qualicunque
2734 3770 3070 3827 indicatione
3111 3774 3188 3827 rei
3232 3774 3351 3841 ejus
3396 3775 3579 3828 alieno

1997 3853 2117 3908 loco
2145 3859 2449 3925 praemissa.

2068 3947 2205 4018 Cap.
2239 3950 2291 4004 6.
2329 3949 2460 4006 Rem
2507 3953 2654 4007 dictu
2702 3970 2952 4025 parvam,
2985 3957 3079 4011 sed
3111 3959 3393 4014 admonitu
3437 3962 3579 4017 forte

1997 4056 2105 4095 non
2145 4059 2371 4112 prorsus
2419 4048 2669 4101 inutilem
2706 4049 3034 4104 brevissime
3066 4054 3389 4120 transigam.
3443 4053 3579 4109 Pro-

1997 4150 2127 4189 num
2163 4146 2246 4191 est
2279 4137 2441 4192 docto
2490 4137 2678 4205 Giagce
2726 4141 2936 4203 lectori,
2984 4144 3114 4194 dum
3158 4142 3213 4196 in
3253 4144 3356 4197 hoc
3402 4144 3580 4211 capite

2000 4228 2362 4297 μαχουμένων
2396 4229 2482 4284 bis
2524 4230 2698 4300 leget,
2756 4231 2999 4284 suboriri
3032 4231 3406 4299 suspicionem
3436 4232 3577 4287 editi

1997 4316 2260 4374 mendose
2301 4318 2446 4387 loci,
2493 4337 2615 4375 cum
2674 4323 2900 4385 auctor,
2954 4331 3116 4388 prout
3158 4324 3340 4377 ca-teri
3399 4324 3580 4378 solent

1998 4408 2257 4475 fortasse,
2333 4410 2661 4481 μαχομένων
2727 4412 3037 4481 scripserit.
3090 4415 3258 4481 Atqui
3315 4428 3579 4470 constan-

2000 4499 2210 4554 tissime
2247 4515 2315 4556 ac
2344 4499 2653 4557 clarissime
2701 4500 2757 4555 in
2812 4501 3099 4558 codicibus
3150 4505 3577 4574 antiquissimis.

1876 4605 1892 4643 :
1929 4621 1971 4675 ο
2002 4594 2305 4662 praesertim
2360 4590 2662 4646 Barberino
2708 4595 2795 4647 cui
2847 4595 3191 4661 potissimum
3225 4595 3578 4660 adlimsimus,

2005 4690 2367 4756 μαχουμένων
2418 4687 2788 4741 scribebatur.
2833 4686 3037 4758 Nempe
3067 4688 3455 4760 Pachymerem
3492 4690 3583 4747 hic

2000 4794 2220 4848 quoque
2253 4779 2400 4848 loqui
2440 4794 2565 4834 cum
2602 4780 2762 4848 vulgo
2794 4781 2992 4849 piguit.
3022 4781 3405 4836 recordantem
3434 4783 3581 4849 apud

2002 4870 2301 4925 Homerum
2342 4871 2443 4926 0d.
2488 4872 2540 4937 λ,
2584 4888 2637 4925 v.
2678 4872 2809 4938 402,
2838 4888 2897 4927 se
2942 4873 3139 4943 legisse
3184 4874 3579 4944 μαχεούμενον,

2001 4962 2101 5017 0d.
2136 4980 2200 5026 ω,
2238 4979 2287 5017 v.
2323 4963 2443 5026 114,
2480 4962 2864 5033 μαχεούμενοι,
2911 4962 3074 5020 Iliad.
3110 4981 3168 5030 α,
3199 4980 3255 5019 V.
3293 4966 3422 5033 545,
3476 4983 3584 5036 μα·-

2002 5057 2234 5126 χέοιντο,
2277 5066 2330 5111 et
2357 5054 2486 5110 alibi
2520 5057 2758 5122 similia.b

2073 5146 2204 5219 Pag.
2244 5148 2335 5203 21.
2372 5149 2478 5215 Qui
2508 5149 2679 5219 ﬁliam
2716 5151 2918 5217 nepotis
2952 5149 3065 5215 eius
3098 5149 3222 5219 (hoc
3249 5162 3330 5204 est
3352 5149 3582 5205 Joannis

2004 5243 2181 5311 patris
2211 5238 2511 5311 Theodori)
2540 5257 2605 5294 ea:
2634 5240 2805 5307 fratre
2844 5242 3185 5295 matrimonio
3209 5242 3584 5310 sibijunxcrat

2005 5332 2236 5389 Michael
2284 5333 2646 5403 Palwologus.
2709 5334 2835 5388 Haec
2893 5336 3210 5389 distinctius
3262 5345 3581 5390 narrantem

2008 5428 2200 5481 audire
2256 5442 2435 5496 operae
2484 5428 2724 5496 pretium
2761 5437 2845 5482 est
2878 5427 3173 5496 Georgium
3214 5428 3580 5496 Acropolitam

2008 5520 2288 5575 oculatum
2324 5528 2601 5589 gestorum
2631 5527 2852 5577 testem.
2893 5519 3036 5587 Ergo
3100 5519 3146 5572 is
3187 5517 3442 5572 Historia:
3470 5531 3585 5571 sua:

2008 5629 2058 5665 ε.
2088 5612 2175 5676 bl,
2216 5629 2268 5682 p.
2303 5610 2371 5666 53
2398 5611 2485 5666 ed.
2524 5611 2657 5683 Reg.
2691 5614 2771 5667 sic
2804 5612 2997 5667 scribit
3042 5628 3057 5665 :
3111 5613 3221 5664 Καὶ
3255 5613 3283 5664 ὁ
3327 5608 3586 5680 βασιλεὺς

2009 5704 2226 5773 (nempe
2255 5702 2498 5758 Joannes
2528 5705 2808 5773 Augustus
2835 5702 3115 5759 Theodori
3157 5702 3333 5773 pater)
3358 5702 3449 5754 τὸν
3476 5702 3588 5752 Ko-

2010 5795 2212 5865 μνηνὸν
2261 5793 2542 5859 ὲνεδέξατο
2575 5795 2825 5866 Μιχαὴλ,
2868 5796 2966 5850 καὶ
3001 5794 3289 5864 ζεύγνυσιν
3325 5792 3473 5861 αὐτῷ
3504 5792 3586 5850 εἰς

2008 5884 2670 5971 γύναίκαῗτοῦηὰδελφοῦ
2718 5888 2885 5943 αὐτοῦ
2938 5888 3032 5942 τοῦ
3085 5887 3585 5954 σεϐαστοκρὰτορος
