3992 6528
402 402 529 468 10³1

1317 393 1380 454 P.
1423 392 1723 452 POSSINI
1765 388 2424 451 OBSERVATIONUM
2467 385 2615 446 LIB.
2655 382 2734 445 II.

3530 371 3670 438 1002

413 510 688 564 Ὶσαακξόυ
738 508 832 560 τοῦ
889 506 1068 560 Δούκα
1120 505 1355 573 ἒγγόνην
1411 505 1510 573 τὴν
1562 502 1866 572 Θεοῖώραν,
1915 501 1982 570 ἣν

2119 509 2190 563 at,
2226 499 2371 567 quod
2399 499 2546 567 prole
2569 511 2762 551 carens
2797 493 3035 549 mascula
3075 492 3252 547 virum
3279 487 3402 556 ejus
3418 501 3484 543 ac
3512 488 3680 541 sobo-

403 606 570 675 μόνην
609 607 635 656 ὁ
689 601 870 671 πατὴρ
916 599 1091 668 αὐτῆς
1139 595 1549 658 καταλελοιπὼς
1587 595 1614 648 ὁ
1665 595 1758 647 τοῦ
1819 593 1985 644 σεϐα-

401 693 763 764 στοκράτορος
813 692 926 754 υἱὸς
963 690 1217 759 Ἰωάννης
1269 687 1352 740 ἔτι
1393 690 1450 740 ὲν
1499 685 1754 758 μειραξιν
1805 684 1880 736 ὣν
1927 683 1987 736 τὸ

401 785 577 858 χρεὼν
617 783 972 853 ὲξεμέτρησε.
1028 783 1104 834 Ita
1153 781 1264 834 ille.
1298 780 1373 832 Ex
1407 779 1493 832 his
1524 779 1789 832 habemus
1819 773 1988 828 Joan-

405 894 523 932 nem
564 876 765 929 Ducam
800 877 914 928 sive
941 873 1218 928 Batatzem
1244 874 1550 941 Augustum
1592 876 1822 940 purgato
1852 866 1988 922 satis

404 987 434 1025 a
473 968 800 1024 criminibus
844 965 1101 1036 impactis
1136 973 1190 1018 et
1237 973 1458 1032 recepto
1507 962 1560 1016 in
1611 961 1839 1025 gratiam
1892 957 1990 1010 Mi-

403 1059 578 1115 chaeli
599 1058 928 1126 Palzeologo,
950 1071 1110 1124 quem
1127 1055 1297 1125 628
1313 1053 1622 1122 Acropolita
1645 1051 1986 1106 Comnenuttt

406 1164 587 1218 vocat.
646 1154 868 1210 dedisse
918 1165 1144 1206 uxorem
1185 1153 1370 1204 fratris
1408 1152 1492 1204 sui
1532 1148 1994 1204 sebastocratoris

404 1245 607 1302 lsaacii
666 1246 829 1300 Ducze
895 1246 1101 1314 neptim
1170 1241 1554 1304 Theodoram,
1622 1241 1782 1310 cujus
1837 1249 1995 1310 pater

410 1339 652 1394 Joannes
709 1339 901 1392 Isaacii
952 1337 1097 1392 filius
1159 1336 1214 1389 in
1269 1335 1639 1390 adolescentia
1691 1342 1995 1404 praereptus

413 1437 609 1488 acerba
645 1442 822 1486 morte
848 1431 1065 1486 unicam
1111 1444 1230 1484 eam
1268 1429 1473 1497 prolem
1508 1429 1807 1496 reliquerat
1836 1427 1996 1479 uxori

415 1539 528 1580 suae
557 1525 812 1578 Eudocia:
833 1523 1060 1578 Joannis
1090 1523 1275 1592 Angeli
1306 1522 1447 1585 filia}.
1480 1536 1601 1590 qua:
1630 1519 1865 1573 Eudocia
1899 1519 1998 1570 ﬂo-

415 1626 570 1670 rente
594 1617 723 1670 licet
769 1624 929 1668 actate
979 1615 1344 1675 viroamisso,
1407 1611 1662 1665 laudabili
1723 1608 1999 1678 religionis

422 1707 669 1777 exetnplo
698 1708 747 1760 in
775 1705 1038 1760 viduitate
1068 1706 1175 1758 Deo
1210 1707 1454 1759 serviens
1483 1702 1814 1774 permansit;
1854 1701 1998 1755 unde

421 1801 566 1854 haud
625 1813 762 1852 vane
812 1797 1072 1867 opinatur
1150 1795 1460 1866 Acropolila
1526 1801 1735 1863 partem
1790 1792 1998 1863 praemii

418 1891 683 1946 divinitus
711 1888 896 1942 ttibuti
949 1887 1140 1941 virtuti
1199 1885 1320 1956 ejus
1367 1886 1536 1941 videri
1588 1887 1832 1956 potuisse
1889 1893 1999 1938 tam

420 1986 548 2040 l'elis
577 1983 890 2052 conjugium
925 1980 1048 2035 tiliae
1078 1995 1172 2049 per
1201 1980 1251 2034 id
1276 1980 1343 2034 ad
1377 1980 1666 2049 imperium
1698 1993 1820 2032 mox
1875 1993 2004 2032 eve-

420 2078 634 2134 ltendac.
899 2105 944 2148 δέ

491 2169 630 2224 lbid.
687 2167 873 2238 Magni
910 2151 1208 2220 conostauli
1259 2165 1535 2234 dignitate.
1592 2163 1821 2218 Videtur
1887 2163 2001 2218 haec

421 2261 663 2330 dignitas
695 2257 948 2312 Michaeli
975 2256 1279 2322 Palaeologo
1317 2255 1512 2309 collata
1567 2254 1861 2308 occasione
1899 2271 2002 2308 nu-

426 2354 661 2425 ptiarum
696 2350 858 2405 modo
907 2357 1354 2413 memoratarum,
1385 2349 1452 2402 ab
1484 2349 1601 2416 ipso
1631 2361 1820 2402 earum
1871 2362 2005 2401 eon-

422 2444 665 2499 ciliatore
696 2439 906 2496 Joanne
931 2441 1200 2508 Augusto.
1267 2437 1403 2492 Nam
1468 2437 1791 2494 Theodorus
1841 2439 2007 2509 hujus

424 2548 712 2592 successor
735 2531 1007 2601 iniquiore
1036 2528 1208 2584 fuisse
1233 2528 1387 2583 visus
1418 2528 1472 2582 in
1511 2527 1830 2583 Michaelem
1867 2543 2006 2584 sem-

427 2643 526 2697 per
554 2637 639 2681 est
666 2625 852 2678 animo
881 2637 1045 2692 quam
1077 2629 1136 2675 ut
1173 2621 1224 2675 in
1250 2636 1372 2675 eum
1412 2621 1718 2677 ornandum
1745 2629 1853 2676 tam
1877 2635 2006 2691 pro-

425 2719 587 2775 fusus
622 2724 791 2780 esset,
815 2714 1019 2785 alioqui
1054 2713 1270 2778 solitus,
1303 2723 1364 2766 ut
1419 2727 1471 2770 c.
1502 2727 1619 2784 seq.
1644 2711 2006 2782 Pachymeres

431 2809 712 2872 observat,
743 2806 1040 2876 dignitates
1074 2802 1345 2872 ejusmodi
1378 2803 1618 2858 tribuere
1642 2806 1798 2860 novis
1825 2805 2008 2874 potius

430 2899 749 2956 hominibus
776 2913 938 2968 quam
973 2895 1318 2967 principibus
1344 2896 1479 2964 regii
1525 2896 1834 2966 sanguinis,
1872 2912 2007 2966 quo-

431 3011 553 3051 rum
603 3001 720 3048 erat
751 2988 1108 3060 deprimendo
1142 2988 1439 3059 supercilio
1466 2988 1732 3044 intentus.

504 3082 567 3157 [Ρ
600 3080 727 3155 458]
771 3080 905 3134 Vota
976 3079 1090 3150 ejus
1152 3079 1358 3150 generis
1407 3090 1579 3133 mente
1627 3079 1767 3135 clam
1820 3081 2010 3134 intima

2093 592 2196 644 lem
2215 606 2444 646 cernere
2472 590 2811 659 principatus
2832 587 3203 642 haereditatem
3231 581 3456 636 omnino
3483 579 3678 632 vellet.

2091 681 2201 735 Nec
2225 691 2342 736 erat
2376 681 2468 751 qtti
2507 695 2614 734 non
2661 678 2870 732 videret
2927 676 3049 731 talis
3085 673 3310 734 indolis,
3339 680 3508 724 tanta:
3567 684 3677 723 no—

2094 774 2321 828 bilitatis
2354 773 2762 827 adolescentem
2807 770 2898 823 tali
2926 783 3107 823 rerum
3135 775 3275 822 statu
3305 765 3449 818 haud
3479 763 3682 818 absur-

2092 869 2159 922 de
2184 869 2236 921 in
2262 881 2488 936 magnas
2521 877 2810 932 assurgere
2831 877 2956 931 spes
2992 877 3173 932 posse.
3200 859 3380 925 Quare
3400 856 3674 910 Joannem

2095 959 2377 1020 Batatzen,
2433 956 2712 1024 praeclaris
2771 953 2976 1022 alioqui
3047 949 3328 1006 Michaelis
3397 947 3674 1001 faventem

2095 1055 2318 1109 (latibus
2353 1051 2518 1123 629
2547 1049 2884 1103 abstinuisse
2910 1048 2979 1100 ab
2999 1061 3065 1101 eo
3089 1043 3392 1105 evehendo,
3423 1049 3570 1094 metu
3603 1053 3675 1092 ne

2096 1147 2144 1202 is
2179 1145 2532 1202 successibus
2565 1143 2923 1198 insolesceret
2951 1153 3127 1208 usque
3159 1139 3226 1190 ad
3267 1136 3544 1191 'ambitum
3581 1148 3676 1186 sn-

2097 1254 2300 1312 premae.
2335 1237 2655 1308 potestatis,
2716 1244 2905 1289 narrat
2939 1232 3256 1301 Aeropolita
3304 1245 3354 1283 c.
3391 1227 3529 1281 Hist.
3582 1225 3672 1286 50,

2097 1330 2418 1401 signiﬁcans
2479 1327 2689 1382 lrenem
2765 1325 3044 1380 Theodori
3100 1320 3350 1377 Junioris
3421 1317 3674 1374 Lascaris

2100 1424 2515 1494 primogenitam
2555 1419 2806 1474 Michaeli
2848 1416 3021 1471 fuisse
3084 1415 3409 1470 destinatam
3459 1411 3527 1464 ab
3575 1423 3676 1463 avo

2100 1516 2414 1586 conjugem,
2439 1513 2532 1567 sed
2565 1511 2614 1566 ei
2641 1511 2876 1575 timenti,
2913 1507 3054 1579 quod
3088 1508 3221 1570 disi,
3271 1506 3444 1559 tutius
3477 1502 3676 1557 deinde

2101 1609 2280 1662 visum
2328 1621 2439 1660 non
2497 1605 2790 1659 admovere
2844 1602 2947 1655 sibi
2998 1613 3105 1654 tam
3168 1598 3363 1653 intime
3407 1608 3677 1664 suspecta:

2103 1702 2421 1760 ambitionis
2445 1702 2644 1756 virum.
2687 1699 2932 1768 Denique
2981 1699 3084 1752 ista
3125 1696 3370 1766 suspicio
3405 1693 3528 1747 fons
3565 1707 3681 1744 om-

2107 1800 2257 1853 nium
2287 1811 2424 1867 quas
2447 1803 2530 1849 est
2560 1795 2864 1862 imperante
2895 1793 2922 1845 'l
2943 1791 3182 1845 heodoro
3238 1789 3504 1858 plurimas
3559 1798 3680 1854 pas-

2108 1907 2227 1955 sus,
2260 1890 2607 1944 miseriarum
2645 1885 2948 1953 Palaaologo
2982 1883 3234 1938 Michaeli
3269 1881 3392 1944 fuit,
3428 1880 3533 1933 hoc
3558 1877 3678 1931 ideo
3735 1895 3742 1900 ι

2109 1984 2252 2046 loco,
2293 1983 2441 2036 unde
2471 1981 2592 2047 ejus
2626 1979 2820 2047 incipit
2856 1976 3109 2038 historia,
3156 1975 3354 2030 merito
3409 1987 3442 2027 a
3476 1969 3682 2038 Pachy—

2105 2090 2252 2130 tuere
2282 2072 2576 2134 indicatus,
2609 2087 2731 2124 cum
2762 2086 2826 2124 ex
2857 2085 2924 2122 eo
2982 2068 3372 2138 plerarumque
3432 2081 3558 2119 mos
3594 2078 3681 2118 re-

2108 2163 2457 2220 ferendarum
2491 2177 2674 2214 rerum
2713 2168 3096 2230 argumentum
3129 2141 3480 2229 processerit.

2179 2255 2305 2325 Pag.
2337 2253 2428 2308 2'2.
2469 2251 2772 2321 Singularis
2794 2251 3097 2304 certaminis
3124 2251 3505 2320 experimenta.
3542 2247 3676 2302 Hine

2107 2347 2377 2402 babentus
2409 2345 2554 2415 apud
2588 2333 2807 2400 Graecos
2847 2359 3068 2414 quoque
3113 2340 3480 2414 imperatores
3529 2341 3655 2396 inva

2109 2441 2281 2496 luisse
2317 2452 2480 2494 usum
2522 2441 2792 2510 purgandi
2833 2437 3032 2495 dubias
3067 2439 3371 2494 delationes
3414 2438 3683 2508 permisso

2109 2541 2204 2586 aut
2236 2533 2400 2586 etiam
2428 2533 2750 2602 praescripto
2777 2532 2919 2586 inter
2951 2539 3332 2586 accusatorem
3361 2539 3415 2586 et
3445 2528 3682 2584 delatum

2111 2626 2416 2681 certamine
2469 2639 2655 2680 coram
2728 2623 2980 2678 arbitris.
3032 2620 3338 2679 Verisimile
3378 2632 3466 2679 est
3519 2622 3680 2676 istum

2111 2730 2319 2770 morem
2349 2717 2403 2768 in
2435 2713 2714 2770 Orientem
2756 2716 3035 2770 invectum
3060 2729 3091 2768 a
3116 2712 3368 2777 Francis,
3392 2713 3490 2783 qui
3523 2727 3682 2768 occa-

2113 2807 2269 2862 sione
2313 2821 2599 2861 sacrarnm
2655 2807 3084 2876 Expeditionum
3136 2820 3202 2861 eo
3249 2805 3484 2875 profecti
3526 2805 3681 2876 longo

2113 2900 2224 2955 illic
2259 2908 2504 2969 tempore
2539 2901 2923 2969 perstiterunt.
2958 2898 3019 2954 In
3055 2901 3361 2971 anthuiori
3391 2901 3541 2956 enim
3572 2915 3682 2954 me-

2113 2994 2286 3048 moria
2319 2991 2636 3048 Graacorum
2668 3002 2764 3046 aut
2783 2991 3154 3048 Romanorum
3187 2993 3331 3050 baud
3352 2993 3515 3048 facile
3533 2991 3684 3062 quid-

2113 3102 2278 3156 quam
2313 3087 2420 3141 tale
2447 3087 2745 3156 repereris.
2779 3086 2926 3142 Inter
2951 3085 3194 3142 Francos
3232 3097 3414 3140 autem
3445 3087 3686 3139 usitatis-

441 3174 793 3236 διιὺείάεηιίαν
823 3179 929 3227 εῑο·
962 3169 1058 3256 ξιίε
1085 3171 1395 3241 exprimere
1423 3181 1658 3256 οοῐιδιιιβ
1711 3187 1830 3227 sum
1873 3172 2004 3227 ίιιιιιΙ
2037 3199 2081 3256 c
2113 3181 2312 3236 simum
2339 3181 2392 3234 id
2420 3180 2552 3234 olim
2580 3179 2704 3241 luit.
2735 3191 2794 3234 ut
2823 3181 3015 3248 passin
3063 3190 3287 3250 apparet
3311 3195 3380 3235 ex
3415 3179 3685 3234 veteribus

434 3265 837 3320 subobscurum
870 3259 929 3325 ἐξ
959 3255 1034 3314 ὧν
1065 3259 1499 3333 ὐποκαθημένων
1537 3247 1682 3331 εἶχε,
1715 3265 2006 3329 sententia,

439 3368 497 3413 ut
523 3373 706 3428 spero,
734 3357 804 3412 ab
843 3357 1090 3411 auctoris
1116 3371 1286 3410 sensu
1336 3371 1446 3410 non
1498 3357 1845 3412 abhorrente.
1903 3357 2010 3410 Sed

437 3450 702 3517 deinceps
765 3449 912 3502 circa
975 3446 1174 3502 similis
1213 3445 1593 3516 pcrplexitatis
1635 3448 1776 3510 loca,
1829 3447 2011 3516 qualia

435 3541 641 3614 passim
673 3548 972 3596 occurrunt
995 3539 1048 3594 in
1077 3542 1180 3595 hoc
1205 3540 1491 3608 scriptore,
1515 3540 1650 3594 nihil
1669 3542 1920 3597 morabor
1940 3543 2015 3594 le-

437 3647 641 3691 ctorem
673 3633 830 3688 inhis
861 3634 1038 3698 notis;
1075 3635 1276 3704 quibus
1315 3641 1528 3687 tantum
1569 3634 1898 3695 necessaria,
1933 3631 2014 3685 id-

439 3741 552 3780 tue
578 3725 924 3789 brevissime,
952 3724 1196 3779 indicare
1223 3724 1564 3795 propositum
1590 3735 1693 3780 est.
1713 3724 1867 3790 Quod
1897 3740 2010 3778 rem

440 3818 612 3888 ipsam
650 3820 862 3880 attinet,
897 3834 1004 3888 qua
1055 3818 1121 3872 de
1149 3817 1237 3872 hic
1299 3817 1498 3889 agitur,
1549 3828 1757 3891 certum
1784 3826 1866 3873 est
1916 3817 2014 3871 Mi-

439 3911 683 3965 chaelem
742 3909 1256 3979 Palmologttmjam
1301 3925 1329 3964 a
1364 3925 1533 3980 puero
1563 3911 1839 3964 titillatum
1875 3911 2012 3964 ima-

442 4001 810 4071 ginationibus
851 4001 1086 4070 imperii,
1134 4002 1470 4056 conscientia
1520 4002 1780 4056 natalium
1822 4003 2011 4072 Augu-

442 4098 654 4144 storum
683 4096 736 4143 et
771 4104 1015 4158 praesaga
1077 4089 1412 4146 indicatione
1459 4095 1810 4161 auguriorum
1867 4094 2017 4146 exci-

443 4181 596 4236 tatis.
645 4179 764 4235 Non
794 4181 964 4236 semel
996 4182 1075 4235 illi
1123 4191 1446 4236 narraverat
1501 4199 1660 4238 soror
1688 4182 1912 4254 Eulogia
1939 4186 2016 4237 la-

443 4281 682 4327 ctentem
716 4272 1110 4340 adhtte‘ipsum
1147 4289 1254 4327 non
1285 4272 1353 4326 ad
1377 4273 1538 4328 aliam
1574 4275 1786 4330 facilius
1822 4278 2019 4330 obdor-

443 4365 676 4419 miscere
710 4365 937 4418 ntcttiam
961 4365 1204 4428 solitum,
1257 4379 1421 4434 quam
1484 4367 1549 4420 ad
1577 4383 1693 4422 cam
1728 4385 1848 4438 quae
1907 4371 2014 4424 Au-

447 4460 668 4523 gustum
703 4453 983 4521 quondam
1016 4452 1172 4507 illum
1204 4455 1481 4510 invectum
1529 4457 1593 4513 iri
1624 4456 2016 4512 Constantino-

2119 3274 2372 3330 historiis
2400 3288 2490 3328 res
2514 3289 2704 3329 eorum
2743 3274 3126 3330 tractantibus.
3166 3273 3266 3328 Hic
3287 3272 3451 3340 ritus,
3493 3273 3561 3326 de
3588 3285 3688 3340 quo

2120 3368 2238 3421 fuse
2301 3365 2533 3421 disserit
2595 3376 2785 3421 noster
2864 3367 3086 3429 Delrio.
3161 3367 3440 3437 Disquisit.
3499 3364 3685 3434 Magis.

2119 3469 2252 3513 tom.
2287 3457 2350 3518 ll,
2377 3458 2570 3513 merito
2598 3457 2798 3513 deinde
2829 3458 3126 3528 abrogatus
3152 3468 3239 3513 est
3269 3467 3328 3512 ut
3369 3459 3608 3526 injustus
3640 3465 3688 3511 et

2121 3549 2403 3614 immanis,
2431 3551 2684 3605 conﬁsus
2712 3547 2838 3604 ideo
2862 3550 3203 3618 gravissimis
3226 3551 3462 3604 decretis
3495 3548 3622 3603 Julii
3651 3547 3691 3602 ll

2121 3642 2323 3696 summi
2358 3641 2658 3710 pontificis,
2685 3641 2847 3709 cujus
2881 3641 3033 3696 llulla
3068 3650 3248 3697 exstat
3277 3655 3342 3696 ea
3365 3639 3436 3694 de
3465 3655 3528 3693 re
3557 3641 3693 3695 edita

2123 3748 2310 3788 mense
2330 3734 2504 3803 Aprili
2547 3749 2675 3790 ann.
2716 3734 2878 3798 1508,
2940 3734 3160 3788 concilii
3203 3733 3521 3788 Tridentini
3559 3747 3691 3790 sess.

2120 3827 2191 3882 25
2237 3827 2313 3882 De
2344 3827 2592 3896 reform.,
2621 3843 2672 3882 c.
2717 3827 2799 3892 l9,
2847 3827 3103 3898 Gregorii
3152 3825 3694 3882 Xlllconstitutione

2123 3934 2246 3988 qua:
2279 3921 2472 3988 incipit
2503 3937 2517 3973 :
2554 3920 2636 3973 Ad
2673 3920 2983 3985 tollendum,
3017 3929 3152 3984 etc.,
3187 3919 3335 3974 edita
3369 3920 3403 3972 9
3439 3917 3568 3974 Dec.
3605 3933 3689 3972 an.

2124 4011 2283 4067 £582.
2317 4012 2530 4077 Qulbus
2553 4013 2761 4068 dudum
2794 4021 2954 4068 antea
2991 4012 3280 4083 praeiverat
3339 4009 3602 4066 Nicolatts
3653 4010 3690 4072 Ι.

2124 4103 2283 4173 cujus
2313 4105 2381 4160 de
2418 4106 2521 4159 hoc
2553 4113 2758 4160 statuta
2784 4105 2988 4160 inserta
3011 4106 3234 4176 corpori
3265 4105 3412 4175 juris
3445 4106 3691 4174 leguntur

2123 4197 2178 4258 9.,
2203 4211 2261 4266 q.
2301 4195 2335 4249 4
2367 4206 2421 4250 et
2452 4197 2539 4260 i5,
2565 4213 2618 4265 q.
2649 4197 2702 4260 6.
2738 4213 2791 4252 c.
2821 4197 2877 4254 2.

2199 4288 2339 4342 lbid.
2380 4287 2619 4359 Cumque
2645 4290 2738 4342 diu
2779 4289 2955 4342 nullus
2987 4297 3124 4343 esset
3150 4291 3240 4358 qui
3266 4305 3360 4354 pro
3383 4299 3495 4342 tant
3521 4305 3693 4358 suspe-

2129 4389 2236 4444 cto,
2282 4377 2392 4436 etc.
2429 4379 2555 4435 Hac
2591 4381 2818 4435 brevius
2843 4381 3164 4450 perstringit
3194 4389 3408 4446 noster,
3448 4383 3591 4450 quod
3631 4381 3693 4436 ad

2131 4475 2421 4542 imperium
2476 4471 2704 4527 Joannis
2748 4473 3110 4542 pertinerent,
3167 4490 3292 4528 cum
3347 4475 3466 4543 ipse
3510 4476 3563 4528 in
3595 4473 3694 4528 ﬁne

447 4547 614 4616 polim
639 4561 734 4616 per
759 4558 973 4613 portam
995 4548 1229 4602 Auream
1251 4560 1494 4604 caneret.
1528 4550 1712 4606 llefert
1735 4552 1786 4607 id
1819 4565 2010 4608 noster.

2129 4566 2492 4638 praet-edentis
2519 4565 2716 4636 capitis
2740 4575 2794 4620 et
2821 4567 2986 4635 hujus
3021 4567 3183 4622 initio
3217 4568 3614 4638 signiﬁcaverit
3639 4582 3695 4621 se

449 4653 503 4707 p.
539 4637 663 4692 19.8.
695 4635 894 4692 Vocem
928 4637 1149 4693 MARPOV
1181 4642 1248 4695 dc
1282 4643 1422 4697 caelo
1453 4645 1675 4697 missam
1711 4656 2022 4701 contextam

450 4749 482 4788 c
511 4747 606 4786 ses
636 4729 837 4784 litteris
867 4745 988 4800 qua:
1016 4731 1337 4788 Michaelem
1390 4741 1695 4806 Augustum
1760 4736 2027 4790 Romano-

449 4840 567 4879 rum
603 4823 759 4876 ocius
795 4823 1105 4877 vocandum
1160 4825 1559 4894 significarent,
1617 4845 1646 4882 a
1675 4828 2027 4884 Thessaloni-

451 4916 600 4971 censi
629 4916 878 4970 antistite
910 4915 1065 4971 Iactus
1095 4919 1364 4982 audierat,
1401 4929 1460 4973 ut
1496 4931 1751 4976 narratur
1809 4927 1910 4976 hoc
1972 4940 2024 4993 p.

449 5010 543 5065 28.
601 5009 843 5078 Denique
900 5011 1118 5075 tacitus,
1179 5011 1272 5066 sed
1333 5014 1616 5083 gratulans
1673 5020 2027 5085 gaudensque

454 5103 646 5156 intime
675 5117 833 5156 omen
862 5113 1180 5172 captaverat
1221 5120 1286 5159 cx
1315 5113 1480 5160 cantu
1514 5107 1738 5162 fortuito
1785 5109 2028 5164 Chadcni

453 5194 765 5262 proximum
820 5193 868 5246 ei
929 5194 1311 5248 vatit-ittiorum
1361 5212 1588 5266 regnum
1644 5200 2028 5268 spondentium

453 5293 706 5340 eventum
769 5293 1094 5354 augurante,
1187 5298 1350 5354 prout
1409 5290 1634 5353 ibidem,
1701 5309 1752 5362 p.
1810 5295 1901 5359 30,
1952 5295 2032 5348 le-

454 5377 621 5445 gitur.
672 5375 866 5431 Juvcni
927 5377 1160 5447 denique
1187 5381 1402 5442 solerti,
1433 5381 1582 5448 forti,
1606 5400 1871 5454 generoso
1891 5389 2032 5444 altos

456 5471 674 5524 amabat
714 5471 948 5540 spiritus
982 5473 1166 5526 lrenes
1187 5476 1320 5528 aviae
1357 5486 1618 5530 maternae
1662 5478 2033 5551 primogenita:

455 5564 633 5618 Alexii
672 5564 1018 5633 imperatoris
1052 5564 1142 5633 jus
1180 5567 1245 5619 ad
1310 5568 1596 5636 imperiunt
1659 5580 1886 5638 paterna
1944 5576 2034 5628 de-

457 5655 760 5724 signatione
800 5656 852 5709 in
882 5658 1057 5709 virum
1087 5657 1209 5726 ejus
1248 5661 1562 5728 prolemque
1599 5667 2031 5732 propagandutn.

455 5745 591 5800 Nam
625 5746 774 5809 huic,
812 5753 873 5799 ut
906 5745 1400 5818 refert-Gregoras,
1440 5751 1479 5805 l.
1507 5768 1587 5818 ιιι,
1623 5769 1676 5822 p.
1715 5755 1806 5815 32.
1847 5757 2035 5827 Augu-

457 5847 577 5896 stus
607 5839 822 5910 genitor
848 5841 1139 5895 rubrartun
1177 5841 1522 5911 crepidarum
1568 5861 1726 5900 nsum
1777 5846 2031 5906 decreve-

2127 4663 2196 4716 ah
2227 4661 2460 4729 imperio
2492 4657 2761 4714 Theodori
2795 4675 2909 4715 sum
2945 4661 3192 4716 historiae
3235 4663 3568 4731 principium
3599 4662 3695 4714 du-

2129 4768 2271 4808 cere.
2295 4751 2482 4822 Longe
2517 4761 2697 4806 autem
2748 4753 2924 4809 iusius
2955 4754 3383 4825 distinctiusqne
3413 4757 3574 4809 istam
3613 4764 3693 4808 too

2133 4858 2242 4899 tam
2279 4844 2559 4899 Michaelis
2595 4845 3005 4901 accusationem
3043 4861 3107 4901 ac
3149 4849 3449 4917 periculum
3481 4849 3696 4917 exponit

2130 4956 2195 4994 es
2225 4939 2442 4993 oculata
2476 4939 2667 4992 notitia
2712 4937 2981 5010 Georgius
3015 4937 3334 5008 Acropolita
3365 4938 3506 4992 Hist.
3549 4955 3597 4992 c.
3633 4939 3697 4993 50

2133 5043 2181 5086 et
2218 5032 2308 5085 51.
2345 5033 2516 5095 Quem
2558 5032 2803 5084 consule.

2206 5119 2267 5191 [P
2301 5119 2428 5191 439]
2468 5119 2594 5189 Pag.
2643 5119 2736 5172 9.4.
2787 5121 3304 5177 Protltieracarium.
3333 5121 3529 5178 Fuisse
3557 5123 3698 5176 hunc

2132 5215 2314 5266 locum
2343 5214 2630 5280 praecipua:
2658 5212 2960 5282 dignitatis,
2984 5225 3347 5286 praeterquam
3383 5217 3510 5270 hinc
3537 5224 3695 5286 patet,

2134 5321 2257 5358 cum
2316 5307 2613 5372 imperator
2659 5305 2932 5360 hominem
2971 5307 3219 5378 impense
3247 5309 3352 5363 sibi
3378 5311 3608 5363 charum
3647 5311 3694 5362 in

2135 5413 2258 5451 eum
2295 5398 2655 5464 promoverit,
2692 5398 2857 5451 etiam
2905 5399 3134 5468 intelligi
3171 5410 3352 5470 potest
3380 5419 3444 5457 es
3479 5419 3696 5457 numero

2137 5489 2343 5556 ingenti
2369 5489 2744 5542 ministrorum
2771 5489 2819 5543 ei
2845 5490 3243 5558 subjectorum,
3265 5496 3421 5564 cujus
3445 5495 3696 5550 indicium

2139 5579 2402 5635 habemus
2438 5596 2501 5633 es
2535 5596 2600 5634 eo
2629 5581 2774 5650 quod
2805 5581 2970 5637 refert
2995 5585 3332 5654 Acropolita,
3369 5587 3514 5644 Hist.
3536 5605 3585 5643 c.
3611 5589 3693 5650 Gl,

2141 5671 2225 5725 bis
2268 5671 2449 5725 verbis
2481 5686 2497 5727 :
2533 5673 2743 5726 Αὐτίκα
2791 5675 2902 5744 γὰρ
2931 5676 3058 5738 τοὺς
3087 5675 3562 5748 ἐξυπηρετῶντας
3593 5681 3699 5742 τοῖς

2140 5760 2448 5830 βασιλεῦσιν
2473 5763 2534 5816 ὲν
2567 5761 2764 5834 θήραις
2816 5767 2934 5828 ταῖς
2984 5766 3092 5821 τῶν
3117 5769 3302 5838 θηρῶν
3347 5769 3547 5841 ἄγραις
3589 5770 3704 5825 ἐλά·

2138 5873 2253 5922 ςων
2277 5873 2336 5909 τε
2372 5857 2466 5911 καὶ
2492 5857 2712 5929 χοίρων,
2749 5861 2842 5913 καὶ
2871 5861 2999 5926 τοὺς
3020 5862 3066 5915 δ’
3091 5862 3325 5932 ἱεράκων
3355 5865 3682 5936 θηρεύοντας
