3992 6524
320 412 461 474 1093

1785 396 2025 466 ΝΟΤΈ.

3444 386 3580 462 tool

326 530 535 581 πάντας
569 521 909 589 ἁπαξαπλῶς
967 526 1381 597 στρατιωτικοῖς
1442 521 1739 591 σοντὲταχε
1775 522 1907 589 τὰγ-
1941 528 1980 580 Α
2013 521 2192 588 vocat)
2228 520 2304 589 τῷ
2329 519 2561 591 πρώτως
2591 521 2875 591 ἐρχομένῳ
2907 521 3246 590 ξυναντήσας
3284 519 3466 589 βάλλει
3509 518 3584 588 τῷ

330 636 485 689 μασι,
524 616 615 669 καὶ
646 611 712 686 ἦν
739 616 799 669 τὸ
824 616 1168 685 συνηγμένον
1201 615 1408 684 πλῆθος
1436 615 1593 667 πολύ.
1631 612 1755 667 lla‘c
1791 613 1904 677 ille,

324 727 391 765 ex
417 711 620 780 quibus
651 709 893 778 prudens
918 709 1100 776 quivis
1128 716 1311 777 potest
1342 721 1677 776 cognoscere
1715 704 1907 773 ingen-

327 814 438 857 tem
469 802 638 855 fuisse
665 801 1072 854 multitudinem
1110 799 1468 854 servientium
1506 797 1823 867 imperatori
1853 796 1906 849 in

326 894 714 948 venationibus
778 908 1068 947 cervorum
1131 907 1539 961 aprorumque,
1604 890 1905 960 praesertim

326 998 511 1039 autem
541 987 594 1039 in
624 986 860 1051 aucupio
906 999 998 1052 per
1042 982 1359 1052 accipitres,
1389 982 1611 1051 quando
1638 998 1701 1037 ex
1738 983 1805 1036 iis
1842 982 1909 1035 ad

330 1077 581 1129 militiam
643 1077 923 1129 translatis
1002 1089 1231 1145 magnus
1297 1074 1574 1129 exercitus
1632 1084 1909 1126 momento

323 1166 603 1220 conﬂatus
643 1166 881 1219 exstitit.

400 1258 565 1328 630
604 1259 738 1327 Cap.
786 1258 839 1312 9.
892 1258 964 1312 Dc
1021 1256 1147 1328 luga
1206 1255 1487 1309 Michaelis
1522 1254 1810 1323 Palaeologi
1857 1254 1907 1306 in

331 1351 610 1405 Persidem
650 1352 750 1404 hoc
786 1351 964 1420 capite
1006 1357 1227 1403 narrata
1268 1349 1420 1417 plura
1454 1346 1620 1401 refert
1642 1346 1910 1415 Georgius

332 1441 648 1511 Acropolita
717 1450 851 1493 tunc
913 1439 1054 1509 apud
1113 1440 1498 1509 imperatorem
1560 1433 1908 1490 Theodorum

333 1550 528 1597 agens,
555 1531 778 1601 quando
826 1531 871 1584 is
928 1539 1012 1585 est
1064 1530 1129 1582 ad
1173 1531 1350 1599 ipsqu
1408 1530 1633 1582 nuntius
1688 1529 1909 1581 allatus.

334 1627 528 1693 Opera:
589 1626 823 1694 pretium
883 1624 1072 1677 lectori
1135 1623 1295 1677 fuerit
1354 1622 1539 1676 videre
1576 1632 1630 1676 et
1672 1637 1793 1675 cum
1828 1622 1912 1673 his

336 1719 510 1771 nostri
544 1720 796 1771 conferre
833 1732 954 1785 qua:
982 1716 1069 1770 ille
1097 1724 1283 1770 narrat
1310 1731 1360 1770 c.
1394 1716 1533 1769 Hist.
1558 1729 1671 1769 sua:
1694 1714 1783 1777 (ii,
1822 1714 1912 1766 ubi

334 1812 503 1864 etiam
547 1792 722 1864 obiter
755 1811 1051 1865 observare
1085 1813 1311 1880 poterit,
1361 1825 1484 1877 quae
1528 1808 1583 1861 in
1629 1800 1913 1861 Glossario

336 1906 505 1956 verbo
536 1903 838 1955 Μεσοῡινία
868 1904 1184 1956 notavimus
1216 1904 1281 1957 de
1317 1902 1530 1972 legione
1560 1911 1654 1955 aut
1686 1900 1913 1955 cohorte

337 1998 447 2053 isto
473 1997 695 2051 nomine
715 1997 1006 2066 appellata,
1028 2012 1134 2050 non
1164 1996 1340 2051 solum
1369 1995 1695 2064 Acropolita:
1718 1994 1912 2060 ipsius,

338 2086 435 2140 sed
470 2096 523 2139 et
554 2085 865 2140 doctissimi
898 2086 1018 2153 ejus
1065 2084 1380 2154 interpretis
1415 2074 1747 2139 auctoritate
1777 2099 1915 2137 con—

337 2178 581 2233 ﬁrmata.
610 2178 742 2233 Nam
780 2180 871 2233 illa
902 2178 1163 2234 llistorici
1199 2178 1388 2233 Graeca
1421 2178 1607 2239 verba,
1640 2176 1775 2243 πρὸς
1807 2176 1917 2227 τῶν

336 2270 832 2341 στραταρχούντων
856 2274 914 2323 ἐν
942 2271 1165 2341 Βιθυνίᾳ
1186 2272 1280 2323 καὶ
1307 2270 1640 2339 ΜεσοΟυνὶᾳ,
1674 2267 1755 2322 sic.
1794 2266 1917 2320 red-

335 2361 422 2417 dit
444 2362 860 2418 illuStrissimus
886 2361 1123 2418 Allatius
1156 2378 1171 2415 ;
1202 2361 1239 2414 Α
1282 2361 1575 2415 cohortium
1604 2358 1917 2427 Bithynica-

336 2472 457 2509 rum
492 2466 542 2510 et
566 2456 908 2525 Mesothyniw
931 2456 1216 2525 praefectis.

412 2550 543 2621 Pag.
571 2551 659 2605 95.
687 2549 821 2604 Cum
854 2551 1084 2604 hostibus
1129 2548 1354 2603 sultanis
1384 2563 1693 2617 congressus
1733 2545 1919 2613 fortis-

336 2644 477 2696 sime
517 2659 572 2696 se
616 2644 775 2713 gerit.
824 2643 1010 2713 Longe
1070 2642 1185 2697 haec
1240 2642 1419 2697 fusius
1478 2654 1543 2695 ac
1599 2639 1918 2708 diligentius

337 2737 661 2805 Acropolita
698 2744 999 2805 pertractat
1048 2744 1163 2790 toto
1208 2750 1259 2789 c.
1305 2734 1395 2798 65,
1449 2749 1555 2803 qua
1604 2732 1915 2797 occasione,

340 2843 486 2897 quos
518 2829 750 2890 ducens,
782 2836 989 2897 quanta
1018 2828 1307 2896 prudentia
1344 2841 1406 2879 ac
1438 2825 1779 2889 lortitudine,
1811 2839 1919 2894 quo

340 2919 585 2988 denique
639 2934 901 2974 successu
952 2920 1218 2974 adversus
1270 2916 1571 2971 Tacharios
1627 2917 1731 2985 (sic
1769 2916 1916 2969 enim

335 3010 581 3079 appellat
636 3010 956 3077 Acropolita
1022 3025 1161 3079 quos
1218 3022 1407 3063 noster
1467 3007 1770 3077 Tocliaros)
1820 3020 1917 3075 pro

337 3103 559 3158 sultane
613 3118 728 3157 rem
786 3104 1019 3175 gesserit
1079 3102 1309 3157 Michael
1366 3100 1917 3172 Pala‘ologus,cxpo-

336 3212 505 3251 nens.
1402 3192 1413 3205 ‘

411 3287 540 3358 Pag.
584 3286 674 3341 26.
708 3285 993 3342 Reversum
1032 3285 1250 3356 benigne
1275 3286 1489 3355 excipit.
1529 3284 1783 3339 Reditum
1816 3283 1917 3337 Mi—

333 3382 551 3436 chaelis
583 3381 849 3435 Conineni
880 3380 945 3434 ad
978 3380 1366 3450 imperatorem
1404 3378 1755 3433 Theodorum
1792 3378 1917 3433 bre-

337 3475 484 3528 viter
516 3482 787 3526 memorat
830 3472 1147 3540 Acropolita
1203 3486 1253 3525 c.
1305 3470 1395 3531 (i9,
1444 3471 1521 3523 uti
1556 3480 1611 3523 et
1647 3468 1916 3539 Grcgoras

332 3564 378 3618 l.
414 3579 497 3629 ιιι,
530 3574 722 3618 neuter
756 3563 1211 3633 interpositorum
1243 3564 1296 3615 in
1318 3577 1437 3615 eam
1463 3577 1576 3615 rem
1612 3561 1915 3616 lconieusis

333 3657 583 3728 episcopi
637 3656 951 3710 olliciorum
1005 3657 1338 3709 mentionem
1394 3654 1625 3717 faciens,
1683 3653 1916 3708 fortasse

336 3750 491 3821 quod
537 3751 648 3813 illa,
687 3758 745 3802 ut
790 3749 896 3802 alia
934 3748 1104 3802 multa
1145 3764 1325 3802 rerum
1376 3747 1681 3812 Michaelis,
1729 3757 1916 3801 nostro

338 3845 541 3900 melius
566 3853 998 3913 perspectarum,
1038 3841 1430 3910 ignoraverint.

432 3937 571 3990 Ibid.
634 3935 906 3988 Michaelis
968 3937 1199 4003 despota:
1266 3934 1455 3987 nothus
1533 3943 1579 3986 et
1667 3932 1916 3986 obscurus

342 4027 517 4094 ﬁlius.
578 4026 700 4079 Haec
760 4025 1043 4093 copiosius
1109 4025 1531 4091 distinctiusque
1602 4020 1918 4074 referuntur

341 4134 374 4170 a
435 4118 669 4187 Georgio
727 4116 1041 4185 Acropolita
1098 4130 1163 4168 ex
1228 4114 1443 4167 oculata
1494 4128 1627 4182 pene
1686 4110 1914 4173 notitia;

339 4226 471 4263 nam
538 4210 585 4263 is
649 4208 814 4278 hujus
869 4210 924 4261 in
988 4206 1343 4261 Occidentem
1405 4203 1769 4273 expeditionis
1815 4200 1917 4254 Mi-

338 4301 520 4355 chaeli
558 4299 860 4369 Palaeologo
897 4314 1083 4353 comes
1120 4297 1243 4362 fuit,
1284 4296 1387 4351 etsi
1422 4310 1529 4349 non
1559 4293 1749 4349 eodem
1794 4293 1917 4346 loco

341 4396 629 4465 pugnavit,
691 4394 743 4445 in
801 4394 904 4445 alia
945 4392 1243 4446 divisurum
1288 4391 1567 4458 copiarum
1614 4396 1767 4457 parte
1803 4402 1915 4439 rem

339 4504 563 4559 gerens.
605 4486 739 4552 Quia
774 4501 903 4539 vero
933 4486 1020 4538 ille
1060 4485 1306 4553 quaedam
1334 4485 1491 4536 aliter
1521 4497 1583 4534 ac
1617 4480 1917 4549 Pachyme-

340 4596 431 4635 res
468 4588 673 4641 narrat,
706 4579 955 4646 equidem
986 4574 1313 4645 Acropolitze
1355 4575 1538 4643 potius
1576 4574 1661 4626 hic
1695 4573 1823 4642 quid

339 4673 679 4725 credendum
716 4682 868 4739 puto,
900 4670 1101 4737 quippe
1136 4670 1230 4736 qni
1258 4667 1399 4735 ejus,
1434 4666 1511 4718 uti
1536 4665 1669 4730 dixi,
1712 4664 1919 4734 negotii

344 4779 473 4833 pars
534 4765 720 4827 luerit,
779 4778 942 4830 quam
997 4770 1188 4815 nostro
1222 4760 1315 4828 qui
1350 4774 1440 4813 res
1495 4768 1623 4812 tunc
1672 4768 1822 4813 actas
1852 4772 1918 4811 ex

339 4859 512 4921 fauni,
554 4873 651 4910 nec
699 4872 761 4909 ea
814 4855 950 4909 satis
1000 4856 1295 4923 explicata,
1351 4852 1567 4907 videtur
1619 4853 1917 4920 accepisse.

340 4952 527 5004 Prima
564 4951 935 5018 discrepantia
988 4948 1040 5001 in
1094 4948 1313 5001 nomine
1345 4946 1501 4999 ducis
1534 4944 1772 5000 hostium
1812 4955 1917 5007 est,

342 5061 508 5113 quem
568 5054 752 5097 uoster
810 5041 1112 5096 Manuelem
1175 5050 1353 5095 vocat.
1408 5041 1611 5093 Contra
1655 5038 1918 5107 Georgius

346 5136 687 5202 Acr-Opolita,
741 5131 886 5186 Hist.
933 5150 984 5187 (τ.
1028 5133 1088 5185 71
1136 5131 1484 5186 Theodorum
1531 5131 1786 5200 appellat.
1825 5129 1917 5183 Sic

346 5226 492 5279 etiiui
528 5226 601 5279 ibi
629 5228 821 5279 scribit
862 5242 875 5278 :
906 5221 1014 5277 Ἦν
1048 5224 1103 5277 δὲ
1157 5226 1183 5277 ὁ
1236 5224 1423 5294 ῥηθεὶς
1457 5222 1552 5275 τοῦ
1604 5224 1917 5276 ἀποστάτου

345 5319 568 5388 Μιχαὴλ
604 5318 749 5378 νόθος
787 5319 902 5380 ull;
950 5318 1229 5387 Θεόδωρος
1253 5336 1265 5348 ’
1306 5316 1441 5370 Erat
1471 5330 1642 5371 autem
1693 5320 1736 5371 is
1766 5334 1917 5387 quem

345 5413 460 5463 uixi
512 5411 789 5479 defectoris
840 5411 1109 5464 Michaelis
1162 5412 1349 5464 nothus
1396 5411 1539 5479 ﬁlius
1590 5410 1916 5464 Theodorus.

352 5504 572 5556 Dixerat
618 5519 744 5557 vero
776 5512 937 5556 antea
970 5502 1163 5557 ducem
1200 5503 1479 5571 copiarum
1518 5502 1795 5555 Michaelis
1826 5503 1920 5555 de-

347 5608 518 5664 spota:
586 5597 799 5650 rebellis
863 5605 1246 5649 occurrentem
1307 5594 1555 5649 Michaeli
1619 5596 1919 5667 Palaeologo

347 5692 500 5743 hasta
523 5704 839 5759 percussum
870 5689 936 5740 ab
955 5704 1019 5740 eo
1033 5695 1087 5741 et
1108 5687 1232 5755 equi
1248 5688 1379 5741 sella
1403 5704 1723 5741 excussum:
1744 5686 1801 5739 Ὀ
1821 5689 1917 5755 μὲν

347 5782 443 5833 οὖν
481 5783 763 5851 Rogavi}ch
810 5781 1023 5850 Μιχαὴλ
1079 5780 1223 5848 (nam
1275 5790 1333 5832 ut
1380 5795 1545 5847 supra
1582 5781 1789 5845 monui,
1823 5780 1921 5833 Mi-

348 5874 589 5927 chaeleu;
614 5873 977 5943 Ρειιιίοιυειιιιι
1006 5871 1317 5941 Acropolita
1348 5886 1559 5940 semper
1577 5870 1916 5925 Conineuurn

2010 615 2200 683 δόρατι
2234 614 2326 668 καὶ
2357 616 2541 681 ῥίπτει
2568 614 2666 682 τῆς
2708 615 3043 685 ὲφεστρίδος.
3080 613 3183 667 Sed
3224 615 3338 667 leve
3388 612 3439 665 id
3470 612 3585 665 dis-

2012 706 2223 759 crimen
2260 706 2511 761 vocabuli
2567 707 2737 760 videri
2797 716 2994 776 potest,
3034 715 3205 773 praeut
3260 708 3311 759 in
3361 721 3417 759 re
3465 706 3580 775 ipsa

2010 797 2268 852 dissentit
2303 798 2370 852 ab
2403 797 2717 867 Acropolita
2758 798 3142 869 Pachymeres,
3190 798 3463 867 siquidem
3497 799 3585 850 hic

2012 903 2119 942 non
2156 888 2508 943 Theodorum
2565 906 2591 941 a
2644 888 2946 959 Palaeologo
2984 890 3277 956 impulsum
3338 893 3491 942 hasta
3531 896 3585 941 et

2013 981 2135 1033 loro
2169 989 2401 1041 motum,
2454 982 2547 1035 sed
2608 982 2724 1034 vice
2766 997 2919 1033 versa
2950 981 3305 1050 Palmologuin
3341 996 3367 1032 a
3404 979 3584 1033 Theo-

2012 1074 2166 1134 doro,
2206 1081 2265 1123 ut
2316 1081 2463 1140 patet
2493 1089 2557 1125 ex
2607 1073 2691 1125 his
2728 1073 2944 1127 verbis:
2981 1074 3105 1125 Ὅτε
3141 1078 3233 1125 καὶ
3286 1076 3313 1125 ὁ
3353 1074 3447 1125 τοῦ
3497 1073 3586 1125 δε-

2016 1165 2216 1217 σπότου
2250 1164 2471 1234 Μιχαὴλ
2504 1168 2566 1217 ἐκ
2621 1164 2836 1227 νοΟεὲας
2890 1165 3103 1227 σκότιος
3145 1169 3274 1227 παῖς
3330 1167 3587 1235 Μανοιρὴλ

2011 1258 2169 1329 631
2200 1257 2378 1328 τυχὼν
2407 1261 2583 1311 ἐκεῖσε
2615 1260 2712 1312 σὺν
2750 1260 2801 1310 ix
2815 1258 2921 1328 1νῷ
2955 1259 3348 1327 στρατεύματι,
3370 1258 3432 1330 [Ρ
3461 1258 3585 1331 Mli]

2014 1352 2108 1401 καὶ
2148 1348 2495 1418 συμπλακεὶς
2544 1349 2620 1418 τῷ
2667 1349 2915 1419 πολέμῳ,
2964 1349 3031 1401 τὰ
3068 1350 3261 1419 πρῶτα
3295 1351 3390 1416 μὲν
3422 1350 3588 1417 ὁμόσε

2015 1442 2274 1512 χωρήσας
2318 1440 2396 1510 τῷ
2448 1444 2679 1511 ἡγεμόνι
2730 1442 2808 1511 τῷ
2866 1441 3041 1511 κοντῴ
3081 1443 3314 1494 συνωθεί
3371 1444 3460 1493 καὶ
3508 1443 3589 1511 (5i-

2014 1552 2161 1597 πτει,
2194 1543 2302 1588 etc.
2337 1534 2503 1587 Add't
2536 1549 2562 1585 a
2591 1535 2851 1588 restituto
2886 1536 2937 1588 in
2981 1537 3193 1597 sellam,
3234 1536 3376 1589 unde
3413 1535 3590 1587 fuerat

2015 1629 2283 1697 dejectus,
2340 1629 2644 1696 Palzeologo
2702 1629 2931 1681 nothum
2998 1628 3285 1682 Michaelis
3348 1625 3591 1694 desirotae

2016 1720 2186 1774 filium
2241 1720 2425 1773 lethali
2483 1735 2809 1789 percussum
2860 1721 2967 1773 ictu
3024 1719 3341 1789 nequivisse
3400 1735 3585 1788 parem

2017 1830 2316 1883 reponere;
2357 1829 2478 1883 qua:
2509 1814 2819 1882 significant
2844 1828 3006 1865 manu
3036 1822 3090 1865 et
3116 1813 3261 1865 ferro
3300 1811 3589 1879 Pola-ornavi

2019 1904 2293 1958 cecidisse
2323 1904 2668 1957 Theodorum
2737 1906 2852 1959 sive
2913 1902 3214 1958 Manuelem
3272 1904 3433 1957 istum
3488 1922 3589 1957 no-

2020 1997 2195 2049 thum.
2231 1996 2289 2048 ιιι
2322 2012 2447 2050 vero
2478 1996 2798 2065 pernegabit
2841 1998 2932 2063 qui
2984 2010 3195 2047 meeum
3236 1994 3587 2047 existimave-

2020 2093 2085 2142 ril
2130 2090 2457 2161 Acropolitm
2500 2090 2682 2159 potius
2714 2087 3065 2149 credendum,
3105 2097 3314 2141 tantum
3352 2103 3457 2140 non
3503 2088 3589 2141 his

2020 2186 2296 2253 praesenti,
2331 2186 2533 2253 quippe
2562 2183 2727 2252 hujus
2759 2184 2912 2237 socio
2946 2182 3174 2235 militiae.
3204 2179 3253 2235 ls
3301 2182 3445 2235 enim
3500 2182 3587 2234 di-

2020 2286 2162 2331 serte
2201 2276 2439 2329 afﬁrmat
2477 2290 2770 2329 excussum
2806 2274 2937 2328 sella
2969 2273 3313 2327 Theodorum
3354 2289 3589 2344 moxque

2019 2384 2048 2421 e
2076 2367 2229 2435 lapsu
2259 2367 2601 2421 sublevatuin
2659 2347 2971 2421 accurrisse
3026 2365 3092 2417 ad
3130 2366 3472 2420 Comnenum
3532 2378 3588 2420 et

2021 2459 2345 2526 suppliciter
2380 2456 2736 2525 deprecatum
2773 2470 2985 2512 necem.
3026 2456 3370 2511 Comnenum
3404 2465 3590 2509 autem

2021 2552 2362 2618 ignorantem
2382 2551 2507 2619 quis
2547 2548 2637 2603 hic
2668 2558 2835 2616 esset,
2861 2548 3156 2604 tradidisse
3198 2550 3373 2618 ipsum
3413 2548 3593 2603 Turco

2020 2643 2283 2710 cuipiam,
2327 2643 2418 2713 qui
2451 2658 2575 2696 eum
2629 2641 2907 2696 interfecit
2946 2660 2958 2697 :
2994 2642 3100 2695 Τοῦ
3140 2641 3436 2708 πτώματος
3462 2642 3595 2710 γοῦν

2022 2737 2261 2800 ἀναστὰς
2302 2731 2457 2799 οὗτος
2502 2734 2848 2804 (Theodorus
2884 2737 3109 2807 nothus)
3144 2738 3491 2807 προσέδραμε
3513 2736 3593 2802 τῷ

2022 2829 2294 2899 Κομνηνῷ
2335 2828 2588 2899 Μιχαὴλ,
2647 2831 2744 2883 καὶ
2798 2829 3069 2883 ἐδυσώπει
3111 2830 3183 2900 μὴ
3239 2829 3591 2899 φονευθῆναι.

2022 2919 2237 2989 ’Πγνοει
2289 2921 2347 2974 δὲ
2376 2920 2563 2974 τοῦτον
2601 2923 2629 2973 ὁ
2664 2921 2970 2992 Κομνηνὸς,
3026 2923 3121 2975 καὶ
3179 2922 3330 2984 ὅστις
3382 2915 3449 2992 ἦν
3491 2922 3593 2976 οὐκ

2023 3014 2313 3081 ἠπίστατο.
2349 3012 2694 3083 Παραδίδωσι
2722 3013 2852 3082 γοῦν
2884 3013 3048 3067 αὑτὸν
3077 3012 3306 3084 Τούρκῳ
3333 3015 3461 3077 τινὶ,
3496 3015 3594 3067 καὶ

2020 3107 2080 3170 ὃς
2111 3108 2415 3174 πεφόνευκε
2467 3107 2676 3162 τοῦτον.
2723 3107 2894 3161 Pcrro
2943 3107 3089 3175 quod
3130 3109 3344 3160 σκότιον
3393 3108 3595 3162 obscu-

1943 3222 1989 3277 ο
2025 3213 2143 3251 rum
2165 3198 2311 3252 hunc
2339 3197 2621 3253 Michaelis
2650 3197 2889 3267 despotaa
2918 3196 3085 3251 (ilium
3125 3206 3315 3252 noster
3346 3196 3497 3260 dicit,
3523 3197 3592 3251 ad

2022 3291 2433 3360 illegitimornm
2475 3291 2739 3344 natalium
2765 3291 3123 3359 ignominiam
3152 3292 3405 3360 pertinet,
3426 3306 3590 3359 quant

2023 3384 2165 3437 idem
2201 3392 2254 3437 et
2299 3382 2452 3445 alibi,
2501 3393 2559 3435 ut
2596 3383 2758 3445 infra,
2794 3400 2846 3453 p.
2888 3383 2978 3444 85,
3018 3384 3158 3437 solet
3207 3384 3307 3437 ista
3339 3384 3594 3439 tenebra-

2020 3490 2141 3528 rum
2175 3475 2453 3528 mentiooe
2485 3474 2796 3544 designare.
2827 3475 3097 3539 alludens,
3124 3478 3339 3545 opinor,
3374 3476 3591 3530 Homeri

2020 3565 2372 3622 locumlliad.
2402 3566 2433 3629 ζ
2461 3566 2527 3620 de
2551 3566 2847 3621 Bucolione
2865 3565 3371 3622 Laomedontislilio
3389 3569 3589 3622 notho:

2021 3725 2371 3779 Βουκολίων
2391 3722 2443 3775 δ’
2471 3719 2550 3792 ἦν
2578 3721 2712 3787 υἱὸς
2743 3722 2970 3788 ἀγεινοῦ
3010 3721 3421 3792 Λαομέδοντος

2020 3797 2439 3861 Πρεσϐύτατος
2478 3791 2694 3863 γενεῇ·
2730 3796 2976 3845 σκότιον
3006 3791 3077 3844 δέ
3125 3793 3155 3844 ἐ
3205 3794 3439 3932 Teir-alto
3482 3791 3595 3858 μή-

3394 3878 3519 3928 τηρ·

3394 3878 3519 3928 τηρ⁶

2022 4001 2085 4052 ad
2122 3988 2313 4069 quem”
2338 3998 2516 4051 locum
2562 4010 2713 4050 vetus
2744 3994 3065 4049 scholiastes
3098 4011 3111 4047 :
3142 3992 3366 4067 Σκότιον
3407 3992 3470 4043 ἐκ
3501 3989 3595 4041 λα-

2024 4092 2221 4159 Οραίας
2255 4091 2453 4160 μίξεως
2503 4090 2595 4141 τὸν
2626 4089 2821 4157 ίλάορα
2863 4087 3229 4155 γεγενημένον
3275 4086 3368 4135 καὶ
3407 4085 3503 4134 οὐκ
3531 4085 3595 4135 ἐκ

2021 4185 2121 4252 τῆς
2170 4186 2309 4236 κατὰ
2342 4184 2505 4253 νόμον
2552 4181 2925 4251 γαμηθείσης,
2958 4182 3052 4231 τὸν
3106 4177 3165 4242 ἐξ
3212 4177 3593 4246 ἀδᾳδουχήτων

2021 4280 2237 4348 γάμων,
2272 4275 2371 4331 Ubi
2404 4277 2683 4344 eleganter
2712 4288 2935 4327 causam
2980 4272 3212 4324 innuens
3241 4285 3342 4323 cur
3376 4270 3593 4322 obscuri

2023 4370 2280 4422 dicantur
2310 4368 2603 4436 illegitimi,
2646 4366 2697 4418 id
2746 4365 2947 4417 indicat
2995 4378 3059 4417 ex
3104 4378 3168 4417 eo
3215 4362 3415 4416 factum
3447 4362 3594 4429 quod

2027 4478 2135 4515 non
2171 4476 2235 4514 ex
2277 4458 2536 4528 conjugio
2582 4457 2812 4511 solemni
2854 4456 3032 4508 lacum
3074 4454 3369 4523 genialinm
3404 4456 3595 4521 prada-

1830 4589 1914 4625 ειη
1949 4565 1994 4620 ι)
2026 4555 2173 4607 tione
2211 4552 2504 4612 illustrato,
2534 4549 2631 4603 sed
2664 4549 2868 4602 furtivo
2904 4546 3136 4614 captatis
3184 4545 3425 4599 tenebris
3459 4559 3594 4597 eou-

2026 4644 2218 4699 cuhitu
2278 4642 2387 4695 nati
2440 4642 2569 4695 sint.
2621 4640 2788 4693 lslius
2841 4636 3227 4707 originationis
3278 4636 3427 4691 verbi
3472 4636 3593 4686 σκό-

2025 4751 2140 4796 τιος
2179 4732 2479 4801 illcgitimis
2528 4732 2721 4800 aptati,
2768 4730 2913 4800 quod
2958 4730 3017 4793 ἐξ
3065 4730 3446 4800 ἁδᾳδουχήτων
3492 4728 3593 4795 γά-

2028 4848 2143 4901 μων
2200 4832 2305 4883 orti
2363 4830 2500 4891 sint,
2540 4838 2821 4882 auctorem
2882 4827 3200 4881 Eustathius
3241 4842 3293 4895 p.
3350 4825 3453 4878 622
3502 4826 3590 4879 ed.

2024 4921 2184 4974 Rom.
2242 4922 2441 4990 allegat
2488 4922 2754 4989 Apionem
2818 4929 3054 4973 veterem
3116 4921 3294 4987 magni
3352 4919 3593 4972 nominis

2023 5015 2457 5086 grammaticum.

2094 5126 2227 5195 Cap.
2280 5125 2367 5179 ll.
2410 5125 2544 5191 Quae
2608 5125 2707 5179 hoc
2755 5127 2931 5194 capite
2984 5134 3277 5177 narrantur
3311 5124 3378 5179 de
3437 5137 3593 5193 capto

2023 5223 2317 5289 vinctoque
2349 5235 2442 5287 per
2470 5220 2783 5272 Chadeuum
2821 5218 3145 5285 Pala'ologo.
3177 5217 3354 5285 deque
3400 5234 3593 5287 praesa-

2023 5314 2129 5381 giis
2160 5312 2370 5379 imperii
2429 5327 2489 5364 ea
2544 5314 2835 5364 occasione
2883 5311 2961 5363 illi
2993 5311 3214 5370 oblatis.
3263 5324 3454 5363 eorum
3492 5327 3591 5363 nec

2026 5408 2143 5457 vola
2203 5419 2303 5458 nec
2342 5403 2632 5471 vestigium
2686 5401 2929 5455 cernitur
2979 5403 3122 5470 apud
3176 5405 3590 5470 Acropolttam;

2022 5496 2215 5564 opinor
2242 5494 2361 5547 ideo
2393 5495 2537 5563 quod
2576 5494 2664 5547 ille
2717 5507 2812 5561 per
2870 5494 2919 5545 id
2961 5503 3176 5562 tempus
3229 5493 3279 5545 in
3314 5508 3597 5561 expugna-

2028 5590 2171 5641 tione
2206 5587 2405 5656 Prilapi
2439 5587 2606 5641 castri
2636 5600 2826 5656 captus
2853 5596 2907 5641 et
2940 5588 3101 5655 longo
3131 5594 3371 5654 tempore
3405 5596 3596 5638 custo-

2025 5682 2111 5737 dia
2146 5684 2400 5737 detentus
2434 5684 2502 5736 ab
2535 5683 2809 5747 hostibus,
2847 5691 2905 5735 ut
2955 5682 3073 5751 ipse
3118 5681 3300 5743 dueet,
3351 5680 3493 5733 Hist.
3543 5697 3591 5732 (ι.

2026 5776 2117 5840 62,
2154 5777 2259 5830 ista
2291 5792 2395 5829 non
2430 5775 2646 5830 viderit.
2677 5774 2951 5844 Gregoras
2983 5789 3199 5843 quoque
3225 5772 3293 5826 de
3322 5772 3407 5826 his
3432 5780 3592 5832 tacet,

2025 5870 2194 5925 multo
2220 5869 2432 5937 leviori,
2474 5881 2530 5926 ut
2566 5884 2630 5925 et
2665 5868 2877 5932 ca-tcris
2912 5877 3162 5939 apparet,
3206 5866 3406 5923 tinctus
3450 5864 3594 5917 nori-
