3992 6522
266 399 404 472 1097

1723 390 1963 457 NOTAE.

3371 397 3509 466 10'8

330 516 468 572 Ibid.
506 512 568 570 in
603 521 819 571 aetatem
858 514 978 584 jam
1011 520 1121 567 tum
1151 512 1399 582 puberem
1447 512 1690 567 adultus.
1739 509 1840 563 Pa—
1872 516 1917 571 Δ
1949 521 2057 567 tur.
2084 512 2237 579 Quae
2285 518 2425 571 ratio
2458 516 2691 573 fortasse
2722 516 2873 571 illum
2932 517 3148 589 impulit
3193 518 3260 572 ad
3307 528 3511 575 metam

261 613 549 682 chymercs
572 609 664 663 ubi
693 607 1232 677 ConstantinOpoiim
1262 607 1427 673 venit,
1455 605 1637 660 statim
1672 603 1741 656 ab
1771 615 1834 656 ea

265 721 295 758 e
335 703 549 758 Latinis
598 710 949 770 recuperata,
986 700 1326 768 undeviginti
1372 712 1546 752 annos
1575 705 1690 749 erat
1738 710 1839 748 na-

265 806 376 856 tus.
408 808 466 850 ut
488 798 603 864 ipse
638 796 713 849 ait
750 796 786 849 l.
822 810 879 856 ιι,
909 810 957 850 c.
984 793 1034 857 l;
1066 792 1299 862 contigit
1331 791 1382 844 id
1414 806 1559 843 anno
1594 778 1751 850 i26l,
1781 795 1838 841 tit

266 890 300 944 l.
332 906 387 942 ιιι
424 891 690 943 dicemus.
748 885 998 950 Quatuor
1035 894 1129 938 aut
1170 884 1412 953 quinque
1452 891 1576 935 ante
1604 882 1706 934 hoc
1739 894 1841 933 au-

244 988 349 1038 'nis
380 985 685 1050 imperante
718 979 1007 1033 Theodoro
1033 978 1115 1031 lia:
1142 976 1488 1045 probationes
1520 991 1613 1042 per
1635 974 1836 1027 ferrum

263 1076 503 1130 candens
546 1074 745 1126 Nicaeae
800 1070 1314 1139 frequentabantur,
1354 1068 1445 1121 ubi
1496 1083 1589 1121 eas
1641 1066 1732 1119 ille
1775 1065 1841 1117 ii

266 1179 359 1224 aut
390 1170 454 1221 l5
477 1170 588 1237 jam
616 1182 881 1221 annorum
916 1165 1236 1218 adolescens
1261 1171 1509 1231 spectare
1535 1164 1730 1229 potnt.

331 1260 499 1334 634
524 1260 659 1313 ibid.
689 1258 959 1323 Quosdam
988 1258 1123 1310 citra
1154 1256 1319 1311 ullam
1340 1253 1613 1322 defunctos
1652 1267 1840 1305 noxam

264 1355 543 1409 candentis
565 1352 767 1405 metalli
800 1361 965 1407 tactu.
985 1351 1094 1403 ilco
1124 1350 1305 1411 fiebat,
1340 1349 1383 1400 si
1414 1356 1592 1400 tamen
1621 1345 1844 1410 magicze

264 1458 412 1500 artes
442 1447 696 1505 aberant,
725 1442 833 1497 Deo
862 1444 1156 1496 miserante
1184 1440 1463 1494 infelicem
1490 1440 1841 1492 innocentum

266 1536 683 1599 necessitatem,
741 1548 848 1586 non
907 1543 1086 1585 autem
1137 1530 1479 1601 approbante
1524 1540 1840 1597 perversum

264 1645 430 1682 usum
464 1629 592 1680 talia
624 1626 963 1696 jubentium.
1006 1620 1166 1687 Vide,
1201 1626 1247 1681 si
1284 1624 1435 1682 libet,
1465 1622 1606 1692 apud
1635 1620 1842 1676 Canta-

1943 607 2189 662 historiae
2212 623 2323 663 sua:
2361 611 2625 678 ligendam
2660 611 2713 665 in
2742 613 3157 678 recuperatione
3191 612 3368 678 urbis,
3394 629 3513 681 qua:

1940 700 2168 755 Joannis
2189 703 2615 757 excaecationem
2650 705 2792 758 haud
2826 705 2988 774 longo
3007 709 3184 775 spatio
3210 709 3513 775 praecessit,

1944 805 2001 847 ut
2032 793 2173 847 libro
2199 811 2254 848 ιιι
2281 795 2469 849 harum
2498 796 2952 852 Observationum
2986 801 3514 857 demonstrabimus.

1940 888 2051 942 Nec
2076 886 2231 943 abest
2258 904 2285 940 a
2317 889 2597 943 vi-risiniili
2625 895 2860 945 sensisse
2878 894 3267 960 Acropolitam,
3293 894 3358 967 [P
3384 893 3516 970 “5]

1943 978 2145 1046 quippe
2175 980 2453 1033 hominem
2488 982 2770 1049 politicum
2814 984 2867 1035 in
2920 987 3131 1051 paucis,
3171 1003 3334 1055 quam
3367 998 3516 1044 esset

1908 1067 2103 1142 -635
2134 1074 2330 1127 merito
2366 1086 2658 1143 suspectus
2696 1070 2922 1130 Michael
2947 1073 3281 1150 Palaeologus
3314 1080 3527 1151 proco;

1945 1174 2077 1218 rata:
2114 1166 2253 1221 clam
2289 1169 2597 1223 eversionis
2637 1183 2701 1222 ac
2730 1170 2895 1225 caedis
2940 1170 3309 1240 Muzalonum,
3356 1175 3515 1240 cujus

1946 1259 2069 1314 ideo
2121 1264 2499 1330 catastrophcs
2544 1272 2841 1331 apparatus
2869 1281 2932 1318 ac
2974 1281 3173 1321 causas
3209 1270 3519 1337 disquirere

1945 1353 2221 1419 curiosius
2250 1355 2504 1409 omiserit
2526 1358 2578 1408 in
2606 1371 2770 1424 Opere
2797 1359 2861 1410 ad
2894 1360 3154 1428 gratiam,
3184 1372 3243 1416 ut
3268 1372 3515 1432 apparet,

1945 1444 2263 1516 Palmologte
2295 1448 2513 1503 familim
2544 1461 2675 1503 tunc
2709 1453 2989 1519 regnantis
3022 1455 3191 1509 edito.
3235 1456 3519 1525 Suspicio-

1948 1541 2033 1595 nis
2067 1541 2187 1608 ejus
2223 1542 2444 1609 (praeter
2487 1540 2808 1598 Cassianam
2866 1547 3241 1614 conjecturam
3284 1566 3347 1605 ex
3384 1566 3519 1606 suc-

1950 1644 2106 1689 cesSu
2142 1635 2388 1702 petitam,
2417 1648 2538 1703 quae
2564 1636 2607 1689 si
2635 1652 2757 1690 eum
2783 1640 3043 1691 onerabat
3068 1639 3227 1710 cujus
3251 1641 3430 1697 fructu
3458 1660 3520 1699 ac

263 1737 558 1782 cuzenum,
584 1720 619 1773 l.
650 1737 732 1783 ιιι,
758 1735 808 1773 c.
836 1719 928 1783 27,
951 1734 1004 1788 p.
1025 1717 1129 1772 459
1144 1717 1232 1771 ed.
1256 1716 1412 1791 Reg.,
1443 1716 1641 1771 mirum
1663 1730 1846 1770 exem-

1956 1726 2093 1779 bono
2125 1725 2362 1779 maximo
2394 1726 2561 1779 amoti
2618 1742 2648 1781 e
2713 1730 2892 1783 medio
2936 1728 3254 1787 Muzalones
3292 1735 3518 1802 fuerint,

264 1814 413 1881 plum
466 1813 713 1865 mulieris
746 1812 998 1867 adulterii
1053 1826 1178 1873 rem,
1214 1810 1307 1865 sed
1346 1810 1691 1878 paenitentis,
1724 1824 1845 1877 qua:

264 1911 350 1959 sic
378 1921 436 1959 se
466 1905 813 1958 innocentem
857 1903 975 1956 viro
1022 1902 1295 1971 probavit.
1336 1901 1401 1959 Et
1443 1901 1547 1956 alia
1579 1901 1845 1970 quadam-

254 2005 433 2054 tenus
484 1994 682 2049 similia
721 1994 863 2062 apud
895 1993 1217 2061 Cassarium,
1252 1993 1287 2047 Ι.
1342 2010 1403 2049 ιιι
1437 1993 1842 2058 Miraculorum,

263 2105 391 2160 quae
425 2088 549 2142 inde
600 2088 794 2145 recitat
845 2088 1025 2143 Delrio
1056 2087 1180 2142 loco
1205 2086 1317 2157 jam
1356 2087 1623 2151 indicato,
1657 2102 1712 2157 p.
1740 2086 1861 2147 521·

263 2185 358 2241 ed.
389 2182 564 2253 Lugd.

341 2277 477 2343 Cap.
510 2276 594 2331 15.
631 2273 738 2331 Ubi
771 2275 967 2343 legitur
999 2276 1050 2329 in
1091 2276 1296 2335 nostris
1330 2275 1495 2335 editis
1524 2270 1606 2339 οἷς
1642 2275 1848 2341 ὀλόγος

267 2369 620 2437 σπούδασμα,
660 2368 781 2422 cod.
817 2368 981 2422 Barb.
1011 2368 1170 2422 aliam
1203 2369 1527 2439 suggerebat
1560 2368 1845 2423 lectionem

267 2477 380 2516 non
408 2459 826 2530 improbabilem
856 2462 915 2513 τὸ
950 2459 1425 2529 σπουδαζόμενον,

339 2555 478 2625 Cap.
506 2554 593 2608 M.
613 2553 771 2620 Quod
798 2554 907 2606 duo
935 2553 1099 2608 codd.
1127 2553 1319 2623 optimi
1347 2554 1570 2607 Barber.
1600 2562 1655 2607 et
1682 2552 1843 2606 Allzit.

268 2646 504 2709 habent,
550 2645 647 2697 καὶ
702 2644 1014 2713 ἀλαστήσας
1064 2644 1202 2715 πρὸς
1239 2646 1445 2698 ἐκεῖνον
1495 2638 1628 2708 οἷον,
1673 2644 1845 2699 Vatic.

268 2737 455 2792 reddit
485 2736 582 2789 καὶ
606 2730 717 2789 οἷον
764 2735 1131 2805 θυμούμενος.
1161 2736 1362 2806 Nempe
1393 2737 1639 2790 ἁλαστέω
1669 2740 1849 2791 minus

271 2832 481 2885 usitata
516 2845 617 2883 vox
654 2829 766 2883 visa
824 2843 851 2879 a
905 2830 1261 2897 parapltraste
1318 2840 1411 2883 aut
1457 2830 1850 2899 interpolatore

272 2923 463 2992 potius
499 2938 665 2993 quam
718 2923 1059 2993 exscriptore
1110 2923 1164 2976 in
1222 2923 1485 2975 tritioreui
1531 2938 1632 2976 usu
1669 2924 1850 2976 notio-

271 3030 507 3084 rentque
556 3024 765 3068 tnutala
818 3024 922 3077 est,
966 3026 1126 3081 prout
1163 3015 1367 3089 passim
1409 3015 1665 3082 deinceps
1708 3017 1849 3068 idem

270 3108 435 3162 solet.
469 3107 600 3173 Qum
626 3107 909 3176 sigillatim
949 3116 1139 3162 notare
1172 3108 1337 3161 nimis
1368 3108 1585 3176 longum
1616 3106 1779 3161 foret.

344 3201 482 3270 Cap.
512 3202 595 3253 lii.
624 3200 796 3267 Hujus
820 3200 1150 3253 concionisa
1177 3198 1461 3253 Muzalone
1491 3200 1853 3269 protovestia-

272 3293 362 3347 rio
414 3293 615 3346 habitae
670 3294 999 3346 sententiam
1062 3293 1301 3345 breviter
1366 3294 1851 3361 comprehendisse

271 3387 435 3439 visus
466 3393 549 3438 est
582 3382 927 3449 Nicephorus
968 3382 1260 3452 Grcgoras,
1300 3385 1334 3437 Ι.
1386 3400 1465 3446 ιιι,
1498 3400 1546 3450 p.
1589 3386 1678 3447 50,
1722 3385 1851 3443 dum

271 3480 357 3532 sic
401 3477 598 3532 scribit
638 3494 653 3532 :
687 3475 872 3535 Ταῦτα
915 3475 971 3528 δὲ
1024 3475 1123 3528 οὐκ
1174 3475 1420 3545 ἐλελήθει
1476 3477 1849 3540 Μουζαλωνα·

242 3626 243 3629 η
268 3569 451 3631 δεινὸς
494 3570 593 3637 μὲν
623 3568 731 3638 γὰρ
761 3569 786 3621 ὁ
816 3568 955 3639 ἀνὴρ
980 3570 1077 3620 καὶ
1102 3569 1367 3636 πρότερον
1397 3564 1466 3639 ἦν
1492 3570 1548 3631 ἐς
1588 3568 1646 3620 τὸ
1678 3571 1855 3621 συνιέ-

270 3680 365 3714 ναι.
398 3661 627 3716 τοιαῦτα
648 3678 663 3692 ο
698 3662 819 3712 τότε
851 3661 907 3712 δὲ
935 3665 1030 3715 καὶ
1073 3660 1183 3713 τῶν
1231 3661 1574 3729 πραγμάτων
1620 3662 1851 3724 ζεόντων

270 3754 372 3807 καὶ
395 3754 637 3820 ἀγωνίαν
668 3753 939 3821 μεγίστην
983 3756 1047 3823 τῇ
1090 3753 1298 3809 τούτων
1328 3753 1475 3824 ψυχῇ
1530 3753 1853 3822 προξενούν-

268 3863 405 3911 των,
444 3846 813 3916 συνετώτερος
845 3847 1007 3907 αὐτὸς
1048 3847 1223 3899 ἐδόκει
1266 3844 1448 3916 πολλῷ
1489 3847 1707 3899 ἑαυτοῦ.
1743 3846 1852 3897 Καὶ

269 3938 337 4008 δὴ
381 3938 482 4007 τὴν
508 3938 774 4007 ταχίστην
807 3938 865 4007 ἐς
902 3937 1288 4008 βουλευτήριον
1317 3938 1562 3998 ἅπαντας
1589 3937 1853 4005 μεγιστᾶ-

272 4049 375 4094 νας
412 4030 785 4100 συνηθροικὼς
810 4030 990 4093 δεξιάν
1020 4046 1077 4081 τε
1104 4029 1275 4081 ἐδίδου
1308 4032 1420 4090 τοῖς
1445 4029 1609 4091 ὅλοις,
1630 4030 1723 4081 καὶ
1745 4029 1852 4079 ἁπό

272 4123 371 4177 τοῦ
395 4124 615 4194 ἥττονος
650 4122 930 4193 προῦφερε
968 4120 1066 4191 τὴν
1087 4122 1327 4190 ὁμιλίαν,
1355 4121 1445 4173 καὶ
1467 4120 1626 4191 δῆλος
1649 4116 1716 4189 ἦν
1744 4136 1852 4170 πα-

275 4217 626 4288 ραχωρήσων
660 4215 914 4284 ἁσμένως
943 4214 1021 4283 τῷ
1062 4212 1371 4284 βουλομένῳ
1409 4214 1509 4281 τὴν
1546 4214 1852 4281 ἐπιτροπὴν

273 4309 391 4362 τῶν
421 4325 482 4360 τε
515 4308 711 4362 κοινῶν
744 4307 1089 4381 πραγμάτων
1119 4305 1216 4357 καὶ
1244 4304 1411 4358 αὑτοῦ
1441 4307 1506 4374 δὴ
1536 4305 1632 4358 τοῦ
1662 4305 1852 4366 παιδὸς

1947 1818 2223 1872 neminem
2271 1821 2443 1889 magis
2477 1819 2777 1876 infamabat
2816 1839 2979 1892 quam
3028 1820 3376 1893 Michaelem,
3429 1832 3519 1884 cui

1946 1911 2132 1965 aditus
2163 1912 2229 1965 ad
2267 1912 2558 1978 imperium
2603 1914 2705 1966 hoc
2736 1914 2879 1970 facto
2909 1919 3167 1986 patuerit)
3200 1921 3362 1974 etiam
3398 1920 3522 1975 fnu-

1938 2003 2265 2071 Vdamentum
2301 2005 2448 2059 aliud
2487 2004 2854 2077 Pachymeres
2911 2014 3175 2077 suggerit.
3228 2028 3282 2083 ιι.
3341 2014 3410 2067 55
3465 2016 3519 2083 in

1947 2098 2093 2152 hunc
2117 2100 2336 2151 modum
2360 2101 2644 2155 scribens:
2668 2101 2860 2154 Αίτίαν
2879 2100 2935 2155 δὲ
2968 2104 3126 2175 ἔσχεν
3152 2102 3231 2170 εἰς
3253 2107 3522 2173 τοῦτο,ὠ;

1947 2193 1977 2245 ὁ
2022 2191 2130 2245 τῶν
2162 2184 2378 2244 πολλῶν
2416 2192 2573 2260 λόγος
2613 2192 2746 2262 ἔχει,
2788 2197 2814 2247 ό
2843 2196 3053 2249 τούτων
3104 2198 3202 2266 τῆς
3237 2200 3523 2270 φάλαγγος

1948 2283 2333 2353 ἐξηγούμενος,
2362 2282 2422 2347 ὃς
2452 2284 2547 2338 καὶ
2579 2285 2748 2336 πάλαι
2776 2286 2873 2352 μὲν
2896 2280 3262 2369 ᾧρμημένους
3296 2292 3522 2356 αὐτοὺς,

1950 2376 2070 2428 τότε
2098 2375 2142 2428 δ’
2173 2375 2512 2443 ὲξαφθέντας
2550 2375 2719 2429 πλέον
2745 2375 3036 2440 ἀνεθέντας
3060 2376 3156 2432 τοῦ
3206 2380 3394 2447 φόϐου,
3427 2382 3524 2436 καὶ

1949 2467 2304 2539 δρασεῑοντας
2348 2468 2417 2520 τὰ
2460 2469 2759 2537 ἀνήκεστα,
2807 2467 2867 2531 ἐξ
2917 2469 3137 2539 ἑτοίμου
3170 2468 3395 2542 ἠρέθισε
3432 2475 3527 2530 τὸν

1952 2561 2112 2628 φόνον
2142 2560 2508 2630 ὲπιτολμῆσαι
2541 2560 2735 2628 καιρὸν
2777 2561 3021 2630 ἔχοντας.
3072 2564 3178 2616 Καὶ
3209 2565 3237 2617 6
3268 2565 3429 2634 λόγος
3457 2567 3525 2622 ἐκ

1950 2653 2059 2705 τῶν
2091 2651 2319 2720 ὕστερον
2360 2652 2516 2720 φέρει
2562 2652 2622 2704 τὸ
2671 2652 2930 2705 πιθανόν·
2963 2653 3084 2707 οὐδὲ
3114 2653 3224 2726 γὰρ
3256 2658 3525 2728 ἐτόλμων,

1952 2746 2001 2798 si
2032 2746 2105 2814 μή
2130 2761 2285 2807 τινας
2314 2743 2675 2814 προϐιϐάσεις
2696 2741 2863 2814 εἶχον,
2906 2744 3214 2812 ἀλλοεθνεῖς
3242 2749 3395 2812 ὄντες
3432 2753 3529 2807 καὶ

1953 2839 2013 2889 τὸ
2040 2838 2203 2889 πλέον
2228 2836 2514 2905 ἐπήλυδες,
2548 2847 2658 2889 etc.
2705 2835 2838 2901 Quae
2889 2838 3208 2906 significant
3258 2842 3525 2909 jactatum

1952 2931 2064 2999 jam
2122 2938 2239 2982 tum
2291 2929 2509 2983 arcanis
2567 2930 2813 2983 susurris
2854 2932 3264 3001 plerarumque,
3318 2935 3525 2992 caedem

1960 3024 2304 3077 Muzalonum
2366 3023 2435 3076 ab
2480 3019 2667 3076 ltalica
2717 3025 2954 3079 maxime
3004 3026 3197 3080 militia
3256 3035 3527 3097 patratam

1959 3115 2103 3167 haud
2133 3115 2254 3169 sine
2276 3111 2618 3168 conscientia
2649 3122 2701 3166 et
2742 3115 2908 3177 tacito
2946 3115 3187 3184 impulsu
3223 3118 3381 3174 ducis
3417 3120 3533 3175 bu.

1951 3208 2044 3277 jus
2076 3209 2290 3275 generis
2326 3207 2558 3260 militum
2592 3206 2762 3260 videri
2797 3217 3146 3262 attentatam.
3172 3208 3290 3265 Non
3329 3211 3407 3267 ait
3440 3212 3531 3269 hic

1957 3300 2176 3369 quidem
2208 3299 2533 3353 nominatim
2560 3298 2685 3366 quis
2717 3298 2816 3352 iste
2857 3299 2965 3353 dux
3006 3300 3208 3367 fuerit;
3242 3302 3336 3357 sed
3367 3318 3536 3371 snpe-

1961 3394 2075 3446 rius
2122 3407 2176 3461 p.
2211 3392 2274 3445 2t
2310 3392 2416 3458 jam
2453 3392 2667 3446 dixerat
2719 3391 2939 3447 ltalicas
2988 3409 3179 3449 omnes
3210 3398 3398 3466 copias
3439 3398 3537 3453 Mi-

1958 3485 2131 3538 ehaeli
2186 3483 2511 3553 Pulmologo,
2572 3491 2630 3535 ut
2692 3499 2889 3552 magno
2944 3487 3303 3552 conostaulo,
3362 3490 3533 3544 fuisse

1957 3577 2261 3644 subjectae.
2300 3575 2453 3629 Unde
2483 3583 2700 3629 constat
2735 3575 2837 3630 hoc
2874 3575 2996 3630 ioco
3037 3577 3383 3646 designatum
3434 3578 3535 3634 Mi-

1957 3668 2224 3728 cliaelcm,
2267 3666 2435 3718 tacito
2468 3673 2648 3719 tamen
2697 3666 2819 3732 ejus
2869 3669 3111 3730 nomine,
3148 3670 3214 3723 ad
3248 3669 3529 3726 vitandam

1956 3761 2171 3814 scilicet
2200 3756 2554 3811 offensionem
2582 3758 2900 3825 imperantis
2942 3759 3162 3815 donius.

2032 3854 2159 3919 Pag.
2193 3848 2283 3904 49.
2316 3846 2483 3918 Cujus
2520 3851 2709 3903 uxoris
2744 3852 3064 3905 avunculum
3095 3868 3151 3906 se
3199 3854 3533 3909 meminerat.

1952 3946 2247 4013 Coujngem
2311 3943 2719 4012 protovestiarii
2782 3942 3083 3999 Muzalonis
3156 3943 3451 4014 Gregoras,
3490 3947 3539 4003 1.

1953 4054 2035 4099 ιιι,
2066 4052 2188 4105 pag.
2210 4035 2300 4098 29,
2321 4035 2497 4088 solum
2523 4034 2599 4087 ait
2616 4048 2686 4088 ex
2712 4036 3062 4101 imperatorio
3084 4052 3280 4106 genere
3314 4036 3489 4094 fuisse
3515 4054 3534 4093 :

1962 4137 2177 4199 gentem
2214 4143 2321 4181 non
2354 4127 2630 4195 exprimit.
2670 4126 2989 4196 Diligentius
3038 4140 3226 4182 noster
3270 4130 3381 4198 jam
3432 4145 3534 4184 su-

1961 4220 2167 4287 perius,
2204 4231 2258 4285 ι).
2284 4214 2355 4270 24
2390 4255 2405 4278 ,
2446 4216 2749 4283 scripserat
2807 4216 2973 4270 fuisse
3012 4216 3156 4270 illam
3188 4216 3534 4273 Cantacuze-

1946 4324 2085 4365 nam
2122 4325 2189 4364 ex
2232 4318 2385 4378 patre
2425 4308 2704 4364 Michaelis
2734 4303 3020 4378 Palicologi
3052 4324 3241 4366 sorore
3269 4312 3533 4380 genitam,

273 4399 377 4454 τοῦ
415 4399 705 4470 βασιλέως.
743 4396 868 4452 Haec
898 4397 997 4459 ibi.
1059 4396 1131 4450 Ex
1167 4397 1367 4467 quibus
1387 4405 1537 4467 patet
1559 4395 1848 4465 Georgium

1962 4402 2182 4457 nomine
2213 4400 2580 4456 Theodoram.
2609 4399 2744 4455 Vere
2772 4414 2902 4468 ergo
2933 4400 3122 4454 scribit
3154 4410 3338 4456 nus-ter
3364 4408 3418 4456 et
3448 4400 3537 4457 hic

274 4490 627 4545 Buzalonem
702 4490 1180 4559 protovestiarinm
1256 4490 1393 4545 bene
1461 4489 1853 4557 intelligentem

277 4591 491 4654 quanta
527 4583 579 4636 in
634 4597 757 4636 eum
793 4581 1046 4650 flagraret
1101 4581 1328 4646 invidia,
1367 4579 1434 4634 ad
1490 4584 1766 4650 principes
1802 4582 1854 4634 in

278 4685 536 4734 senatum
581 4689 918 4735 convocatos
949 4690 1073 4729 cum
1111 4675 1387 4730 submisse
1416 4683 1584 4744 atque
1621 4675 1857 4729 obnoxie

282 4771 558 4835 locutum,
610 4778 724 4822 tum
785 4768 929 4822 serio
970 4768 1323 4837 deprecatum
1364 4765 1565 4823 ni'mios
1618 4770 1855 4825 honores

280 4860 489 4932 quibus
527 4867 676 4914 esset
727 4862 890 4912 homo
941 4873 1115 4912 novus
1174 4858 1533 4914 nobilissimis
1578 4862 1856 4928 praelatus,

282 4957 438 5010 ultro
468 4954 869 5008 abdicationem
920 4954 1423 5009 administrationis
1458 4954 1772 5023 reipublicae
1802 4961 1859 5006 et

284 5045 475 5101 tutela:
508 5045 661 5114 pueri
709 5045 941 5116 Augusti
992 5046 1277 5102 obtulisse.
1331 5046 1485 5102 Unde
1515 5060 1740 5116 apparet
1774 5050 1858 5105 vel

284 5136 432 5192 hanc
464 5153 591 5193 esse
624 5138 797 5207 ipsam
831 5137 1155 5208 αὐτόχρημα
1190 5139 1492 5195 analenis
1527 5142 1856 5205 orationem,

283 5234 452 5300 cujus
472 5231 780 5301 exemplum
802 5229 1169 5303 Pacbymcres
1190 5244 1388 5287 nactus
1408 5234 1535 5288 huic
1561 5237 1681 5288 loco
1711 5236 1859 5289 inse-

285 5325 489 5389 ruerit,
535 5325 623 5378 vel
668 5327 714 5379 si
753 5325 821 5379 ab
854 5331 974 5395 ipso
1027 5330 1339 5395 conscripta
1390 5338 1473 5382 est
1502 5327 1858 5399 Pachymere,

283 5427 415 5487 apte
470 5416 537 5471 ab
573 5432 639 5471 eo
678 5419 743 5471 ad
794 5434 984 5472 verum
1042 5419 1403 5477 ciiortnatam.
1451 5423 1762 5491 Acropolita
1794 5424 1863 5477 de

284 5511 376 5565 bis
406 5511 555 5577 silet,
603 5524 668 5565 ac
704 5511 921 5566 solitam
958 5512 1291 5581 diligentiam
1328 5515 1605 5571 remittere
1644 5515 1863 5570 videtur

286 5603 345 5658 in
382 5603 509 5659 istis
559 5602 732 5659 initiis
788 5605 1000 5672 imperii
1054 5605 1352 5673 Michaelis,
1393 5610 1591 5674 vitans,
1632 5620 1690 5664 ut
1740 5613 1861 5681 Opi-

286 5710 412 5765 nor,
459 5704 724 5765 tanquam
774 5698 1062 5767 scopulum
1110 5700 1379 5759 nefariam
1434 5707 1852 5773 oppressionem

288 5787 483 5859 pupilli
521 5785 771 5853 Joannis,
808 5806 877 5845 ne
908 5791 1294 5860 imperatorem
1331 5794 1671 5861 Michaelem,
1695 5797 1856 5867 cujus

294 5895 577 5965 nunquam
624 5883 745 5936 sine
777 5884 955 5953 elogio
983 5886 1253 5953 meminit,
1288 5889 1599 5960 vituperare
1628 5905 1859 5965 cogere:

382 5964 403 5973 “
542 5982 1241 6065 μηλομίιιμαχιιιι
1348 5968 1365 5974 “

1961 4507 2014 4551 et
2044 4497 2145 4551 sub
2173 4495 2334 4549 finem
2367 4509 2422 4564 p.
2459 4493 2547 4555 62,
2590 4492 2907 4547 Michaelein
2970 4490 3333 4564 Palamlngum
3367 4495 3538 4556 Θεϊον,

1965 4592 2068 4644 hoc
2092 4598 2178 4644 est
2211 4589 2543 4642 avunculum
2577 4588 2748 4641 fuisse
2780 4586 2966 4640 uxoris
2991 4585 3312 4642 Muzalonis.
3349 4587 3538 4654 Quan-

1962 4700 2128 4755 quam
2168 4683 2298 4738 mihi
2334 4682 2694 4752 posteriorem
2728 4679 2907 4734 locum
2946 4679 3327 4748 interpretanti
3362 4683 3537 4749 patrui

1962 4776 2286 4831 vocabulum
2345 4788 2443 4843 pro
2506 4772 2781 4824 avunculo
2840 4770 3073 4836 excidit;
3144 4775 3284 4839 quod
3346 4786 3541 4840 precor

1963 4870 2219 4923 lectorem
2253 4883 2318 4919 ne
2353 4880 2628 4934 corrigere
2665 4876 2940 4935 gravetur.

2032 4960 2164 5031 Pag.
2203 4960 2292 5014 50.
2329 4958 2415 5011 lbi
2455 4957 2640 5027 fatalis
2683 4957 2965 5009 necessitas
3018 4956 3234 5009 causam
3287 4956 3535 5012 absoluit.

1966 5054 2167 5108 Mentio
2205 5052 2298 5107 hic
2333 5051 2515 5106 fatalis
2557 5050 2906 5105 necessitatis
2962 5049 3029 5103 ad
3064 5051 3256 5104 mortis
3297 5047 3536 5102 inevita-

1965 5148 2129 5201 bilem
2154 5145 2542 5200 certitudinctn
2575 5144 2829 5213 pertinet,
2862 5157 2968 5195 non
2991 5152 3194 5205 autem,
3228 5142 3443 5211 opinor,
3469 5142 3538 5195 ad

1966 5241 2328 5295 astruendum
2394 5240 2619 5308 impium
2677 5237 2869 5307 dogma
2936 5235 3241 5290 libertatem
3298 5234 3538 5304 arbitrii,

1974 5348 2139 5401 quam
2195 5333 2445 5386 doctrina
2512 5329 2779 5383 catholica
2852 5328 2992 5383 tueri
3050 5327 3539 5397 jubet,extermi-

1965 5441 2104 5479 natis
2138 5439 2423 5493 perperam
2458 5429 2664 5476 asserta
2696 5410 2985 5475 causarum
3013 5430 3343 5473 azternarum
3376 5417 3538 5475 obvia

1970 5533 2201 5588 quisque
2232 5515 2659 5570 ineluetabiliter
2690 5514 3015 5581 rapientium
3052 5513 3251 5567 invicta
3299 5511 3538 5582 quadam

1966 5613 2044 5666 vi.
2090 5609 2145 5664 Si
2184 5618 2362 5663 tamen
2396 5606 2485 5661 hic
2515 5616 2607 5660 aut
2661 5606 2789 5659 alibi
2851 5616 3040 5660 noster
3102 5605 3398 5661 historicus
3448 5612 3545 5659 aut

1968 5706 2088 5774 ipse
2119 5701 2348 5755 allirmat
2377 5699 2651 5770 quidpiam
2689 5710 2782 5751 aut
2813 5698 2950 5754 alios
2979 5699 3189 5755 aientcs
3214 5697 3379 5754 refert
3402 5738 3423 5767 ,
3484 5697 3545 5753 in

1969 5805 2079 5860 quo
2114 5790 2233 5860 ejus
2270 5787 2561 5858 proscripti
2593 5789 2662 5839 ab
2704 5786 2950 5842 Ecclesia
2995 5788 3201 5842 erroris
3252 5785 3543 5856 vestigium

1972 5883 2195 5958 aliquod
2235 5879 2694 5953 deprehendatur,
2736 5880 3045 5937 meminerit
3092 5881 3264 5937 lector
3310 5878 3547 5937 catholir-

2989 5972 3065 6035 35
