3992 6518
299 374 429 442 1101

1802 374 2040 435 NCT/ﬁ.

3406 369 3543 435 1102

369 496 496 560 Pag.
542 494 631 550 95.
687 495 838 560 Quod
891 496 976 549 hic
1019 494 1262 561 dicitttr,
1321 494 1559 551 solutum
1594 508 1622 547 a
1654 486 1864 563 synodi)
1897 487 1937 540 Α
1970 497 2118 543 tuum
2156 489 2219 542 de
2244 489 2353 542 loco
2378 506 2495 555 suo,
2547 490 2649 542 nisi
2683 488 3039 555 paenitentiam
3104 488 3271 557 egeris
3325 487 3341 557 (
3380 490 3544 555 Apoc.

298 588 508 654 antiqui
554 589 814 658 religione
865 588 1224 657 jurisjuraudi
1285 582 1623 649 Michaelem,
1670 583 1872 653 quibus

293 683 624 749 uprimitur
650 683 854 746 verbis,
885 697 993 735 non
1028 683 1241 737 videtur
1295 681 1445 735 aliud
1476 693 1673 733 sonare
1706 691 1871 745 quam

297 775 610 827 declarasse
641 775 790 841 ipsos
819 776 948 843 quid
1007 775 1061 829 in
1091 792 1151 829 re
1212 784 1378 836 esset.
1414 785 1466 829 et
1521 775 1688 845 638
1742 788 1875 828 con-

258 868 475 919 -sultos
504 876 563 920 ut
593 868 848 921 ductores
890 867 1244 935 respondisse
1283 881 1390 920 non
1452 866 1626 920 videri
1680 869 1870 919 vincu-

298 959 409 1009 lum
445 959 644 1025 pri0ris
694 959 840 1012 illius
892 959 1220 1012 sacramenti
1278 960 1347 1010 ad
1404 959 1506 1012 hoc
1552 968 1766 1025 tempus
1812 971 1874 1009 ac

300 1065 485 1102 rerum
529 1050 822 1103 articulum
859 1051 1102 1105 extendi.
1137 1051 1462 1119 Quanquam
1490 1052 1533 1104 si
1563 1050 1737 1103 Graeci
1779 1050 1869 1103 isti

297 1152 350 1195 et
386 1151 517 1196 tunc.
555 1144 621 1195 ab
654 1142 912 1196 Ecclesiae
942 1142 1200 1196 Romanae
1227 1146 1615 1197 communione
1652 1144 1873 1197 discissi

300 1238 579 1311 antistites
613 1237 850 1303 aliquam
881 1236 983 1290 sibi
1006 1235 1440 1305 jurisdictionem
1467 1246 1519 1290 et
1552 1244 1873 1306 potestatem

300 1330 441 1381 ultra
496 1328 577 1382 fas
608 1337 659 1381 et
723 1344 992 1383 canonum
1057 1331 1428 1397 praescriptum
1484 1331 1875 1395 attribuerent,

301 1424 529 1476 minime
569 1422 619 1474 id
651 1423 851 1475 mirum
886 1430 1053 1487 esset,
1093 1438 1215 1476 cum
1250 1423 1379 1477 talia
1407 1424 1728 1491 jamdudum
1771 1425 1875 1476 im-

300 1530 447 1582 pune
500 1529 728 1583 peccare
782 1516 929 1569 soliti
987 1525 1190 1571 esscnt.
1252 1514 1398 1585 Ergo
1429 1524 1483 1570 et
1515 1517 1639 1576 hoc.
1683 1524 1739 1568 nt
1771 1516 1877 1569 alia

299 1616 424 1672 qua:
464 1623 568 1661 non
602 1624 769 1676 pauca
800 1608 853 1661 in
882 1610 980 1661 hac
1010 1608 1231 1661 historia
1270 1616 1564 1662 occurrent
1589 1608 1864 1662 schisma-

303 1701 398 1753 tici
430 1702 676 1754 auctoris
704 1700 894 1754 vitium
934 1701 1257 1767 redolentia,
1306 1702 1444 1756 citra
1502 1701 1875 1771 prtejndicinm

301 1803 355 1847 et
388 1807 513 1846 cum
545 1793 800 1847 cautione
830 1792 1010 1847 debita
1045 1794 1315 1860 legantur.

372 1884 509 1950 (ἆορ.
548 1887 600 1938 κ.
628 1883 767 1939 Loca
799 1900 920 1953 quae
954 1884 1046 1937 hic
1082 1885 1215 1939 citat
1259 1885 1627 1956 Pacbymeres
1669 1902 1732 1939 ex
1766 1884 1881 1939 Ho-

301 1990 457 2029 mero
489 1976 743 2044 leguntur
778 1979 831 2030 in
866 1976 1032 2030 Iliad.
1074 1978 1131 2040 Ι,
1171 1994 1224 2031 v.
1252 1979 1396 2033 MO:
1443 1979 1677 2048 Νήπιον,
1731 1978 1886 2030 οὖπω

304 2066 470 2119 εἰδόθ’
499 2069 711 2136 ὀμοιίου
736 2069 997 2138 πολέμοιο
1017 2110 1031 2133 ,
1068 2078 1123 2125 et
1171 2070 1337 2128 Iliad.
1367 2073 1415 2139 δ,
1448 2090 1501 2127 v.
1534 2072 1677 2126 320:
1721 2070 1887 2124 Ἀλλά

204 2190 211 2195 ο
305 2177 367 2211 σε
403 2160 581 2229 γῆρας
606 2162 777 2229 τείρει
807 2164 1037 2231 ὁμοίιον.
1069 2162 1149 2217 Ad
1194 2180 1356 2233 quem
1417 2172 1752 2233 postremum
1803 2164 1887 2216 lo-

304 2268 431 2306 cum
474 2262 631 2308 vetus
686 2254 1037 2313 scholiastes.
1085 2268 1243 2322 quem
1313 2256 1603 2324 Didymum
1662 2253 1884 2322 quidam

306 2350 527 2406 putant,
563 2342 643 2395 sic
671 2342 935 2396 adnotat:
985 2343 1185 2396 ’ἰστέον
1233 2344 1279 2395 δ’
1302 2344 1434 2397 ὅτιὸ
1474 2344 1705 2414 ποιητὴς
1745 2362 1888 2398 παν-

304 2434 473 2500 ταχοῦ
505 2435 566 2486 τὸ
588 2436 794 2504 ὁμοίιον
821 2437 913 2489 ἐπὶ
938 2437 1031 2489 τοῦ
1089 2437 1297 2504 φαύλου
1345 2437 1636 2505 λαμϐάνει.
1703 2437 1890 2493 Scien-

309 2527 441 2580 dum
472 2537 680 2595 poetam
714 2528 907 2599 ubique
941 2531 1115 2584 simile
1143 2547 1238 2599 pro
1287 2532 1430 2586 malo
1475 2548 1701 2587 sumere.
1746 2531 1888 2587 Idem

307 2621 476 2673 tradit
503 2629 555 2674 et
581 2619 901 2675 Eustathius
929 2622 995 2676 ad
1018 2638 1141 2677 eum
1171 2624 1349 2677 locum
1374 2639 1430 2692 p.
1458 2624 1562 2677 476
1588 2625 1673 2678 ed.
1701 2624 1887 2687 Rom.,

310 2711 517 2765 addens
549 2718 604 2765 et
635 2711 784 2766 haec:
827 2712 1031 2765 Ἀπίων
1063 2713 1195 2781 γοῦν
1230 2715 1325 2767 καὶ
1361 2714 1692 2784 Ἠρωδιανός
1726 2734 1890 2784 φασιν

308 2804 395 2857 ὅτι
442 2807 490 2858 οἱ
545 2805 964 2874 γλωσσογράφοι
1013 2808 1222 2876 ὁμοίιον
1243 2806 1389 2861 κατὰ
1441 2808 1709 2878 διαίρεσιν
1759 2828 1890 2879 φασι

311 2897 373 2949 τὸ
399 2896 570 2949 κακόν
594 2909 701 2953 etc.
735 2897 809 2952 ibi
847 2900 1096 2953 videnda.

382 2988 512 3059 Pag.
544 2990 666 3044 104.
705 2989 857 3057 Quod
893 2992 1107 3059 omnino
1142 2991 1382 3060 futurum
1437 3006 1513 3048 est
1551 2997 1705 3051 nulla
1738 3015 1893 3067 posse

310 3080 595 3147 prudentia
630 3082 896 3146 prwvetti.
936 3083 1112 3136 Semel
1173 3086 1425 3148 superius
1462 3089 1671 3154 monui,
1704 3092 1748 3143 si
1781 3090 1894 3146 ha‘c

1976 597 2052 647 χι,
2084 582 2115 635 5
2141 581 2182 649 ).
2216 578 2295 635 Ne
2316 596 2446 635 vero
2478 581 2600 649 quis
2626 581 2691 634 ad
2722 580 3039 636 hodiernam
3060 582 3387 633 nostratium
3412 596 3546 633 con-

1975 676 2317 729 suetudiuem
2354 674 2468 727 haec
2494 675 2716 743 exigens
2751 674 2889 728 forte
2938 678 3233 727 arbitretur
3289 675 3549 727 candela-

1978 765 2132 817 hrum
2169 764 2257 817 bic
2293 764 2516 832 intelligi
2556 767 2717 832 quale
2758 764 2999 833 praeferri
3041 782 3066 816 a
3115 766 3369 818 ministro
3401 764 3551 817 celu-

1975 854 2268 908 brantibns
2338 855 2613 923 episcopis
2698 856 2879 918 solut,
2933 865 3195 923 argenteo
3262 853 3552 907 manubrio

1978 961 2196 1000 cereum
2228 946 2509 1000 ardentem
2577 958 2824 1015 portans,
2877 950 3021 1016 quod
3077 950 3238 1016 vulgo
3289 949 3342 1000 in
3397 947 3549 999 Italia

1978 1037 2190 1105 bugiam
2232 1048 2428 1091 vocant
2459 1050 2511 1093 et
2552 1040 2696 1091 inter
2732 1041 3100 1107 episcOpalem
3157 1040 3551 1108 supellcctilem

1979 1146 2273 1188 censetur:
2343 1152 2429 1197 ne,
2497 1137 2739 1203 inquam,
2803 1136 2856 1189 id
2907 1138 3106 1189 habere
3166 1138 3342 1189 locum
3392 1137 3557 1207 639

1982 1230 2175 1297 possit,
2212 1230 2416 1287 obstat.
2451 1228 2594 1298 quod
2630 1229 3022 1283 candelabrum
3059 1232 3216 1282 cuius
3260 1230 3347 1281 hic
3396 1238 3450 1282 et
3503 1231 3555 1281 in

1981 1320 2118 1375 locis
2150 1321 2555 1391 Apocalypseos
2589 1323 2824 1374 laudatis
2858 1332 2943 1375 est
3002 1322 3230 1387 mentio,
3298 1337 3406 1374 non
3468 1336 3558 1373 cc-

1982 1428 2133 1466 reutu
2168 1414 2352 1467 funale
2389 1415 2646 1481 praetulit,
2685 1413 2781 1469 sed
2816 1430 2909 1468 vas
2945 1414 3073 1475 olei,
3108 1415 3223 1466 sive
3249 1413 3556 1483 lampadem

1982 1505 2125 1557 intra
2188 1519 2351 1572 quam
2400 1505 2523 1559 oleo
2576 1505 2835 1559 innatans
2899 1504 3236 1573 cllycbnium
3283 1504 3559 1557 ﬂarnmam

1982 1602 2305 1663 conceptam
2356 1596 2572 1666 pinguis
2628 1597 2861 1663 liquoris
2929 1610 3100 1650 succo
3171 1597 3365 1650 aleret.
3430 1596 3563 1649 Tale

1981 1691 2183 1757 quippe
2206 1688 2310 1741 fuit
2335 1690 2723 1744 candelabrum
2757 1688 3099 1744 tabernaculi
3132 1690 3360 1753 veteris,
3389 1689 3559 1743 Exod.

1911 1796 2114 1866 Bxxv.
2149 1781 2238 1845 51,
2271 1791 2324 1835 et
2370 1796 2490 1850 qua:
2545 1782 2611 1835 ad
2669 1782 2832 1849 hujus
2880 1782 3187 1850 exemplum
3234 1781 3561 1835 candelabra

1992 1871 2177 1924 decem
2209 1885 2373 1923 aurea
2409 1870 2539 1924 fecit
2564 1869 2820 1924 Salomon
2846 1877 2900 1923 et
2950 1871 3137 1938 posuit
3177 1870 3230 1923 in
3266 1869 3490 1935 templo,
3519 1866 3563 1921 ll

1993 1962 2173 2016 Paral.
2208 1979 2283 2023 tv,
2329 1962 2379 2016 7.
2440 1964 2629 2031 Itaque
2662 1963 2792 2033 etin
2851 1962 3173 2031 Apocalypsi
3234 1961 3565 2015 candelabra

1997 2056 2112 2111 ba-c
2144 2055 2361 2126 λυχνίαι
2390 2067 2676 2119 vocantur,
2707 2055 2853 2125 quod
2882 2054 3142 2124 cerigeris
3165 2054 3566 2111 instrumentis,

1995 2150 2214 2216 Opinor,
2249 2163 2356 2201 non
2392 2147 2669 2213 convenit,
2710 2148 2786 2200 nti
2825 2162 2923 2201 nec
2951 2162 3074 2215 qua:
3108 2147 3198 2201 hic
3229 2145 3570 2222 Graecelegi-

1998 2250 2086 2292 tur
2117 2254 2219 2292 vox
2253 2237 2659 2307 λαμπαδοῦχον.
2698 2239 3029 2307 Argenteum
3079 2251 3211 2291 vero
3246 2234 3375 2290 illud
3421 2235 3567 2290 cervi

1996 2330 2353 2399 gestatorinm
2386 2344 2413 2382 a
2442 2328 2646 2384 Gra'cis
2684 2329 3089 2383 recentioribus
3118 2328 3336 2382 videtur
3368 2343 3570 2395 μανου-

1998 2425 2145 2478 ἅλιον
2170 2423 2349 2492 potius
2383 2422 2614 2477 dictum.
2645 2422 2860 2477 Nicetas
2885 2423 2939 2476 in
2983 2421 3191 2477 lsaacio
3226 2430 3281 2476 et
3337 2420 3570 2475 Alexio:

1997 2517 2080 2570 Τά
2105 2533 2164 2568 τε
2214 2515 2515 2583 μανουάλια
2560 2516 2655 2568 xal.
2708 2515 3001 2585 κανδήλας.
3040 2513 3197 2568 Anna
3249 2514 3571 2570 Commenta.

1998 2610 2035 2664 1.
2076 2625 2145 2663 xv
2188 2610 2517 2681 μανουηλὴμ
2560 2612 2795 2680 appellat
2849 2610 3240 2666 candelabrum
3296 2620 3422 2662 ante
3471 2608 3574 2662 im-

2001 2712 2306 2771 peratorem
2335 2704 2578 2771 praeferri
2609 2707 2855 2767 solitum,
2887 2719 3012 2757 cum
3047 2702 3217 2757 funali
3264 2703 3478 2757 scilicet
3518 2710 3574 2756 et

2000 2809 2157 2847 cerea
2189 2795 2438 2848 candela.
2474 2794 2630 2858 Quod
2661 2794 2705 2846 si
2745 2793 3132 2848 candelabrum
3163 2807 3382 2861 quoque
3436 2806 3578 2857 pou-

2001 2886 2241 2941 tilicibus
2274 2888 2574 2956 praelatum,
2627 2903 2727 2941 usu
2764 2887 3019 2941 similium
3076 2901 3258 2939 rerum
3305 2884 3574 2938 vocabula

2001 2980 2278 3043 vulgante,
2309 2980 2617 3049 reperiatur
2655 2980 2980 3049 μανουάλιον
3004 2987 3057 3032 et
3093 2979 3269 3047 ipsum
3303 2978 3507 3031 dictum
3544 2993 3575 3031 a

2001 3071 2291 3127 Pliilntbeo
2322 3075 2376 3126 in
2411 3072 2725 3137 Diaconico,
2752 3081 2930 3126 tamen
2961 3086 3068 3126 non
3108 3072 3183 3125 illi
3217 3085 3432 3131 cereus,
3478 3069 3576 3124 sed

314 3171 381 3224 ad
410 3173 762 3225 astruendam
800 3187 1021 3240 pravam
1059 3175 1126 3229 de
1159 3175 1269 3229 lato
1320 3177 1615 3232 humanam
1661 3181 1887 3235 liberta-

2000 3165 2212 3233 lampas
2249 3166 2654 3233 imponebatur,
2681 3177 2740 3219 ut
2770 3166 2911 3219 idem
2974 3163 3045 3217 ihi
3081 3166 3359 3224 observat,
3390 3162 3497 3214 Καὶ
3549 3161 3579 3212 6

317 3274 425 3317 tem
454 3265 756 3332 peritncnte
795 3265 1099 3319 doctrinam
1159 3269 1399 3337 cuipiam
1458 3274 1757 3339 pertinere'
1797 3277 1891 3329 vi-

313 3354 569 3417 deantur,
613 3354 629 3427 [
656 3354 696 3408 P
725 3356 874 3428 M6]
906 3359 1188 3413 erroribus
1233 3363 1475 3416 auctoris
1527 3368 1891 3433 accensenda,

315 3456 380 3499 ut
408 3447 543 3501 nihil
576 3458 769 3503 contra
807 3450 919 3503 veri
957 3453 1204 3521 certique
1238 3453 1513 3523 dogmatis
1540 3460 1895 3523 praescribere

311 3538 696 3594 auctoritatem
725 3550 999 3608 queant.--

386 3629 517 3700 Pag.
558 3632 684 3687 115.
712 3632 931 3688 Nicetes
955 3636 1229 3706 episcopus
1262 3637 1534 3695 Heraclea:
1570 3642 1893 3697 mitteretur.

311 3723 567 3778 Graeca:
640 3725 928 3795 Πέμπουσι
999 3730 1124 3791 τοὺς
1197 3731 1331 3801 περὶ
1388 3732 1482 3784 τὸν
1564 3733 1896 3804 Ἡρακλείας

311 3819 589 3889 Νικήταν.
621 3819 748 3875 Haec
789 3831 919 3875 sunt
943 3838 1007 3876 ex
1046 3822 1168 3878 cod.
1199 3824 1474 3880 Allatiano
1504 3834 1557 3881 et
1589 3826 1639 3881 ei
1666 3843 1899 3882 consen-

312 3914 487 3966 tiente
508 3911 793 3967 Vaticano.
812 3911 944 3967 Nam
970 3915 1301 3971 Barberinus
1326 3918 1583 3983 habebat,
1609 3920 1896 3989 Πέμπουσι

313 4006 447 4067 τοὺς
477 4006 605 4075 περὶ
629 4006 721 4058 τὸν
756 4006 1127 4077 Νικομηδείας
1170 4008 1449 4079 Ἰωάννην.
1499 4010 1706 4065 Tamen
1750 4011 1894 4064 idem

315 4097 492 4152 codex
524 4096 815 4152 lectionem
857 4099 1114 4153 Allatiani
1167 4102 1467 4156 ann0tabat
1522 4103 1575 4155 in
1624 4104 1893 4170 margine,

317 4188 401 4240 uti
427 4195 484 4240 et
510 4187 820 4243 Allatianus
845 4189 1087 4246 vicissim
1119 4191 1412 4246 lectionem
1438 4191 1660 4247 Barbcr.
1699 4193 1887 4259 Quare

325 4294 449 4334 cum
484 4280 566 4334 illi
612 4281 722 4335 duo
777 4282 1019 4352 ambigui
1073 4292 1283 4350 essent,
1330 4283 1596 4354 sulfragio
1646 4283 1896 4339 Vaticani

323 4389 393 4429 us
419 4375 687 4442 dirempta
713 4382 833 4440 est;
865 4386 918 4430 et
947 4377 1191 4430 omnium
1242 4377 1355 4445 jam
1388 4392 1657 4432 consensu
1691 4378 1897 4447 proba-

323 4476 437 4520 tam
481 4465 697 4521 cunctis
741 4466 957 4521 restitui
1023 4468 1336 4530 lectionem,
1393 4484 1455 4522 ex
1522 4470 1698 4538 ipsius
1759 4469 1901 4523 forte

323 4556 573 4610 auctoris
623 4556 970 4611 correctione
1022 4566 1223 4624 ortam,
1267 4558 1362 4628 qui
1412 4560 1557 4629 quod
1613 4560 1766 4629 prius
1806 4574 1903 4629 po-

322 4655 538 4710 suerat,
583 4646 885 4701 emendans
938 4649 1256 4702 mutaverit.
1314 4649 1477 4703 Certo
1516 4650 1902 4719 pronuntiare-

324 4754 451 4794 mus
498 4739 566 4793 de
600 4753 677 4802 re,
710 4739 755 4792 si
785 4748 1068 4794 constaret
1095 4750 1216 4794 utra
1250 4740 1302 4794 in
1334 4741 1579 4806 civitate,
1644 4742 1903 4799 Heraclea

325 4847 398 4885 an
452 4828 793 4894 Nicomedia,
844 4839 991 4886 esset
1037 4832 1433 4887 monasterium
1485 4832 1543 4887 S.
1606 4833 1901 4904 Diomedis,

324 4923 488 4991 cujus
517 4923 605 4976 hic
632 4923 857 4977 mentio.

400 5016 531 5085 Pag.
559 5014 683 5069 “5.
718 5014 873 5079 Quod
905 5015 1294 5070 candelabrum
1338 5018 1606 5084 repetitur
1648 5016 1714 5069 ab
1744 5018 1910 5070 Arse—

328 5108 427 5162 nio
455 5108 508 5160 in
547 5108 762 5175 signum
798 5102 1039 5161 abdicati
1093 5108 1318 5161 honoris
1349 5106 1752 5176 patriarcbalis,
1780 5108 1908 5168 inde

329 5200 549 5255 videtur
577 5200 802 5264 factum,
828 5200 975 5270 quod
1006 5203 1145 5270 apud
1171 5200 1391 5256 Graecos
1425 5201 1639 5269 insigne
1665 5210 1906 5269 potesta-

328 5294 399 5347 tis
425 5292 751 5361 episcopalis
787 5292 1177 5346 candelabrum
1226 5293 1544 5347 haberetur.
1582 5290 1715 5344 Natu
1751 5301 1805 5345 et
1849 5295 1906 5346 in

329 5384 661 5455 Apocalypsi
691 5394 894 5453 septem
944 5383 1182 5453 episcopi
1212 5385 1355 5439 Asiae
1397 5393 1605 5454 septem
1654 5384 1909 5438 candela-

330 5480 555 5534 brorum
589 5476 835 5547 symbolo
891 5478 1282 5547 designantur;
1342 5487 1396 5532 et
1444 5478 1535 5533 ubi
1588 5494 1652 5531 ex
1685 5478 1770 5532 his
1816 5478 1907 5533 uni

333 5570 611 5640 Ephesino
646 5571 999 5624 comminatio
1038 5571 1342 5625 intentatur
1364 5571 1627 5640 cripieudi
1658 5570 1909 5634 honoris,

333 5680 393 5717 ea
444 5663 769 5732 exprimitur
823 5662 909 5718 Itis
956 5663 1183 5718 verbis:
1247 5660 1464 5716 Mooebo
1526 5662 1906 5716 candelabrum

1995 3256 2242 3318 διάκονος
2269 3255 2591 3325 (inquiens)
2624 3256 2841 3308 ἵσταται
2872 3254 3108 3319 δεξιόθεν
3140 3254 3305 3307 αὑτοῦ
3331 3253 3581 3321 κατέχων

2000 3349 2329 3419 μανουάλιον
2401 3349 2539 3419 μετά
2598 3348 2883 3429 λαμπάδος
2942 3348 3219 3417 ήμμένης.
3289 3347 3579 3414 Proprium

1999 3455 2132 3509 ergo
2173 3441 2389 3495 videtur
2423 3441 2791 3496 ecclesiastici
2820 3450 2874 3493 et
2898 3439 3230 3509 episc0palis
3259 3437 3579 3492 candelabri

1999 3532 2306 3599 lampadem
2380 3549 2505 3587 cum
2579 3533 2698 3587 oleo
2738 3542 2976 3602 gestare.
3032 3530 3190 3587 Unde
3241 3532 3386 3586 forte
3432 3531 3577 3600 apud

2000 3624 2323 3678 Zachariam
2360 3625 2709 3694 prophetam,
2743 3641 2795 3680 c.
2823 3625 2880 3689 4,
2906 3624 3175 3678 olivarum
3222 3638 3348 3678 cum
3379 3624 3583 3678 cande-

1998 3714 2158 3768 labro
2186 3715 2392 3768 mentio
2445 3716 2715 3784 jungitur.
2775 3712 2897 3770 Huc
2946 3714 3271 3769 crediderim
3324 3715 3582 3769 allusisse

2001 3807 2315 3878 Synesium,
2349 3807 2476 3860 dum
2507 3807 2880 3875 episcopatum
2915 3805 3098 3859 ἐλαίου
3127 3814 3181 3859 et
3231 3804 3439 3868 ἐλαίας,
3476 3804 3583 3857 olei

1999 3907 2053 3953 et
2080 3897 2230 3951 oliva:
2273 3898 2539 3968 symbolis
2602 3898 2975 3952 adumbravit.
3018 3897 3282 3952 Scribcns
3320 3898 3465 3950 enim
3515 3897 3584 3949 ad

2000 3991 2233 4044 amicum
2272 3990 2365 4059 qui
2396 3990 2481 4044 sui
2515 3989 2783 4044 rationem
2819 3989 3059 4043 absentis
3112 3988 3305 4042 haberi
3344 3988 3583 4042 comitiis

2000 4081 2406 4150 episcopalibus
2436 4081 2748 4151 cupiverat,
2809 4096 2912 4134 nec
2963 4095 3187 4148 compos
3237 4081 3410 4149 nptati
3462 4091 3583 4132 erat

2001 4175 2202 4238 factus,
2263 4189 2559 4242 serumque
2598 4190 2698 4227 nec
2754 4173 2867 4242 spei
2919 4172 3077 4226 aliine
3125 4173 3237 4242 jam
3291 4171 3342 4225 id
3396 4184 3583 4226 vonnn

2001 4278 2140 4335 erat,
2174 4268 2319 4337 quod
2354 4267 2610 4321 omnibus
2643 4266 2829 4320 vacuis
2866 4264 3091 4319 sedibus
3145 4264 3390 4333 impositi
3438 4278 3585 4331 prae-

2003 4364 2150 4417 sides
2200 4360 2444 4431 episcopi
2487 4358 2757 4422 fuissent,
2800 4358 2850 4411 id
2899 4358 3076 4425 ipsum
3144 4357 3353 4411 iudicat
3424 4357 3586 4426 amig-

2007 4454 2205 4506 maticc
2229 4452 2314 4506 bis
2350 4450 2565 4504 verbis:
2604 4449 2669 4501 Ὃ
2690 4448 2798 4515 γὰρ
2820 4447 3003 4499 ἔλαιον
3036 4446 3100 4500 σύ
3132 4464 3189 4500 τε
3221 4444 3390 4509 ἀξιοῖς
3414 4488 3428 4511 ,
3475 4456 3582 4498 etc.

2010 4554 2064 4602 et
2108 4545 2272 4616 paulo
2312 4552 2436 4613 post
2463 4561 2477 4597 :
2512 4541 2635 4594 Οὐδ’
2664 4540 2820 4593 ἐλαία
2848 4540 2931 4601 τίς
2951 4540 3101 4590 ἐστιν
3134 4536 3585 4607 ὲνοφθαλμισμά-

2010 4659 2119 4694 των
2146 4638 2489 4709 ἐστερημένη
2511 4675 2524 4690 .
2548 4674 2563 4688 .
2588 4674 2602 4689 .
2628 4674 2642 4688 .
2680 4634 2765 4701 ἐφ’
2797 4627 2942 4707 ᾗπερ
2977 4631 3043 4684 ἂν
3072 4632 3099 4684 ὁ
3139 4630 3268 4700 ἡδὺς
3308 4629 3460 4697 φίλος
3490 4630 3584 4694 ἑγ-

2011 4731 2381 4801 κεντριοθεὶη.
2418 4731 2486 4782 At
2524 4727 2718 4782 melius
2770 4724 2938 4779 fuerit
2996 4732 3162 4778 totam
3222 4723 3383 4776 istaut
3416 4720 3589 4789 Syne-

2011 4826 2150 4880 siani
2182 4838 2306 4878 vere
2340 4821 2678 4876 cltaracteris
2707 4817 3026 4889 epistolam,
3065 4831 3187 4884 qua:
3237 4815 3381 4867 inter
3409 4813 3590 4865 editas

2008 4932 2116 4972 non
2150 4922 2432 4983 comparet
2457 4913 2560 4982 (α),
2593 4928 2660 4966 ex
2709 4911 2915 4980 optimo
2944 4906 3209 4961 Vaticano
3258 4905 3448 4958 codice
3498 4903 3589 4956 hic

2009 5010 2344 5073 describere,
2375 5007 2633 5076 adjuncta
2664 5012 2850 5058 nostra
2887 4999 3342 5069 interpretatione
3366 4997 3584 5051 Latina.

2010 5104 2103 5158 Sic
2132 5103 2296 5171 igitur
2323 5100 2486 5154 liabet
2515 5117 2527 5153 :
2560 5096 2812 5150 Συνεσίου
2857 5092 2942 5165 [Ρ.
2974 5092 3104 5165 447]
3153 5091 3413 5161 ἐπιστολὴ
3444 5090 3587 5160 ρκγθ,

2010 5196 2149 5265 πρός
2179 5211 2301 5247 τινα
2337 5192 2446 5245 τῶν
2484 5188 2717 5260 ἑταίρων
2748 5185 3059 5255 ἐπισκοπὴν
3098 5187 3163 5237 ἐκ
3196 5183 3471 5254 μακρόθεν
3505 5183 3591 5236 αἰ-

2008 5292 2253 5360 τήσαντα
2283 5286 2421 5356 μετὰ
2467 5284 2568 5354 τὴν
2611 5282 2721 5335 τῶν
2753 5278 3070 5334 ἐπισκόπων
3113 5277 3590 5332 ἀποκατάστασιν.

2013 5383 2087 5438 Τὸ
2119 5380 2429 5449 σοφώτατον
2453 5378 2712 5447 γράμμα,
2749 5382 2856 5429 etc.
3676 5448 3685 5455 Δ

2082 5470 2432 5545 σεο-641
2475 5467 2606 5537 Cap.
2629 5466 2715 5521 l9.
2733 5464 2818 5537 [P.
2835 5463 2964 5536 ΗΒ]
2985 5462 3152 5519 Valde
3168 5461 3382 5516 videtur
3401 5468 3597 5515 notan—

2016 5567 2145 5623 dum
2191 5563 2464 5620 somnium
2507 5561 2611 5614 hoc
2648 5556 3027 5628 propheticum
3078 5554 3320 5610 oblatum
3391 5550 3591 5606 Joanui

2019 5657 2198 5713 Vecco
2228 5664 2279 5710 et
2304 5650 2677 5708 testimonium
2704 5650 2848 5721 quod
2885 5648 3034 5705 illius
3060 5646 3181 5703 ﬁdei
3208 5662 3275 5707 ac
3300 5643 3589 5702 voracitati

398 5843 470 5909 (α)
500 5845 673 5895 Exstat
696 5844 745 5896 in
764 5838 928 5896 nostra
950 5845 1167 5897 editione
1188 5845 1404 5908 Operum
1430 5842 1646 5905 Synesii.
1673 5841 1796 5894 Vide
1817 5849 1932 5894 tom.
1961 5838 2126 5901 LXVI,
2149 5834 2241 5886 col.
2270 5832 2405 5883 1559.
