3992 6592
377 390 514 456 1103

1291 377 1360 457 Ρ.
1401 380 2414 464 P’osstutmnsnva'rioume'
2442 403 2590 466 LIB.
2628 406 2709 466 Π.

3489 403 3635 469 1104

376 510 756 579 Pacbymeres,
779 508 855 562 illi
877 508 1034 572 alias,
1056 507 1146 562 ubi
1165 506 1229 564 de
1246 509 1653 563 conciliationis
1678 508 1949 563 Ect-lesia-
1979 512 2022 569 Α
2051 516 2406 582 repudientur
2433 523 2488 570 et
2521 519 2871 586 corrigantur
2890 530 2921 571 a
2948 515 3217 586 prudente
3239 515 3440 571 lectore
3466 515 3629 586 juxta

377 615 499 655 rum
524 601 738 669 negotio
761 603 962 670 agitur,
989 615 1179 671 parum
1199 615 1413 669 mquus,
1442 601 1640 662 reddit,
1665 599 1792 654 dum
1818 615 1943 654 eum

376 691 648 762 φιλαληθῆ
695 694 775 756 εἰς
818 694 1000 760 πίστιν
1054 691 1162 744 τῶν
1203 692 1512 760 λεγομένων
1568 693 1736 746 fuisse
1786 692 1942 753 dicit,

378 786 479 838 hoc
513 794 595 839 est
628 785 870 838 veritatis
905 794 1203 847 amantem,
1255 795 1310 838 et
1343 786 1432 839 cui
1469 794 1586 838 tuto
1619 785 1762 852 quod
1803 783 1947 838 aﬂir—

380 877 560 930 mabat
580 876 916 929 crederetur.
943 874 1093 929 Unde
1126 877 1486 944 intelligimus
1506 891 1623 944 quze
1643 875 1732 927 ille
1749 875 1946 927 deinde

381 967 547 1019 multa
585 981 888 1034 magnaque
928 983 1024 1034 pro
1064 967 1274 1020 Latinis
1311 976 1499 1020 contra
1533 969 1754 1021 Graecos
1805 967 1946 1019 scri-

378 1058 486 1126 psit
511 1066 562 1111 et
590 1058 750 1119 divit,
802 1074 963 1126 quam
1010 1059 1078 1110 ob
1115 1058 1265 1111 omni
1291 1059 1616 1128 exceptione
1650 1059 1858 1114 fraudis
1890 1066 1946 1114 et

374 1148 484 1202 fuci
517 1149 692 1202 aliena
726 1151 956 1203 debeant
995 1150 1201 1202 haberi.

446 1241 576 1306 νας.
611 1239 734 1294 121.
786 1239 848 1293 In
882 1243 1152 1296 suburbio.
1183 1241 1342 1295 Forte
1384 1245 1565 1310 aptius
1596 1245 1940 1312 scripsissem

392 1334 443 1386 in
480 1333 806 1386 suburbano.
838 1332 969 1384 Nam
1000 1334 1320 1387 suburbium
1374 1334 1588 1387 videtur
1622 1336 1773 1391 locus
1823 1336 1944 1393 urbi

375 1425 645 1478 admotior
675 1441 836 1493 quam
876 1425 960 1477 hic
990 1425 1288 1487 iudicatus,
1317 1426 1518 1495 quippe
1557 1428 1621 1479 ad
1651 1429 1943 1496 septimum

2053 605 2250 674 placita
2283 607 2569 661 orthodoxi
2601 609 2896 677 dogmatis.

2129 695 2260 766 Pag.
2297 698 2419 753 Hi.
2455 698 2832 753 Monasterium
2881 699 2950 751 ad
3002 697 3224 752 Foutem
3255 698 3436 752 situm.
3471 697 3632 753 nunc

2050 789 2255 846 fontem
2285 804 2334 848 et
2369 794 2546 848 locum
2600 797 2863 850 describit
2897 793 3198 864 Procopius
3227 793 3264 849 l.
3297 810 3312 847 ι
3349 795 3482 864 Περὶ
3511 812 3632 847 κτι-

2050 884 2293 951 σμάτων,
2321 900 2370 938 c.
2413 887 2466 948 ὅ,
2498 887 2626 938 dum
2662 888 2848 956 templi
2876 887 2930 941 in
2971 887 3233 940 honorem
3273 886 3329 938 ι).
3351 887 3520 954 iparae
3551 887 3629 941 ibi

2050 987 2078 1026 a
2113 973 2424 1030 Justiuiano
2453 977 2657 1031 conditi
2693 977 2945 1031 meminit
3000 977 3087 1031 his
3137 978 3350 1032 verbis:
3397 977 3630 1043 Ἕτερον

2048 1063 2105 1117 δὲ
2129 1065 2274 1135 ἱερὸν
2296 1068 2432 1135 αὑτῇ
2457 1067 2546 1137 (τῇ
2583 1069 2843 1136 θεοτόκῳ)
2861 1070 2920 1119 ἐν
2941 1067 3104 1137 χώρῳ
3125 1068 3448 1136 καλουμένῳ
3467 1069 3627 1137 Πηγῇ

2049 1158 2340 1227 ἀνέθηκεν.
2373 1159 2642 1213 Ἐνταῦοά
2683 1162 2800 1211 ἐστι
2828 1160 2988 1220 δάσος
3016 1160 3394 1229 κυπαρίσσων.
3421 1157 3631 1228 λειμὼν

2051 1251 2109 1305 ὲν
2133 1252 2368 1312 ἁπαλαῖς
2392 1254 2514 1315 ταῖς
2539 1253 2803 1324 ἀρούραις
2831 1253 3075 1321 τεθηλὼς
3101 1252 3310 1316 ἄνθεσι,
3362 1248 3632 1319 παράδει-

2051 1358 2144 1403 σος
2201 1340 2445 1410 εὐφορῶν
2507 1341 2578 1392 τὰ
2626 1341 2827 1410 ὡραῖα,
2879 1342 3028 1410 πηγὴ
3073 1340 3314 1408 ἀψοφητὶ
3349 1338 3631 1408 βλύζουσα

2047 1432 2279 1500 γαληνὸν
2318 1433 2378 1486 τὸ
2430 1431 2573 1502 ὕδωρ
2612 1434 2708 1486 καὶ
2739 1434 2992 1502 πότιμον.
3035 1431 3160 1488 Haec
3211 1432 3342 1486 ille:
3371 1448 3493 1501 qua
3548 1434 3633 1488 sic

375 1517 518 1570 situs
553 1516 809 1584 lapidem.
845 1515 1096 1571 Nondum
1135 1525 1314 1570 tamen
1354 1533 1439 1572 me
1470 1518 1584 1584 ipse
1615 1520 1943 1576 condemno.
1967 1513 2017 1550 κ·
2051 1524 2260 1576 t.alinis
2294 1532 2494 1577 sonant
2528 1540 2594 1578 ex
2632 1524 2868 1592 eleganti
2919 1523 3377 1592 interpretatione
3409 1524 3631 1578 Claudii

374 1609 472 1674 qui
504 1609 671 1662 sciam
705 1609 757 1662 in
809 1610 1062 1664 maximis
1094 1619 1148 1663 et
1179 1611 1344 1680 regiis
1398 1609 1628 1664 urbibus
1685 1610 1944 1665 suburbia

378 1698 650 1752 interdum
691 1699 756 1752 ad
789 1699 973 1754 decem
1003 1708 1057 1752 et
1087 1700 1225 1752 ultra
1262 1700 1512 1752 milliaria
1550 1700 1769 1754 extendi
1814 1715 1947 1754 con-

2057 1613 2291 1668 Maltreti
2343 1615 2558 1670 nostri:
2605 1613 2788 1668 Eidem
2827 1613 3114 1685 (Deiparze)
3169 1614 3422 1682 templum
3479 1617 3633 1668 aliud

2049 1708 2280 1760 condidit
2312 1706 2700 1771 (Justiniauus)
2721 1711 2860 1775 apud
2888 1706 3103 1763 Fontem
3129 1729 3142 1764 :
3167 1711 3241 1764 sic
3261 1711 3432 1764 locum
3455 1712 3638 1779 appel-

375 1791 528 1844 tiutta
561 1789 671 1842 fere
703 1791 846 1844 serie
883 1792 1158 1844 villarum.
1211 1791 1392 1844 limum
1441 1807 1573 1844 sane
1611 1793 1948 1859 longiuscule
1982 1835 2024 1894 Β
2053 1799 2205 1861 fruit;
2242 1801 2296 1851 in
2321 1816 2421 1868 quo
2454 1802 2828 1868 opaeissimum
2878 1812 2954 1854 est
2985 1811 3380 1868 cupressetttm;
3409 1804 3636 1872 ﬂoribus

375 1883 717 1950 procurrisse
759 1884 824 1933 ab
853 1887 985 1935 urbe
1017 1882 1278 1933 suburbia
1312 1881 1424 1950 jam
1486 1891 1614 1935 tunc
1648 1899 1763 1935 :evo
1794 1883 1950 1936 Cice-

376 1975 552 2036 ronis,
585 1974 786 2027 india-io
811 1985 886 2026 est
922 1975 1064 2041 quod
1097 1975 1328 2041 legionis
1357 1974 1590 2041 Philipp.
1622 1973 1752 2028 XII:
1792 1974 1951 2027 llisce

374 2080 464 2132 ego
494 2079 574 2116 me
605 2065 697 2115 viis
745 2065 1094 2125 committam,
1146 2065 1235 2130 qui
1288 2065 1651 2117 lerminalibus
1709 2066 1950 2131 nuperin

373 2158 703 2218 suburbium,
738 2171 787 2210 ut
821 2158 999 2210 eodem
1044 2161 1126 2212 die
1163 2168 1466 2220 reuerterer,
1517 2159 1591 2211 ire
1637 2175 1739 2211 non
1787 2175 1948 2212 ausus

373 2254 514 2305 sim?
560 2253 694 2306 litut
737 2253 803 2304 de
841 2252 942 2304 hoc
993 2252 1084 2315 sit,
1130 2251 1259 2303 illud
1317 2251 1534 2318 quidem
1587 2260 1795 2303 certum
1842 2261 1950 2315 est,

373 2345 716 2402 lleluloznon.
751 2347 816 2397 de
847 2363 957 2414 quo
1011 2358 1198 2399 noster
1229 2347 1328 2398 hoc
1365 2345 1506 2405 loco,
1547 2360 1742 2396 nomen
1779 2344 1949 2399 fuisse

372 2439 676 2491 Suburbani
711 2437 1190 2506 Constantinopoli
1223 2435 1483 2503 disjnncti
1527 2435 1836 2489 miliaribus
1864 2450 1950 2489 se-

376 2538 544 2594 ptem,
585 2540 742 2596 prout
773 2529 987 2581 erudito
1013 2529 1356 2581 dutnmtstrat
1407 2525 1670 2579 Nicolaus
1699 2528 1953 2592 Alaman-

375 2635 476 2673 nos
505 2618 656 2673 Notis
697 2621 761 2672 ad
798 2635 847 2673 c.
894 2620 972 2673 Ιόο
1010 2619 1261 2674 llistorim
1314 2634 1526 2673 arcana:
1581 2619 1858 2688 Procopii,
1884 2634 1951 2674 ex

375 2711 622 2774 Socrate,
659 2712 964 2764 Sozomeno
996 2723 1048 2766 et
1082 2712 1272 2766 Idalio.

447 2804 580 2872 Cap.
616 2803 707 2856 21.
743 2805 1042 2872 Ρυςιειυειιιι
1077 2819 1165 2856 res
1197 2803 1437 2860 Persica.
1463 2806 1605 2873 quod
1641 2806 1731 2859 hic
1764 2820 1957 2860 narra-

376 2901 484 2956 tur,
522 2894 814 2947 succubuit
871 2893 1167 2958 Tocharis,
1201 2894 1416 2949 tidetur
1468 2897 1767 2964 contigisse
1801 2895 1949 2964 quod

374 2994 564 3040 noster
614 3003 665 3054 p.
713 2988 780 3040 18
841 2987 1048 3051 retulit,
1080 2999 1136 3038 ut
1196 3002 1471 3054 pugnaces
1506 2989 1729 3056 quidam
1770 2988 1949 3042 Pet-sa:

375 3092 570 3145 parere
628 3079 894 3146 'l'pchatis
945 3079 1243 3146 detlignati,
1273 3094 1428 3132 arces
1476 3072 1709 3133 Romani
1764 3081 1952 3136 limitis

372 3187 573 3227 vexare
605 3173 870 3241 ceperint,
907 3188 1044 3241 quas
1069 3184 1120 3226 et
1149 3172 1365 3225 tandem
1404 3181 1809 3240 expugnarunt.

448 3265 576 3333 Pag.
633 3266 754 3318 154.
789 3264 906 3317 Non
935 3267 1052 3318 inde
1078 3265 1147 3317 ad
1176 3266 1444 3332 proprium
1489 3267 1679 3318 victum
1725 3283 1949 3321 sumere.

377 3353 585 3409 Graecis
618 3357 725 3408 illis
762 3355 1144 3422 respondenti-1
1182 3374 1196 3410 :
1229 3356 1498 3424 Φέροντας
1535 3356 1578 3408 δ’
1610 3357 1809 3420 ἔξωθεν
1838 3361 1955 3409 ἐπι-

374 3445 587 3498 τάττων
630 3429 952 3507 σιτίζεσθαι.
1002 3445 1126 3500 llzec
1179 3446 1440 3500 videntur
1506 3461 1535 3498 a
1601 3448 1954 3516 paraphraste

383 3537 645 3592 Vaticano
674 3555 779 3592 non
811 3538 1110 3600 intellecta.
1138 3549 1197 3591 ut
1229 3554 1338 3592 non
1374 3554 1498 3592 raro
1541 3539 1679 3593 alias
1711 3539 1952 3593 aberrat.

378 3628 484 3684 Pro
520 3629 604 3684 his
635 3632 777 3682 enim
807 3630 888 3682 sic
922 3629 1107 3698 ponit:
1144 3627 1414 3697 Φέροντας
1444 3628 1488 3680 δ’
1536 3627 1736 3691 ἔξωθεν
1764 3629 1823 3679 τὸ
1856 3627 1956 3696 μὲν

375 3723 580 3792 ἀρκοῦν
611 3723 704 3774 τοῦ
759 3724 905 3775 σίτου
937 3721 1196 3790 χρῆσθαι,
1221 3721 1283 3774 τὸ
1324 3721 1381 3774 δὲ
1434 3720 1596 3773 πλέον
1634 3720 1796 3774 πάλιν
1824 3723 1958 3774 ἀπο-

373 3816 642 3870 τίθεσθαι.
695 3815 858 3883 Atqui
905 3814 964 3868 τὸ
1017 3813 1218 3878 ἔξωθεν
1247 3829 1312 3867 ex
1367 3821 1550 3868 mente
1591 3816 1839 3867 auctoris
1885 3813 1954 3867 ad

376 3909 674 3973 σιτίζεσοαι
710 3911 983 3970 refertur;
1016 3919 1071 3960 ut
1101 3906 1337 3962 voluerit
1369 3907 1534 3978 642
1581 3904 1824 3960 Joannes
1858 3906 1958 3960 im-

377 4013 597 4073 perator
625 4002 838 4070 bajulos
869 4003 1129 4056 frtunenti
1159 4001 1457 4072 reponendi
1485 4002 1540 4054 in
1566 3999 1790 4054 arcibus
1817 3998 1956 4052 nihil

376 4096 504 4150 inde
535 4095 711 4150 obiter
770 4097 1020 4150 minuere
1068 4095 1134 4148 ad
1165 4095 1445 4162 proprium
1493 4093 1719 4154 victum,
1753 4090 1849 4144 sed
1887 4089 1956 4144 iis

378 4186 600 4240 aliunde
630 4187 901 4258 assignari
936 4186 1080 4240 unde
1119 4187 1173 4240 in
1205 4184 1300 4239 tali
1332 4184 1418 4238 via
1447 4197 1512 4236 ac
1536 4181 1844 4237 ministerio
1867 4197 1960 4236 ve-

379 4288 685 4332 scerentur.

451 4369 580 4432 Pag.
614 4370 736 4425 MO.
774 4369 923 4423 Idem
953 4369 1041 4421 ille
1075 4369 1424 4422 Cutritzaces.
1453 4367 1654 4422 Montio
1683 4365 1960 4420 Cutritza-

381 4464 465 4518 cis
498 4464 550 4516 in
611 4463 816 4517 Graecis
863 4463 1028 4516 editis
1057 4477 1162 4515 non
1216 4468 1496 4531 comparet
1525 4479 1538 4514 :
1573 4461 1664 4514 illa
1689 4460 1834 4514 enim
1865 4474 1960 4512 ex-

381 4537 570 4625 pressa
629 4566 758 4611 sunt
809 4572 875 4610 ex
933 4555 1055 4610 cod.
1113 4555 1335 4608 Barber.
1381 4567 1437 4609 et
1507 4550 1794 4624 Allat,[l’.
1830 4549 1955 4623 419]

380 4664 614 4718 quonon
648 4648 702 4701 in
745 4657 937 4702 neutro
969 4648 1189 4716 legitur.
1233 4645 1518 4715 Supplevit
1573 4654 1754 4698 autem
1813 4652 1960 4698 recte

381 4739 719 4794 Vaticanus:
773 4740 1032 4794 estenim
1071 4739 1138 4792 ad
1198 4739 1530 4793 sententiam
1580 4735 1960 4806 explicandam

383 4832 716 4888 necessaria.
773 4831 868 4886 Ille
924 4831 1005 4884 sic
1063 4831 1261 4886 habet:
1301 4830 1492 4898 Ὅμως
1546 4828 1707 4891 αὐτὸς
1741 4823 1894 4890 οὗτος
1930 4827 1960 4879 ὁ

381 4924 801 4994 Κουτριτζάκης
848 4925 939 4975 τὸν
1004 4924 1169 4976 τόπον
1218 4921 1400 4985 καλῶς
1441 4920 1826 4990 ἐπιστάμενος.
1876 4918 1958 4974 Ex

379 5029 490 5086 quo
519 5031 618 5070 nos
650 5025 826 5068 totum
853 5017 1028 5068 locum
1057 5017 1137 5068 sic
1163 5013 1562 5070 restituendum
1594 5011 1955 5082 putabamus:

380 5108 510 5172 Τοῖς
541 5107 1000 5176 ὑποϐαλλομένοις
1027 5107 1334 5176 προσέχων,
1364 5105 1502 5176 ὁμοῦ
1530 5107 1640 5177 γὰρ
1675 5105 1837 5169 αὐτὸς
1865 5098 1958 5158 οὗ·

379 5216 471 5262 τος
508 5201 535 5253 ὁ
575 5197 992 5272 Κουτριτζάκης
1045 5196 1106 5254 εὖ
1162 5199 1318 5281 εἰᾷὼς
1346 5198 1458 5252 τῶν
1515 5201 1696 5252 τόπων
1748 5199 1955 5269 συνῄει.

381 5291 514 5357 Qua:
542 5293 788 5348 inserere
831 5295 1112 5348 contextni
1138 5309 1245 5347 non
1295 5293 1443 5359 ausi,
1467 5303 1649 5347 tamen
1692 5294 1960 5362 interpre-

381 5386 551 5439 tando
587 5387 1002 5454 expressimus:
1053 5385 1345 5439 manifeste
1397 5383 1597 5452 quippe
1652 5397 1844 5438 manca
1879 5391 1962 5438 est

381 5475 634 5530 codicum
677 5477 911 5531 aliorum
967 5477 1126 5533 lectio
1155 5517 1170 5543 ,
1200 5491 1302 5532 nec
1335 5491 1554 5532 sensum
1585 5491 1684 5545 per
1719 5491 1778 5531 se
1811 5491 1959 5531 com-

381 5567 604 5642 modum
636 5569 821 5623 efﬁcit.

454 5658 579 5730 Pag.
599 5658 718 5715 159.
747 5659 866 5715 Jam
891 5657 1032 5730 quod
1058 5660 1147 5715 hic
1173 5668 1359 5716 noster
1382 5643 1960 5726 ineritabiliseﬁ'icacite

379 5764 502 5806 esse
532 5751 608 5806 ait
641 5739 850 5807 decréta
905 5751 1274 5823 providentiae,
1331 5751 1379 5806 si
1428 5749 1519 5804 cui
1560 5750 1852 5804 videantur
1890 5750 1956 5804 ad

381 5842 697 5900 damnatam
733 5845 918 5903 fatalis
959 5845 1312 5903 necessitatis
1343 5842 1650 5901 doctrinam
1681 5851 1950 5912 spectare,

2058 1893 2203 1946 malli
2256 1894 2368 1945 solo
2401 1893 2734 1963 surgentibus
2765 1907 2975 1961 pratum
3026 1904 3203 1947 cernat
3236 1911 3255 1958 ;
3293 1895 3461 1960 pomis
3505 1911 3639 1948 exu-

2060 1985 2204 2037 berat
2236 1985 2588 2046 viridarium;
2641 1985 2759 2052 fons
2816 1987 2982 2037 tacita
3027 1986 3346 2053 scaturigine
3392 1985 3560 2038 lenem
3585 1992 3637 2038 et

2058 2076 2263 2130 dulcem
2293 2091 2486 2144 aquom
2513 2076 2764 2143 effundit.
2791 2076 3100 2145 Templum,
3130 2085 3188 2130 ut
3219 2078 3323 2131 alia
3348 2078 3637 2145 pleraque,

2061 2169 2484 2222 custodiendum
2513 2178 2596 2223 est
2645 2169 2907 2222 traditum
2945 2168 3251 2227 monachis.
3287 2167 3487 2235 quibus
3540 2168 3643 2219 do-

2063 2257 2330 2311 micilium
2377 2267 2681 2311 astructum
2717 2258 2804 2311 hic
2834 2259 3226 2311 monasterium
3257 2256 3449 2311 Fontis
3496 2255 3641 2309 dici-

2059 2357 2168 2404 tur.
2203 2345 2334 2400 Erat
2367 2358 2546 2401 autem
2579 2345 2631 2400 id
2661 2346 2852 2410 situm,
2886 2357 2944 2400 ut
2977 2347 3118 2400 idem
3146 2346 3451 2414 Procopius
3472 2345 3643 2412 paulo

2059 2446 2180 2506 post
2211 2438 2391 2502 docet,
2418 2453 2587 2506 prope
2615 2446 2828 2506 portam
2860 2437 3122 2499 Auream,
3151 2434 3390 2505 ἄγχιστα
3423 2452 3500 2503 πη
3523 2435 3643 2487 τῶν

2055 2530 2286 2600 Χρυσῶν
2317 2529 2668 2597 καλουμένων
2711 2527 2920 2582 πυλῶν.
2951 2526 3076 2581 Haec
3105 2534 3190 2582 est
3239 2536 3398 2594 porta
3428 2525 3642 2591 Fontis,

2058 2622 2220 2690 cujus
2267 2622 2426 2690 paulo
2479 2621 2710 2675 inferius
2746 2619 3108 2690 Pachymeres
3159 2620 3426 2672 meminit.
3486 2618 3643 2671 Idem

2057 2715 2209 2782 alibi,
2252 2731 2446 2782 nempe
2479 2729 2531 2782 p.
2561 2714 2664 2768 160
2693 2753 2707 2777 ,
2744 2714 3000 2783 Χρυσέαν
3042 2711 3220 2781 πύλην
3247 2713 3485 2764 Auream
3515 2725 3648 2776 por-

2058 2817 2164 2859 tam
2204 2805 2457 2875 appellat.
2485 2804 2688 2858 Auctor
2719 2803 3001 2856 Pandectis
3038 2800 3186 2855 Hist.
3222 2799 3380 2854 Ture.
3431 2815 3480 2854 c.
3530 2799 3646 2854 200

2063 2898 2330 2968 Selybria:
2368 2906 2581 2966 portam
2617 2897 2818 2950 dictam
2849 2910 3070 2964 quoque
3097 2894 3212 2947 ait:
3248 2891 3381 2948 Inde
3409 2893 3646 2961 (inquit)

2055 2993 2358 3058 pervenitur
2377 2989 2446 3042 ad
2469 2989 2726 3041 decimam
2761 2999 2988 3051 sextam,
3015 2985 3252 3041 videlicet
3285 2983 3540 3052 Sitgbric
3559 2985 3649 3037 oet

2061 3084 2315 3152 Selybriar
2369 3091 2600 3150 portam,
2632 3096 2752 3149 quae
2785 3097 2813 3132 a
2873 3078 3072 3147 priscis
3103 3077 3298 3146 Χρυσῆ
3329 3076 3509 3144 πόρτα
3559 3075 3647 3129 uel

1982 3161 2024 3217 δ
2057 3177 2232 3230 Aurea
2279 3187 2431 3243 porta
2465 3175 2862 3227 nominabatur.
2904 3170 3048 3224 Nam
3073 3179 3225 3225 extra
3259 3178 3468 3231 portam
3501 3169 3647 3221 harae

2054 3279 2130 3322 est
2159 3268 2415 3337 hodieque
2449 3264 2611 3325 Fons,
2641 3265 2728 3334 qui
2756 3263 3083 3333 χρυσοπηγή
3126 3261 3204 3314 vel
3236 3275 3431 3313 aureus
3457 3259 3576 3327 fons
3607 3275 3646 3312 α

2067 3361 2272 3416 Gratis
2323 3361 2544 3428 antiquo
2601 3361 2814 3413 nomine
2868 3358 3086 3420 dicitur,
3141 3354 3362 3407 celebris
3443 3353 3501 3405 in
3555 3368 3649 3404 eo-

2055 3471 2170 3508 rum
2227 3453 2487 3512 historiis,
2523 3467 2640 3521 qua:
2673 3465 3029 3518 smpenumero
3082 3446 3278 3517 palatii
3319 3445 3503 3514 πηγῆς
3525 3445 3642 3498 sive

2056 3547 2218 3615 fontis
2253 3550 2562 3598 mentionem
2587 3543 2815 3610 faciunt,
2843 3551 2892 3594 et
2923 3541 3101 3608 templi
3128 3539 3375 3600 Deipara
3423 3536 3649 3606 uirginis

2055 3637 2123 3689 ad
2146 3638 2332 3705 πηγήν
2359 3639 2466 3692 sive
2493 3637 2711 3705 fontem.
2739 3635 2816 3689 lta
2844 3633 2955 3688 ille.

2127 3727 2257 3799 Pag.
2309 3731 2430 3784 150.
2481 3728 2540 3783 In
2591 3730 2676 3783 bis
2736 3727 2944 3783 Graecis
3007 3717 3189 3779 verbis
3251 3724 3640 3784 καταστάντος

2067 3822 2208 3875 κατὰ
2241 3820 2426 3892 χώραν
2466 3820 2806 3886 ὑπνούντων,
2839 3818 2941 3873 etsi
2972 3832 3037 3871 ex
3068 3815 3229 3871 codd.
3259 3815 3486 3885 optimis
3512 3813 3648 3868 Bar-

2061 3913 2180 3968 her.
2215 3922 2269 3966 et
2301 3913 2466 3966 Allat.
2495 3927 2620 3966 cum
2659 3911 2763 3965 fide
2815 3924 3073 3976 expressa
3101 3906 3264 3978 643
3295 3916 3448 3971 sunt,
3482 3923 3645 3960 men-

2059 4006 2188 4060 dum
2225 4006 2366 4060 inest
2411 4019 2520 4057 non
2575 4003 2823 4057 dubium.
2855 4000 2996 4067 Quid
3030 4001 3176 4054 enim
3211 3999 3339 4053 illuc
3369 3997 3505 4053 facit
3535 4013 3644 4052 vox

2060 4095 2373 4150 ὑπνοῦντων
2399 4095 2576 4148 locum
2606 4107 2888 4162 occupans
2919 4090 3196 4151 vocabuli,
3225 4089 3373 4158 quod
3401 4103 3638 4158 respon-

2059 4189 2188 4243 deat
2217 4187 2508 4256 participio
2532 4183 2946 4246 καταστάντοςῖ
2978 4183 3141 4238 Recte
3163 4182 3332 4252 igitur
3359 4190 3415 4236 et
3437 4195 3505 4235 ex
3531 4197 3648 4236 me-

2063 4281 2210 4344 liori,
2239 4279 2459 4349 opinor,
2491 4276 2790 4346 exemplari
2825 4292 2923 4346 pro
2971 4274 3290 4328 ὑπνοῦντων
3341 4271 3643 4328 Vaticanis

2061 4371 2213 4439 ponit
2265 4368 2602 4438 πνεύματος,
2658 4381 2823 4421 sensu
2855 4365 2968 4436 jam
3005 4366 3193 4436 plano,
3251 4378 3415 4432 quem
3447 4371 3504 4417 et
3543 4377 3644 4417 nos

1991 4495 2036 4553 υ
2063 4463 2118 4516 in
2149 4459 2601 4530 interpretatione
2631 4459 2928 4513 tenuimus.
2961 4456 3096 4521 Quae
3123 4463 3432 4525 sequuntur
3462 4457 3518 4510 in
3548 4456 3644 4509 iis—

2062 4554 2183 4607 dem
2213 4552 2372 4607 codd.
2412 4549 2451 4604 Β
2485 4561 2542 4606 et
2590 4551 2656 4615 A,
2691 4550 3036 4618 desperatam
3079 4547 3497 4616 perplexitatem
3547 4545 3644 4599 ha—

2059 4644 2211 4709 bent,
2251 4652 2512 4709 auctore,
2562 4653 2622 4698 ut
2671 4641 2833 4707 solet,
2883 4649 2991 4694 tam
3041 4639 3098 4694 in
3129 4638 3345 4694 delectu
3389 4652 3557 4707 quam
3586 4640 3642 4692 in

2059 4739 2424 4795 collocatione
2475 4738 2770 4794 verborum
2807 4736 3025 4790 obviam
3086 4732 3416 4788 facilitatem
3447 4731 3639 4787 sedulo

2059 4833 2323 4903 fugiente.
2357 4829 2658 4885 Vaticanus
2680 4843 2743 4882 ea
2763 4824 3088 4895 compendio
3119 4836 3174 4879 et
3203 4825 3420 4879 clarius
3445 4823 3516 4877 de
3539 4839 3635 4877 suo

2060 4926 2379 4994 exprimens
2410 4923 2490 4978 sic
2521 4921 2686 4976 habet
2716 4939 2732 4976 :
2770 4917 2887 4973 Εἶτ’
2914 4919 3012 4971 ὲάν
3041 4935 3094 4970 τι
3123 4917 3253 4986 περὶ
3299 4915 3368 4969 τὰ
3399 4913 3634 4982 αἰσθητὰ

2061 5016 2327 5088 συμϐαίη,
2377 5017 2452 5086 μὴ
2505 5012 2880 5074 καταστάντος
2912 5009 3054 5066 κατὰ
3105 5008 3292 5079 χώραν
3331 5007 3425 5061 τοῦ
3469 5007 3636 5059 meti.

2063 5124 2232 5176 ματος
2277 5108 2326 5160 ει
2363 5105 2460 5176 μὲν
2493 5103 2702 5175 ὁμαλόν
2757 5103 2874 5156 ἐστι
2909 5101 3004 5155 καὶ
3031 5100 3142 5154 τῶν
3169 5098 3425 5169 συνήθων
3452 5098 3516 5151 τὸ
3542 5098 3636 5151 ἀν-

2058 5198 2530 5269 τιλαμϐανόμενον
2573 5195 2774 5264 αἴφνης
2825 5192 3114 5252 ἀκουσθὲν,
3161 5190 3222 5242 οὐ
3265 5187 3523 5242 τοσοῦτον
3550 5189 3635 5254 γί-

2059 5307 2212 5343 νεται
2240 5290 2301 5341 τὸ
2331 5287 2524 5360 βλάϐος
2550 5285 2679 5354 περὶ
2708 5283 2770 5336 τὸ
2817 5279 3149 5350 λογιστικόν.
3173 5279 3234 5332 El
3261 5277 3320 5330 δὲ
3348 5275 3629 5346 λυπηρὸνῆ

2061 5381 2252 5450 χάριεν
2284 5380 2344 5432 τὸ
2373 5374 2912 5446 ἀντιλαμϐανόμενον
2937 5371 3144 5432 εὐθέως
3169 5367 3441 5422 ἀκουσθὲν
3485 5367 3631 5436 παρὰ

2063 5476 2244 5528 πᾶσαν
2289 5471 2639 5544 προσδοκίαν.
2685 5464 3146 5536 τεθορυϐημένων
3179 5461 3292 5514 τῶν
3327 5459 3626 5530 αἰσθήσεων

1963 5567 1966 5570 ’
2062 5565 2325 5638 ἔκπληξιν
2370 5561 2766 5634 ἀπεργάζεται.
2804 5561 2880 5612 Ita
2937 5557 3030 5612 ille
3067 5564 3292 5609 mutans
3329 5561 3385 5607 et
3419 5560 3628 5607 contra-

2061 5661 2194 5716 hens
2222 5673 2319 5729 pro
2350 5657 2600 5712 arbitrio.
2631 5653 2744 5710 Nos
2776 5661 3055 5706 auctorem
3085 5649 3264 5719 ipsum
3288 5646 3624 5706 exhibemus,

2060 5762 2116 5806 et
2174 5766 2338 5822 quam
2397 5747 2712 5806 ﬁdelissime
2763 5760 2827 5802 ac
2867 5742 3172 5801 clarissime
3209 5751 3478 5796 conamur
3507 5734 3622 5792 red-

2060 5844 2208 5899 dere.
