3992 6544
316 491 447 557 ιιοδ

1805 491 1855 552 Ν
1860 490 2048 555 ΟΤᾸΞ.

3422 476 3558 541 1106

411 603 619 680 9.450]
648 607 777 678 Pag.
832 606 955 663 160.
1008 606 1303 678 Postquam
1363 608 1457 665 diu
1520 609 1709 665 clausa
1759 623 1880 676 per-
1908 612 2031 668 Aet
2066 603 2277 658 Venetos
2316 600 2484 655 multo
2534 599 2808 669 inferiores
2863 613 3079 651 numero
3120 597 3261 648 intra
3308 608 3557 645 mwmum

304 709 603 765 manserat,
660 710 847 768 aperta
885 711 961 757 est
992 710 1150 771 porta
1195 701 1395 757 Aurea.
1421 700 1513 758 Sic
1543 699 1884 757 reddidimus

303 789 453 857 quod
482 790 539 845 in
570 792 759 847 Greco
814 792 1034 864 legitur,
1072 795 1332 848 Ἤνοικτο
1368 795 1402 865 ἡ
1454 794 1680 865 Χρυσέα.
1738 791 1884 862 πύλη

305 878 521 948 χρονία.
555 880 633 933 lta
680 881 829 935 clare
873 883 1187 951 exprimunt
1214 884 1411 954 Optimi
1461 883 1692 955 codd.B
1731 892 1785 936 et
1816 882 1883 936 A.

305 964 610 1025 Vaticanus
658 982 842 1028 autem
901 989 999 1040 pro
1038 975 1231 1047 χρονία
1291 976 1446 1045 ponit
1495 976 1675 1045 μόλις.
1731 973 1886 1029 Unde

307 1059 681 1119 intelleximus
714 1065 852 1121 velle
880 1076 1159 1121 auctorem
1184 1069 1496 1139 siguiticare
1521 1077 1643 1137 post
1668 1068 1883 1135 longam

308 1151 549 1222 denique
586 1157 1055 1226 exspectationem
1106 1159 1352 1229 patuisse
1385 1160 1508 1216 illas
1540 1160 1634 1215 diu
1666 1161 1889 1215 obsera-

313 1253 399 1299 tas
430 1244 599 1300 fores.
631 1247 779 1303 More
812 1250 1066 1305 videlicet
1097 1266 1421 1321 pomparum
1466 1253 1885 1314 solemniorum,

311 1337 537 1404 quibus,
569 1347 627 1392 ut
659 1337 1035 1395 Tertullianus
1065 1342 1132 1396 de
1165 1345 1443 1414 mysteriis
1479 1346 1675 1401 scribit
1725 1346 1887 1399 initio

312 1427 441 1482 libri
498 1431 763 1485 adversus
814 1429 1250 1499 Valentiniauos,
1299 1439 1607 1492 cruciantur
1664 1440 1882 1503 aditus;

313 1520 459 1587 quod
490 1523 679 1575 referri
712 1530 894 1591 potest
919 1523 984 1577 ad
1030 1542 1212 1581 moras
1261 1529 1313 1581 in
1356 1529 1625 1583 vestibulo
1679 1530 1890 1583 barren-

313 1612 472 1666 tium.
500 1609 670 1667 Paulo
702 1625 825 1683 post
850 1615 994 1669 idem
1032 1627 1298 1674 memorat
1331 1621 1566 1689 suspiria
1586 1630 1884 1688 portarum,

303 1703 462 1775 juxta
525 1707 815 1760 lectionem
857 1708 1141 1777 cujusdam
1179 1712 1389 1766 codicis
1419 1728 1526 1766 non
1580 1728 1889 1782 usquequa-

311 1812 420 1865 que
463 1794 717 1855 fortassis
767 1798 1206 1869 improbabilem,
1241 1804 1347 1857 etsi
1389 1804 1584 1858 merito
1640 1802 1743 1857 viri
1794 1803 1891 1855 do-

313 1887 389 1941 cti
444 1889 791 1956 praetulerint
830 1891 1064 1957 suspiria
1120 1902 1472 1961 epoptarum:
1536 1909 1658 1961 nam
1712 1893 1887 1949 videri

1989 696 2248 751 ambitum
2277 695 2462 749 damas
2512 694 2702 747 habere
2738 691 2883 771 haud
2915 707 3052 760 tegre
3083 691 3308 743 sinebat.

2057 790 2189 861 Pag.
2220 788 2345 844 175.
2371 786 2869 859 Χειροτονηθεῐσιν.
2894 784 3046 839 Hauc
3068 798 3254 837 vocem
3276 780 3358 835 sic
3373 793 3561 834 emen-

1988 884 2261 944 davimus,
2316 879 2629 935 necessaria
2682 887 2742 933 ut
2795 881 3120 948 putabamus
3153 874 3387 938 ratione,
3432 885 3561 925 cum

1990 973 2047 1029 in
2081 971 2394 1042 archetypis
2436 970 2584 1025 clare
2615 969 2886 1040 legeretur
2929 967 3416 1039 χειροθετηθεῖσιν.

2059 1065 2193 1134 Cap.
2223 1064 2278 1118 8.
2307 1063 2456 1127 Quos
2483 1062 2589 1116 hoc
2627 1061 2808 1129 capite
2835 1070 3021 1115 noster
3047 1059 3336 1129 EtiiiOpas
3383 1055 3566 1125 appel‘

1988 1159 2084 1223 lat,
2122 1158 2173 1210 bi
2206 1165 2362 1211 erant
2400 1154 2658 1209 Saraceni
2688 1155 2925 1226 Egypto
2973 1169 3067 1222 per
3117 1152 3169 1205 id
3220 1160 3435 1218 tempus
3462 1150 3567 1202 im:

1989 1252 2310 1321 peritantes,
2344 1265 2469 1303 cum
2508 1249 2711 1315 quibus
2747 1260 2801 1302 et
2834 1255 3030 1302 sancto
3061 1243 3340 1298 Ludovico
3390 1239 3563 1294 Frauo

1987 1358 2174 1397 eorum
2203 1341 2289 1413 [P.
2314 1343 2442 1414 451]
2464 1342 2573 1412 regi
2606 1350 2662 1396 et
2687 1340 2811 1394 aliis
2852 1338 3197 1408 principibus
3233 1333 3565 1390 Christianis

1989 1432 2398 1504 Herosolymam
2428 1442 2480 1486 et
2513 1433 2621 1486 alia
2661 1430 2968 1486 Palmstinm
3020 1430 3133 1482 loca
3165 1425 3569 1493 occupantibus

1987 1542 2189 1595 graves
2251 1525 2631 1581 dimicationes
2691 1523 2933 1576 fuerunt.
2996 1520 3185 1589 Aperit
3240 1527 3420 1569 autem
3476 1516 3572 1569 hic

1989 1618 2138 1672 clare
2170 1617 2531 1687 Pachymeres
2563 1615 2834 1683 originem
2898 1612 3130 1666 fatuosre
3168 1608 3381 1662 militiae
3404 1606 3573 1658 Mam-

1990 1710 2393 1771 maluchorum,
2417 1706 2666 1762 conﬂata:
2693 1722 2756 1761 ex
2791 1703 3088 1771 mancipiis
3112 1700 3307 1769 majori
3327 1714 3389 1752 ex
3416 1705 3575 1767 parte

1988 1802 2437 1873 Scythiris,quaa
2465 1800 2666 1870 puerili
2723 1805 2887 1853 aetate
2920 1811 2987 1850 ex
3039 1793 3256 1848 Euxino
3324 1792 3377 1844 in
3414 1789 3578 1859 [Egy-

1994 1903 2145 1963 ptum
2179 1892 2462 1962 deportata
2508 1890 2586 1944 ibi
2631 1890 2998 1943 educarentur
3018 1894 3071 1939 et
3118 1880 3571 1937 adolescerentin

311 1980 494 2051 potuit
524 1982 665 2035 velle
700 1992 892 2037 auator
920 1984 1227 2053 exprimere
1262 2000 1586 2059 suspensam
1618 1986 1895 2056 inquietu-
1929 1972 1967 2026 Β
1998 1986 2203 2041 milites
2234 1986 2590 2047 fortissimos,
2647 1996 2844 2050 magno
2870 1978 3315 2035 Christianorum
3343 1975 3569 2034 damno,

312 2070 495 2126 dinem
524 2075 964 2145 exspectantium
1001 2075 1067 2129 ad
1108 2085 1294 2145 portas
1321 2085 1375 2130 et
1423 2077 1490 2131 ad
1532 2086 1772 2145 optatam
1802 2092 1893 2132 ea-

313 2180 435 2218 rum
464 2163 887 2234 patcfactionem
916 2169 1335 2236 suspirantium.
1361 2168 1636 2237 Admonet
1682 2179 1889 2233 autem,

312 2267 625 2327 Opportune
671 2259 737 2312 ad
780 2258 930 2329 quod
968 2260 1227 2325 dicimus,
1271 2270 1458 2319 noster
1492 2261 1889 2331 imperatorem

312 2348 577 2419 peculiari
615 2350 799 2404 studio
833 2366 1061 2406 curasse
1094 2359 1153 2405 ut
1185 2367 1346 2421 quam
1392 2353 1627 2409 maxime
1659 2362 1892 2425 augusta

311 2451 618 2511 sanctaque
656 2443 772 2497 haec
810 2446 1139 2498 caaremonia
1188 2445 1276 2500 sui
1305 2446 1572 2501 solemnis
1607 2448 1664 2500 in
1700 2446 1892 2501 urbem

312 2536 517 2601 regiam
578 2537 857 2604 ingressus
919 2538 1195 2593 evaderet.
1237 2538 1412 2603 Quam
1464 2539 1521 2609 iu
1581 2555 1695 2593 rem
1756 2541 1895 2595 inter

316 2636 515 2680 caetera
568 2628 885 2682 diuturnam
942 2630 1105 2683 istam
1167 2630 1419 2685 adhibuit
1448 2645 1662 2697 moram
1714 2639 1895 2699 porta:

311 2716 509 2771 Aureae
531 2718 860 2786 aperiendas,
899 2728 1026 2774 ante
1048 2736 1209 2789 quam
1238 2721 1480 2777 clausam
1507 2720 1893 2790 persistsutem

315 2809 532 2877 aliquot
564 2809 681 2863 dies
720 2825 842 2862 cum
872 2813 1137 2864 comitatu
1163 2812 1448 2876 substitit;
1475 2818 1530 2865 et
1560 2813 1680 2876 ipse
1704 2811 1898 2865 trium-

313 2899 499 2969 pltalis
534 2900 797 2954 introitus
835 2916 943 2953 non
979 2911 1105 2954 ante
1136 2901 1422 2956 meridiem
1487 2902 1653 2969 pandi
1700 2901 1895 2961 voluit,

318 3001 375 3045 ut
409 2993 576 3061 paulo
628 3003 753 3061 post
807 2992 1028 3048 dicitur.
1060 2992 1170 3047 Nec
1206 3004 1291 3048 est
1339 2993 1661 3048 incredibile
1690 3001 1895 3046 tantam

316 3100 347 3139 a
399 3084 666 3138 Michaele
697 3085 1100 3139 solemnitatem
1136 3086 1189 3140 in
1237 3101 1339 3140 suo
1393 3087 1504 3141 isto
1556 3101 1652 3156 per
1682 3096 1899 3155 portatu

313 3176 551 3232 Auream
582 3179 829 3249 ingressu
857 3179 1191 3241 adet-tatam,
1220 3178 1367 3248 quod
1411 3194 1531 3233 eam
1567 3178 1668 3234 sibi
1718 3178 1900 3232 adhuc

318 3270 545 3335 lactenti
568 3270 887 3340 praedictam
914 3271 1183 3335 audisset,
1216 3282 1479 3328 narrante
1533 3273 1637 3342 ipsi
1669 3271 1898 3341 Eulogia

316 3378 531 3419 sorore.
564 3362 701 3418 Vide
740 3379 854 3418 rem
889 3364 1218 3435 descriptam
1249 3379 1437 3435 supra,
1466 3380 1526 3434 p.
1560 3364 1684 3418 128.

382 3537 523 3612 Pag.
576 3543 699 3597 165.
743 3542 887 3609 Quos
942 3543 1192 3597 allatrari
1239 3560 1359 3597 cum
1410 3555 1749 3612 apparerent.
1811 3545 1904 3601 Sic

314 3636 693 3705 expressimus
722 3636 868 3706 quod
892 3635 1081 3691 Graece
1105 3637 1346 3701 ἐκείνους
1375 3636 1419 3690 δ’
1448 3637 1688 3691 ὑλακτου
1701 3638 1903 3707 μένους

315 3728 396 3797 τῷ
434 3728 653 3799 πλήθει.
682 3729 1005 3798 Quanquam
1066 3745 1173 3783 non
1210 3730 1523 3793 dissimulo,
1548 3745 1613 3784 ex
1654 3747 1763 3800 quo
1789 3731 1902 3800 jam

319 3820 436 3875 hac
465 3821 544 3875 sic
585 3830 744 3875 erant
774 3821 942 3889 edita,
981 3822 1309 3877 observasse
1360 3838 1445 3876 me
1499 3824 1552 3875 in
1590 3824 1783 3878 codice
1810 3842 1905 3877 au-

320 3915 481 3980 tiquo
534 3910 940 3979 ήλαττομένους
1005 3926 1105 3980 pro
1165 3911 1586 3980 ὑλακτομένους.
1642 3912 1736 3967 Est
1786 3916 1904 3983 qui—

318 4000 443 4055 dem
480 4000 599 4054 sine
627 3999 795 4053 dubio
828 4001 1148 4055 mendosum
1179 4000 1310 4055 illud
1342 4003 1691 4066 vocabulum,
1726 4013 1785 4056 ut
1829 4005 1901 4058 ibi

322 4096 589 4162 scriptum
621 4093 728 4147 vidi
762 4110 884 4147 cum
918 4110 951 4148 ο
980 4109 1149 4169 parvo
1184 4095 1238 4149 in
1272 4095 1431 4150 tertia
1487 4097 1719 4166 syllaba,
1774 4112 1900 4152 eum

321 4195 387 4239 ab
422 4186 660 4239 ἐλαττόω
706 4187 1132 4255 ὴλᾳττωμένους
1178 4185 1318 4241 ﬂecti
1362 4186 1532 4260 6M
1567 4190 1901 4257 oportuerit.

322 4280 592 4333 Caeterum
622 4278 669 4332 si
695 4278 781 4331 cui
805 4280 976 4349 magis
1004 4278 1117 4332 hate
1144 4279 1323 4347 placet
1344 4266 1527 4343 lectio,
1556 4280 1900 4335 referendum

318 4385 628 4447 pronomen
646 4369 889 4431 ἐκείνους
908 4370 973 4422 ad
1004 4371 1237 4425 Venetos
1260 4381 1313 4425 et
1337 4371 1570 4424 Pisanos
1593 4373 1721 4433 erit,
1741 4387 1901 4440 quos,

322 4466 455 4530 quia
480 4462 678 4518 minori
729 4476 959 4515 numero
997 4471 1187 4515 essent
1217 4478 1382 4531 quam
1415 4470 1472 4515 ut
1501 4464 1569 4517 ab
1601 4464 1667 4517 iis
1724 4464 1901 4517 timeri

322 4554 525 4609 suditio
569 4563 776 4622 posset,
823 4553 971 4606 haud
1012 4564 1234 4622 gravate
1268 4562 1555 4623 pateretur
1603 4557 1903 4623 imperator

1990 2090 2096 2147 nec
2130 2074 2335 2129 minori
2378 2074 2537 2141 culpa
2592 2071 3030 2127 Christianorum
3091 2060 3572 2129 Constantirmpoti

1994 2169 2419 2235 dominantium,
2453 2167 2658 2232 quibus
2683 2172 2801 2217 erat
2828 2160 3154 2216 facillimum
3199 2155 3343 2215 istud
3378 2153 3575 2208 exitio-

1990 2275 2115 2333 sum
2156 2259 2656 2331 liierosolymitano
2692 2268 2859 2323 regno
2899 2250 3292 2305 commercium
3353 2247 3576 2302 interci-

1997 2366 2148 2420 pere,
2183 2352 2290 2421 nisi
2324 2351 2581 2414 avaritia,
2633 2347 2889 2407 ambitio,
2916 2345 3059 2398 avita
3093 2340 3374 2396 aetuulatio
3429 2339 3574 2392 Lati-
3648 2360 3651 2363 ι

1994 2459 2195 2499 norum
2238 2446 2361 2512 plus
2418 2441 2561 2510 apud
2622 2454 2716 2505 eos
2764 2452 2928 2508 quam
2992 2433 3273 2504 religionis
3328 2431 3575 2485 rationes

1998 2536 2335 2599 valuissent;
2389 2549 2561 2603 quare
2593 2533 2790 2584 merito
2826 2529 3194 2596 Paebymeres
3230 2524 3513 2592 capitibus
3542 2522 3574 2575 4

1999 2636 2051 2681 et
2082 2626 2114 2679 5
2148 2625 2504 2696 sequentibus
2549 2623 2652 2676 hoc
2693 2622 2894 2674 factum
2936 2615 3236 2685 improbat.

2069 2717 2199 2786 Pag.
2232 2718 2354 2773 180.
2394 2716 2519 2770 Tres
2549 2715 2767 2783 reginaz.
2821 2709 2934 2763 Hoc
2980 2715 3066 2763 est
3105 2716 3219 2760 tres
3272 2704 3435 2771 regiae
3468 2702 3582 2753 vir-

1999 2810 2192 2879 gines:
2243 2824 2365 2871 nam
2408 2824 2473 2861 ex
2535 2806 2759 2874 regibus
2808 2809 2967 2853 natas
3000 2799 3222 2866 reginas
3276 2793 3583 2860 nuncupari

2001 2916 2135 2956 usus
2160 2900 2272 2971 jam
2314 2900 2441 2953 olim
2479 2886 2731 2959 invaluit,
2762 2892 2922 2960 cujus
2963 2888 3210 2957 exempla
3237 2885 3444 2960 passim
3482 2901 3578 2937 oe-

1994 3004 2248 3053 currunt.

2072 3084 2219 3139 Ibid.
2273 3081 2420 3136 Maio
2471 3082 2535 3136 de
2586 3079 2875 3133 Belicurto.
2932 3076 3143 3137 Iudicat
3192 3073 3363 3127 forma
3406 3068 3582 3131 nomi—

2002 3180 2089 3234 nis
2138 3179 2410 3232 Francum
2454 3177 2601 3230 hunc
2654 3173 2852 3237 fuisse,
2891 3172 3194 3237 suadetque
3220 3166 3388 3225 idem.
3431 3162 3579 3230 quod

1927 3306 1970 3365 ε
2003 3270 2385 3340 Peloponneso
2418 3268 2535 3323 sive
2562 3265 2781 3328 Morere,
2829 3263 2975 3318 unde
3022 3263 3112 3317 hic
3155 3268 3313 3315 ortus
3352 3259 3584 3317 dicitur,

2008 3365 2205 3421 Franci
2239 3373 2351 3418 tum
2386 3362 2792 3432 imperitabant.

2083 3459 2213 3527 Pag.
2269 3457 2393 3513 18L
2454 3454 2777 3509 Viutimitia.
2827 3451 2965 3505 Nota
3018 3449 3133 3502 haec
3173 3454 3259 3502 est
3293 3445 3586 3515 appellatio

2007 3552 2247 3620 antiquae
2262 3563 2325 3603 ac
2347 3548 2664 3618 pra-nobilis
2686 3545 2913 3600 familiae
2935 3542 3267 3603 Genuensis,
3291 3539 3584 3608 hodieque,

2002 3651 2067 3707 ut
2103 3640 2316 3712 opinor,
2344 3638 2677 3708 superstitis.

2077 3735 2208 3803 Pag.
2236 3733 2359 3787 183.
2386 3732 2448 3786 1η
2466 3748 2728 3801 purpura.
2757 3730 2917 3786 Vides
2946 3732 3075 3786 ltiuc
3098 3746 3207 3784 non
3235 3727 3368 3783 satis
3392 3725 3585 3786 fuisse.

2007 3834 2067 3880 ut
2099 3825 2223 3893 quis
2277 3822 2791 3894 Porpbyrogenitus
2845 3823 3142 3882 diceretur.
3190 3831 3375 3874 natum
3414 3817 3588 3870 fuisse

2006 3932 2073 3970 ex
2104 3925 2256 3987 patre
2303 3915 2415 3983 jam
2477 3914 2693 3984 imperii
2749 3914 2913 3985 645
2962 3924 3231 3984 compote,
3259 3923 3315 3966 ut
3342 3908 3590 3979 plerique

2007 4009 2275 4062 hactenus
2330 4015 2462 4060 sunt
2506 4006 2739 4076 opinati,
2800 4022 3053 4077 purpurae
3110 4006 3334 4060 nomine
3389 4000 3592 4057 intelli-

2006 4108 2196 4168 gentes
2227 4112 2468 4167 pannum
2496 4113 2838 4167 purpureum
2856 4113 2977 4163 quo
2994 4096 3382 4166 exciperentur
3401 4101 3592 4162 partus

2005 4192 2402 4260 Augustarum.
2434 4190 2769 4260 liequiritur
2790 4191 2940 4255 enim
2988 4197 3255 4258 praeterea
3295 4187 3447 4241 nasci
3500 4186 3594 4238 in-

2009 4292 2092 4336 tra
2125 4285 2347 4338 domum
2385 4298 2508 4348 (tua:
2543 4283 2807 4353 πορφύρα
2838 4297 3076 4350 purpura
3108 4279 3432 4337 vocabatur.
3465 4277 3592 4331 llaec

2008 4390 2135 4445 pars
2190 4384 2307 4437 erat
2362 4375 2731 4441 imperialium
2787 4374 2988 4437 aedium
3055 4369 3591 4438 Constantinopoli;

2006 4471 2151 4522 unde
2179 4466 2716 4537 constantiuopolim
2772 4467 3038 4535 migrasse
3072 4464 3227 4533 prius
3271 4472 3595 4531 oportuerat

2006 4568 2261 4630 parentes
2296 4559 2677 4621 Constantini,
2710 4566 2769 4611 ut
2803 4560 2851 4612 is
2890 4557 3396 4626 Porpliyrogenitus
3441 4570 3594 4607 ποετ-ι

321 4648 467 4701 intra
521 4647 674 4701 urbis
732 4645 935 4699 tutenia
991 4646 1212 4716 degere,
1265 4662 1388 4701 cum
1432 4662 1460 4699 a
1515 4645 1903 4701 Geoueusibus
1942 4661 2215 4723 Dposset.
2283 4651 2469 4721 Itaque
2519 4652 2891 4714 Andronicus,
2944 4651 3048 4705 etsi
3106 4659 3268 4703 natus
3325 4657 3491 4709 esset,
3536 4656 3597 4701 ut

325 4736 677 4833 uiulti.tudiue
715 4736 1026 4790 metuendis
1066 4737 1257 4791 turbas
1293 4738 1505 4805 aliquas
1554 4735 1757 4792 timens
1802 4738 1907 4790 mi-

322 4828 679 4883 nime'tutum
729 4830 1075 4883 existimaret
1110 4828 1179 4882 iis
1227 4828 1507 4882 domicilia
1549 4828 1604 4882 in
1641 4829 1777 4883 urbe
1814 4829 1909 4881 tri-

320 4921 510 4975 buere.
538 4920 745 4985 Quare,
787 4932 843 4975 ut
874 4920 1073 4974 deinde
1104 4936 1153 4975 c.
1181 4920 1251 4973 55
1275 4920 1561 4985 scribitur,
1596 4920 1748 4990 ipsos
1794 4921 1907 4991 pri-

319 5029 471 5066 tuum
506 5010 823 5066 Heracleam
877 5011 1128 5067 Thraciae
1167 5012 1543 5076 submoverat,
1580 5012 1674 5065 sed
1708 5022 1897 5081 postea

320 5113 530 5157 multata
560 5106 832 5158 sententia
866 5120 960 5159 eos
1004 5105 1055 5157 iu
1089 5104 1415 5159 suburbium
1441 5104 1690 5160 Galatam
1719 5114 1898 5158 trans-

317 5193 467 5246 tulit.
508 5190 625 5247 Non
672 5195 903 5264 ptnuitet
947 5194 1168 5265 quidem
1202 5211 1288 5249 me
1346 5194 1547 5263 prioris
1586 5194 1697 5263 jam
1739 5194 1899 5248 edita:

320 5284 601 5349 lectionis,
635 5304 756 5356 qua:
804 5290 1131 5343 sententiam
1165 5290 1308 5345 haud
1345 5288 1765 5343 iuverisimilem
1796 5304 1893 5343 ex-

318 5377 511 5450 primit
538 5397 551 5432 :
584 5388 764 5435 tamen
802 5383 846 5434 si
879 5384 1004 5450 quis
1033 5383 1139 5436 erit
1163 5383 1248 5436 cui
1276 5383 1399 5451 plus
1441 5383 1680 5435 arrideat
1706 5382 1898 5443 altera,

320 5469 369 5525 is
400 5470 468 5523 ad
504 5486 621 5525 eam
652 5472 1000 5529 confortnare
1027 5474 1537 5542 interpretationem
1571 5474 1819 5527 Latinam
1848 5476 1899 5527 in

319 5560 471 5619 hunc
502 5564 721 5618 modum
756 5565 995 5632 poterit:
1032 5566 1297 5621 Carterum
1339 5565 1702 5620 Cannensibus
1763 5567 1897 5619 satis

319 5652 488 5721 ﬁdere
517 5669 619 5707 non
639 5664 844 5722 poterat
864 5656 1002 5708 intra
1027 5657 1206 5711 urbem
1231 5657 1559 5728 degentibus,
1585 5655 1725 5727 quod
1745 5656 1900 5709 multi

315 5754 493 5801 essent
525 5762 617 5801 nec
644 5763 763 5800 cum
787 5748 907 5801 aliis
938 5751 1291 5803 communiter
1314 5752 1535 5804 viverent
1562 5750 1637 5821 (a)
1672 5749 1895 5803 Pisanos

2012 4744 2381 4811 Pachymeres
2411 4742 2630 4797 videtur
2684 4744 2943 4805 voluisse,
2988 4742 3201 4811 imperii
3245 4740 3418 4809 patris
3451 4755 3597 4791 anno

2010 4839 2211 4909 primo,
2243 4837 2390 4906 quod
2447 4836 2808 4892 discutiemus
2856 4836 2894 4891 l.
2936 4836 3007 4889 Ill
3039 4878 3052 4899 ,
3080 4850 3129 4888 c.
3171 4835 3225 4899 8,
3274 4850 3380 4887 non
3415 4842 3596 4885 tamen

2006 4947 2130 4986 esse
2162 4946 2285 4984 vere
2308 4928 2810 4999 Porpbyrogenitus
2848 4932 3049 4998 potuit,
3077 4927 3222 4993 quod
3262 4936 3418 4980 extra
3444 4926 3594 4977 Cou-

2003 5023 2419 5092 Stantinopolim
2462 5026 2531 5077 sit
2564 5032 2752 5086 natus,
2782 5024 2857 5074 uti
2892 5037 2994 5075 uec
3018 5020 3373 5075 Theodorum
3408 5019 3597 5087 junio-

2012 5130 2130 5167 rem
2174 5112 2478 5177 Lascarim,
2517 5114 2624 5168 etsi
2684 5113 2958 5182 principio
3024 5112 3240 5181 imperii
3290 5113 3461 5180 patris
3506 5109 3598 5162 ,Ιη-

2008 5207 2168 5259 aunis
2216 5205 2450 5275 Batatzae
2500 5216 2715 5267 natum,
2770 5205 3307 5277 Porpltyrogeuituut
3358 5219 3591 5269 usquam

2011 5298 2218 5352 dictum
2253 5299 2506 5368 legimus.
2533 5297 2807 5353 Nimirum
2861 5299 2975 5353 haec
3012 5297 3384 5351 nouteuclatio
3435 5298 3598 5349 duce-

2013 5390 2178 5443 batur
2208 5405 2271 5442 ex
2320 5390 2442 5442 loco
2494 5400 2707 5455 partus,
2749 5387 2915 5442 domo
2955 5391 3041 5443 cui
3071 5404 3311 5458 purpura
3347 5400 3463 5441 erat
3501 5406 3596 5439 no-

2012 5493 2158 5538 mru,
2184 5476 2284 5529 sita
2312 5476 2811 5545 Gotistantinopoli,
2873 5477 2926 5531 iu
2972 5494 3134 5546 quam
3173 5480 3350 5547 partui
3399 5478 3593 5531 vicina:

2011 5571 2267 5636 Augustae
2308 5569 2625 5640 immigrare
2657 5579 2816 5624 erant
2849 5570 3048 5625 solitae.
3094 5569 3253 5623 Anna
3288 5571 3593 5635 Comm-na,

2011 5660 2049 5713 Ι.
2080 5660 2163 5722 Vt,
2210 5677 2263 5730 p.
2314 5660 2437 5725 166,
2476 5672 2634 5713 vocat
2694 5661 2903 5731 οἴκημα
2974 5661 3364 5730 ἀφωρισμένον
3422 5660 3595 5731 πάλαι

2004 5755 2122 5816 ταῖς
2156 5751 2472 5815 τικτούσαις
2510 5749 2620 5805 τῶν
2653 5750 2944 5823 βασιλίδων
3008 5764 3065 5810 et
3108 5754 3281 5820 addit,
3307 5750 3598 5823 πορφύραν

392 5928 473 6001 (a)
504 5926 615 5986 Nec
642 5961 709 5974 -
735 5933 1004 6005 ‘virerent.
1052 5931 1169 5988 Imo
1202 5947 1252 5989 et
1281 5934 1409 6008 .itlis
1442 5936 1675 6004 utrisque
1727 5935 1886 5990 etiam
1921 5934 2225 6003 conjunctis
2250 5952 2469 5991 numero
2505 5938 2825 5996 superiores.

1556 6064 1589 6083 Χ
