3992 6536
396 393 529 460 1107

1332 390 1736 457 Ρ.Ῥ0851ΝΙ
1763 390 2421 454 OBSERVATIONUM
2469 389 2608 455 LIB.
2644 390 2723 452 ῐῐ.
2787 403 2790 406 ’

3526 390 3666 458 Illi?!

393 507 452 562 δὲ
484 507 638 561 τοῦτο
668 507 718 560 οἱ
744 505 1009 561 ἀνέκαθεν
1037 506 1427 578 ὀνομάζουσιν,
1455 510 1513 576 ἒξ
1539 505 1598 564 οὗ
1635 510 1732 564 καὶ
1766 509 1827 562 τὸ
1859 508 1966 560 τῶν
2001 517 2040 568 Α
2143 506 2270 575 Pag.
2297 506 2422 560 2N.
2463 506 2871 574 Προσπίπτειν
2901 507 2978 572 τῷ
3012 507 3124 576 τῆς
3156 507 3384 577 Ῥώμης
3420 510 3666 575 πάππα.

395 601 934 670 πορφυρογεννήτων
999 599 1169 672 ὄνομα
1232 602 1312 666 είς
1369 603 1469 672 τὴν
1501 604 1834 672 οἰκουμένην
1867 600 1979 653 Ses-

395 692 626 763 δραμεν.
677 691 944 745 Describit
969 707 1089 746 eam
1123 692 1347 746 domum
1379 694 1507 747 alibi
1553 696 1731 754 Anna.
1759 693 1796 748 l.
1829 693 1978 746 vide-

398 785 712 852 licetvu,p.
767 785 890 847 I90,
941 795 994 838 et
1023 786 1072 838 ei
1111 800 1308 839 nomen
1382 787 1582 840 factum
1617 787 1693 838 ait
1731 802 1758 838 a
1796 785 1980 838 colore

398 879 692 932 marmoris
734 895 800 933 ex
847 896 959 949 quo
995 889 1113 934 erat
1148 891 1379 942 structa.
1441 882 1585 951 quod
1639 883 1769 935 dicit
1806 881 1980 934 fuisse

400 967 570 1022 Roma
608 979 884 1037 portatum
939 972 1008 1024 ab
1049 971 1495 1040 imperatoribus.
1530 973 1750 1040 quando
1794 971 1978 1025 sedem

400 1062 960 1132 imperiiByrantinm
1005 1065 1430 1118 transtulerunt.
1469 1063 1589 1116 ll.cc
1614 1063 1776 1117 verba
1833 1061 2006 1118 Con-.

400 1151 706 1204 stantinnm
766 1151 1018 1223 Magnum
1063 1155 1376 1224 inuigilant.
1431 1154 1496 1207 Et
1543 1153 1765 1206 tuemini
1804 1152 1984 1220 legere

400 1242 606 1305 aliquid
659 1244 800 1312 apud
882 1244 1084 1298 jElium
1144 1245 1521 1314 Lampridium
1575 1245 1627 1298 in
1663 1243 1979 1312 Alagabalo,

401 1332 551 1398 quod
609 1334 752 1386 trahi
795 1334 860 1387 ad
903 1337 1062 1388 istam
1129 1337 1546 1389 lranslalimtem
1590 1333 1984 1387 adstruendam

407 1428 602 1491 possit.
637 1423 812 1480 Verba
848 1427 1146 1497 Lampridii
1183 1431 1298 1482 hac
1330 1438 1457 1483 sunt
1485 1445 1498 1480 :
1528 1428 1733 1482 Stravit
1757 1436 1805 1480 et
1839 1427 1987 1478 saxis

404 1515 826 1572 Lacedaemoniis
875 1537 936 1573 ac
982 1519 1371 1589 Porpltyretit-is
1421 1520 1629 1587 plateas
1679 1521 1732 1572 iu
1784 1517 1987 1586 palatio

402 1630 536 1681 quas
569 1615 958 1668 Antoninianas
991 1619 1210 1676 vocavit.
1244 1632 1363 1684 qua
1391 1631 1526 1670 saxa
1580 1631 1745 1684 usque
1777 1616 1845 1667 ad
1899 1629 1992 1666 no-

403 1713 576 1757 stram
620 1706 928 1758 memoriam
961 1721 1267 1760 manserant
1302 1709 1517 1776 (scribit
1542 1709 1868 1760 barcauetor
1890 1705 1992 1757 sub

401 1795 782 1859 Constantino,
807 1799 892 1850 cui
925 1800 1069 1852 hunc
1092 1800 1266 1868 ipsutn
1291 1801 1484 1854 librum
1509 1800 1696 1867 dicat).
1718 1800 1808 1852 sed
1831 1813 1995 1864 nuper

2087 598 2263 654 Verba
2314 609 2442 655 sunt
2493 599 2862 668 imperatoris,
2919 600 3115 670 quibus
3165 602 3409 657 oﬂ‘ensus
3465 604 3671 658 duritie

2085 692 2304 748 Arsenii
2341 693 2692 762 patriarchae,
2724 695 2829 748 sibi
2857 678 3145 748 confitenti
3198 695 3402 748 crimen
3440 705 3495 748 et
3529 695 3671 749 olle-

2087 784 2232 838 renti
2263 799 2324 838 se
2358 793 2607 853 paratum
2639 785 2705 838 ad
2746 784 3181 838 satisfactionem
3236 793 3290 839 et
3328 801 3546 855 poenam
3580 803 3676 839 ca-

2087 877 2366 941 nonicam,
2453 877 2831 946 pmnitcntiam
2888 885 2941 929 et
2990 892 3139 946 spem
3201 877 3675 932 reconciliationis

2087 978 2277 1023 contra
2331 983 2574 1024 canones
2617 968 2887 1038 negantis.
2947 971 3024 1021 ait
3054 977 3272 1038 tempus
3308 985 3432 1023 esse
3483 985 3672 1022 recur-

2090 1062 2247 1114 rendi
2304 1061 2367 1114 ad
2404 1059 2709 1114 Romanum
2731 1061 3068 1128 pontiﬁcem,
3102 1063 3166 1112 ad
3201 1075 3364 1129 quem
3417 1061 3674 1116 videlicet

2091 1155 2424 1222 agnoscebat
2453 1154 2741 1222 antiquum
2787 1153 2878 1221 jus
2916 1168 3039 1208 esse
3081 1153 3414 1223 provocandi
3460 1154 3530 1208 ab
3571 1154 3675 1208 ini-

2089 1243 2458 1315 quisjudiciis
2501 1259 2842 1298 summorum
2887 1247 3052 1299 etiam
3085 1247 3556 1316 patriarcharum.
3608 1251 3676 1303 Et

2091 1339 2288 1392 modus
2348 1336 2604 1407 loquendi
2656 1336 2932 1404 signiﬁcat
2985 1338 3228 1408 viguisse
3270 1341 3451 1393 adlmc
3500 1341 3672 1403 illam.

2090 1432 2253 1484 etiam
2318 1431 2372 1484 in
2439 1428 2647 1483 Graecia
2719 1429 3019 1485 schismate
3075 1432 3356 1486 a-l.atinis
3421 1433 3662 1494 divulsa.

2092 1521 2403 1590 opinionem
2429 1530 2593 1590 atque
2625 1524 2981 1586 sententiam,
3002 1524 3205 1594 quippe
3225 1523 3672 1580 l‘undatissimam

2096 1616 2148 1670 in
2188 1631 2349 1670 sacro
2381 1615 2639 1683 dogmate
2659 1625 2712 1670 et
2753 1616 2806 1670 in
2832 1619 2981 1672 omni
3039 1621 3301 1673 memoria
3340 1621 3676 1675 ecclesiasti-

2095 1721 2171 1760 ca:
2193 1706 2567 1772 antiquitatis.

2167 1796 2297 1867 Pag.
2320 1797 2447 1850 216.
2497 1797 2734 1865 Ἐκείνη
2762 1798 2816 1850 δ’
2832 1801 2901 1852 ἐκ
2923 1799 3184 1866 νοθείας,
3223 1800 3329 1854 Res
3363 1801 3449 1854 hic
3485 1817 3678 1854 narra-

402 1900 552 1941 erata
577 1899 982 1945 etexactasunt.
1012 1893 1086 1946 Ita
1113 1893 1220 1948 ille.
1263 1891 1463 1959 Quidni
1491 1908 1618 1946 vero
1636 1908 1734 1945 nos
1752 1893 1997 1960 suspice-
2028 1883 2069 1940 Β
2100 1897 2188 1942 tur
2221 1898 2334 1942 tam
2379 1889 2720 1946 incredibilis
2769 1901 2828 1945 ut
2863 1894 3119 1946 mendum
3181 1894 3390 1948 codicis
3437 1893 3678 1961 primum

407 1996 530 2033 mur
549 1993 702 2035 eruta
727 1993 782 2038 et
804 1983 1123 2054 Byzantium
1163 1987 1423 2040 translata
1447 1985 1606 2055 jussu
1631 1984 1981 2038 Constantini

405 2088 472 2126 eo
491 2075 794 2146 migrantis.
815 2089 908 2131 aut
925 2079 1105 2146 potius
1117 2079 1407 2133 credamus
1421 2081 1590 2134 Anna:
1607 2078 1655 2131 id
1673 2078 1990 2133 allirmanti?

483 2165 611 2236 I’ag.
681 2168 804 2222 188.
841 2169 960 2234 Quo
1015 2173 1068 2224 in
1119 2188 1303 2241 genere
1366 2169 1669 2225 Laconibus
1719 2170 1974 2238 plurimis.

407 2255 596 2312 (ineas
627 2260 714 2313 hic
739 2261 792 2314 in
830 2264 1020 2316 codice
1049 2266 1255 2334 optimo
1286 2265 1348 2327 Β,
1375 2282 1560 2336 quem,
1589 2273 1648 2317 nt
1676 2279 1818 2332 saepe
1851 2262 1988 2326 dixi,

414 2350 644 2404 fundum
679 2353 938 2407 editionis
969 2355 1285 2424 habuimus,
1335 2357 1528 2410 mutila
1575 2365 1753 2412 erant.
1834 2354 1992 2408 l‘lnnc

409 2447 555 2497 enim
591 2444 644 2498 in
679 2445 897 2499 modum
933 2447 1006 2502 ibi
1057 2449 1253 2517 legitur
1287 2466 1300 2502 :
1330 2449 1507 2502 Ὅπου
1537 2465 1600 2517 γε
1642 2447 1734 2502 xa‘t
1761 2448 1990 2502 Λάκωσι

413 2535 688 2597 πλείστοις
721 2537 946 2609 ὕστερον
970 2541 1032 2592 ἑκ
1063 2539 1278 2596 τοῦ.....
1299 2542 1651 2611 ἀφιγμένοις.
1684 2542 1773 2595 ubi
1817 2544 1991 2596 codex

411 2631 454 2682 Α
503 2630 666 2684 habet
695 2631 923 2695 ὕστερον
996 2636 1058 2685 ἐκ
1106 2635 1207 2702 τῆς
1259 2636 1466 2688 πόλεως
1521 2636 1867 2704 ἀφιγμένοις,
1927 2634 1993 2707 [Ρ

413 2719 544 2794 452]
583 2722 672 2775 tibi
713 2722 909 2776 merito
949 2740 1166 2793 quaeras
1201 2742 1261 2777 ex
1298 2741 1402 2793 qua
1435 2727 1568 2780 urbe
1615 2726 1901 2788 advenisse
1938 2727 1992 2780 Iti

414 2811 660 2869 Lacones
685 2814 964 2868 dicantur.
1001 2816 1144 2869 Sane
1175 2819 1326 2870 urbis
1387 2819 1631 2882 nomine,
1685 2835 1808 2872 cum
1876 2819 1995 2873 sine

412 2907 602 2960 addito
636 2908 866 2976 ponitur
921 2909 1062 2978 apud
1093 2909 1191 2963 hos
1241 2910 1567 2979 scriptores,
1606 2911 1997 2966 (,Iottstatttino-

415 2995 582 3064 politn
616 2996 841 3065 intelligi
877 3013 963 3052 res
1013 2999 1131 3068 ipsa
1187 2999 1444 3068 loquitur.
1503 3000 1578 3054 Ex
1615 3002 1748 3054 urbe
1814 3013 1994 3054 autem

414 3086 894 3154 Constantinopoli
937 3090 1062 3158 quis
1115 3092 1449 3159 persuadere
1491 3091 1592 3145 sibi
1665 3092 1839 3160 possit
1888 3092 1994 3146 dici

413 3182 634 3238 venisse
681 3184 843 3252 istos,
873 3182 965 3253 qui
1003 3184 1187 3250 potius
1217 3185 1375 3238 bicin
1415 3200 1533 3238 eam
1572 3185 1997 3254 transmigrasse

418 3279 835 3331 memorentur?
865 3277 1053 3347 Itaque
1079 3287 1224 3332 recte
1265 3276 1560 3330 Vaticanus
1607 3277 1998 3345 paraphrastes

415 3365 496 3422 sic
512 3371 656 3423 hunc
674 3371 852 3423 locum
873 3371 1027 3425 elIert
1047 3385 1061 3421 :
1081 3369 1364 3422 Ἐντεῦθεν
1380 3371 1471 3422 καὶ
1490 3369 1714 3422 Λάκωσι
1735 3370 2009 3434 πλείστοις

416 3459 644 3527 ὕστερον
660 3464 741 3523 εἰς
762 3461 916 3513 πόλιν
941 3461 1285 3531 ἀφιγμένοις.
1309 3459 1459 3515 Unde
1479 3460 1708 3516 fortasse
1730 3463 2010 3533 corrigen-

414 3548 520 3605 dus
537 3552 608 3605 sit
624 3550 785 3606 Allat.
806 3554 1001 3616 codex,
1020 3553 1260 3622 reposito
1294 3553 1375 3615 είς
1397 3552 1494 3623 τὴν
1516 3552 1667 3606 πόλιν
1686 3553 1801 3609 vice
1831 3557 1894 3608 ἑκ
1910 3556 2008 3625 τῆς

417 3642 760 3705 πόλεωςοδοά
783 3643 895 3699 haec
916 3661 1021 3698 non
1042 3644 1315 3700 subiciunt
1335 3645 1581 3700 sanando
1596 3646 1805 3700 vulneri
1825 3663 2011 3701 exem-

417 3735 589 3802 plaris
608 3736 1064 3806 archetypiﬁam
1093 3739 1145 3790 in
1179 3754 1246 3792 eo
1263 3739 1528 3793 articulus
1556 3740 1889 3793 masculinus
1917 3749 2011 3793 aut

418 3841 618 3883 neuter
645 3829 741 3882 τοῦ
769 3830 998 3892 indicat,
1031 3829 1082 3884 id
1113 3832 1258 3900 quod
1291 3831 1478 3884 statim
1540 3830 1694 3886 deest
1727 3831 1896 3903 646
1930 3834 2010 3887 leo

421 3920 855 3988 mininigeneris
885 3936 991 3977 non
1029 3937 1171 3978 esse.
1227 3921 1349 3992 lpse
1380 3923 1546 3992 igitur
1585 3939 1645 3978 se
1681 3925 1935 3993 suppleat
1972 3925 2012 3979 Β

419 4014 592 4067 codex
623 4017 716 4078 qui
759 4030 884 4069 cum
922 4032 976 4084 p.
1017 4016 1142 4081 180,
1176 4017 1560 4072 consentiente
1585 4019 1688 4072 sibi
1715 4019 2010 4085 Allatiano,

422 4089 630 4160 scribat
659 4106 767 4158 ἀπὸ
791 4107 885 4160 τοῦ
913 4107 1151 4177 Μορέου,
1191 4109 1440 4178 suggerit
1500 4109 1658 4164 nobis
1712 4111 1840 4178 quid
1889 4119 2014 4180 post

425 4199 538 4253 hate
568 4213 668 4254 sua
700 4200 865 4253 verba
902 4200 968 4251 ὲκ
999 4198 1218 4255 τοῦ.....
1261 4202 1573 4270 exscriptor
1597 4202 1848 4257 omiserit
1882 4219 2012 4273 spao

422 4293 501 4346 tio
530 4295 744 4347 relicto.
805 4292 1103 4350 Vaticanus
1137 4295 1258 4348 loco
1285 4296 1379 4350 illo
1405 4301 1630 4351 tertium
1670 4313 1730 4352 se
1761 4300 2015 4362 adstipu-

424 4386 654 4440 latorcm
687 4388 860 4450 addit,
891 4389 991 4441 nlsi
1027 4389 1168 4456 quod
1203 4389 1463 4459 Μοραίου
1516 4391 1708 4445 scribit
1742 4407 1843 4461 pro
1900 4394 2011 4448 Μ)-

428 4477 579 4548 ρέου.
606 4479 861 4533 Profecto
891 4496 952 4532 es
991 4479 1172 4533 llIoreo
1199 4481 1314 4535 sive
1341 4481 1547 4546 Morea,
1604 4483 1705 4536 hoc
1749 4497 1831 4538 est
1861 4484 2015 4538 Pelo-

2094 1981 2284 2051 legcns
2309 1982 2641 2050 suspicarer,
2683 1999 2784 2038 nec
2821 1983 3082 2038 inducere
3106 2001 3320 2053 possem
3348 1988 3401 2038 in
3435 1987 3680 2038 animum

2092 2088 2316 2128 uxorem
2373 2073 2614 2143 despotat
2681 2073 2932 2135 Joannis.
3004 2077 3249 2130 fratriam
3310 2077 3681 2146 imperatoris.

2092 2173 2400 2219 matronam
2425 2166 2548 2234 ejus
2590 2166 2720 2229 loci,
2765 2183 2872 2220 non
2902 2168 3080 2222 solum
3105 2185 3168 2223 ex
3216 2168 3492 2222 adulterio
3520 2185 3681 2238 pepe-

2092 2255 2253 2321 risse,
2279 2257 2371 2311 sed
2409 2257 2585 2326 palam
2614 2261 2733 2311 viro
2761 2258 3025 2313 tolerante
3051 2259 3323 2314 educasse
3353 2262 3519 2314 tiliam
3554 2276 3675 2331 Spu-

2094 2349 2253 2414 riam,
2278 2365 2400 2419 qua:
2430 2357 2644 2420 postea,
2691 2348 2903 2404 Joanne
2943 2352 3153 2406 scilicet
3212 2355 3334 2422 ipso
3370 2355 3599 2422 deslzota
3632 2366 3682 2408 et

2095 2442 2262 2496 lratre
2304 2443 2474 2512 ipsius
2509 2445 2756 2512 Augusto
2791 2445 3240 2508 conciliantibns.
3280 2447 3472 2501 Iberia:
3529 2449 3684 2514 prin-

2097 2539 2203 2606 cipi
2245 2537 2514 2591 collocata
2557 2537 2651 2590 sit.
2689 2535 3000 2590 Tantumne
3034 2546 3141 2590 tam
3182 2538 3406 2606 impune
3433 2540 3685 2591 mulieri-

2100 2631 2206 2686 bus
2232 2631 2307 2685 ibi
2342 2630 2540 2685 licuit?
2568 2629 2770 2685 Verum
2803 2631 3095 2684 conferens
3127 2631 3264 2685 alios
3301 2632 3521 2686 codices
3568 2647 3685 2685 rem

2097 2723 2299 2792 ubique
2319 2723 2705 2777 constanterin
2737 2723 2986 2775 eumdem
3013 2724 3224 2775 modmn
3254 2738 3567 2787 expressam
3601 2739 3688 2778 rc.-

2098 2817 2236 2885 peri.
2263 2815 2532 2869 Disertius
2553 2815 2718 2868 etiam
2746 2814 2800 2866 in
2829 2812 3109 2874 Vaticano,
3135 2814 3225 2879 qui
3259 2814 3350 2867 ubi
3375 2815 3442 2867 de.
3457 2813 3691 2868 Joannis

2099 2913 2339 2981 despotic
2364 2910 2687 2964 castimonia
2709 2907 2936 2962 dixisset
2964 2907 3254 2976 τἘπήνθει
3277 2907 3332 2958 δὲ
3363 2907 3458 2959 καὶ
3487 2907 3548 2959 sb
3583 2908 3689 2958 σιῖεο

2101 3019 2236 3073 φρον
2261 3002 2480 3070 ἐκείνῳ,
2505 3001 2579 3064 ὡς
2611 3001 2871 3054 οὐδέποτε
2923 2999 3262 3066 ἀκουσθῆναι
3323 2999 3488 3052 αὑτὸν
3521 3002 3694 3070 ἑτέρᾳ

2099 3095 2323 3163 γυναικὶ
2358 3092 2666 3164 χρήσασθαι
2716 3092 2749 3164 ἢ
2779 3095 2844 3161 τῇ
2880 3093 2986 3162 ἰδίᾳ
3033 3093 3126 3145 καὶ
3171 3091 3330 3162 μόνῃ.
3359 3091 3651 3161 suhjttngit
3675 3111 3692 3146 :

2113 3187 2460 3257 Ἀλλίκείνη
2505 3187 2604 3239 οὐκ
2641 3181 2707 3254 ἦν
2759 3186 2836 3247 ὼς
2868 3186 3085 3248 ἐκεῖνος
3116 3186 3296 3255 (vides
3333 3185 3477 3240 unde
3524 3186 3698 3238 ducta

2111 3281 2222 3336 sint
2251 3280 2337 3334 illa
2366 3280 2838 3350 interpretationis
2881 3281 3069 3341 verba,
3123 3279 3349 3331 multum
3404 3278 3488 3332 illi
3529 3279 3703 3332 dissi-

2116 3373 2307 3440 milis),
2343 3371 2482 3424 ἀλλὰ
2514 3372 2610 3426 καὶ
2641 3371 2938 3442 θυγάτριον
2967 3371 3311 3438 ἀπεγέννησε
3345 3369 3502 3422 νόθον
3550 3372 3704 3422 ὲκεί-

2114 3484 2207 3520 νου
2238 3464 2556 3532 στρατείαις
2601 3465 2986 3534 προσέχοντος.
3039 3462 3104 3536 [Ρ
3142 3461 3269 3534 455]
3327 3463 3397 3515 At
3424 3461 3520 3513 illa
3586 3476 3706 3514 non

2112 3568 2226 3611 erat
2265 3557 2405 3611 sicut
2442 3555 2554 3616 ille.
2593 3554 2683 3610 sed
2749 3566 2795 3610 et
2829 3555 3050 3625 ﬁliolam
3105 3555 3282 3621 genuit
3348 3554 3563 3604 not/iant
3599 3551 3704 3605 illo

2114 3647 2266 3701 bellis
2299 3648 2540 3716 gerendis
2605 3645 2930 3698 attendente.
2973 3644 3246 3697 Cmterutn
3306 3643 3450 3710 quod
3500 3640 3699 3694 attinet

2114 3739 2180 3792 ad
2220 3738 2384 3806 hujus
2425 3753 2487 3791 ex
2517 3737 2785 3790 adulterio
2813 3745 2953 3788 natre
3018 3734 3213 3803 pucllze
3263 3736 3481 3802 nuptias
3525 3730 3698 3801 647

2115 3829 2184 3880 ab
2229 3829 2554 3896 imperatore
2591 3826 2912 3881 conciliatas
2941 3840 3062 3877 cum
3104 3823 3254 3892 Mepe
3296 3822 3484 3876 Iberia:
3544 3824 3699 3890 prin-

2115 3921 2258 3990 cipe.
2296 3933 2600 3986 agnoscere
2636 3923 2688 3975 in
2721 3920 2821 3971 hoe
2858 3917 2982 3969 licet
3011 3925 3180 3968 artem
3215 3915 3493 3984 politicam
3539 3913 3700 3965 adhi>

2117 4015 2233 4071 beri
2265 4014 2486 4069 solitam
2517 4029 2545 4064 a
2573 4007 3206 4076 Constantinopolitanis
3244 4005 3704 4072 lmperatoribus,

2117 4107 2410 4163 deliniendi
2443 4106 2730 4164 barbaros,
2763 4101 2964 4172 quibus
3008 4099 3384 4170 expugnandis
3409 4115 3468 4152 se
3522 4099 3694 4167 impa-

2117 4217 2206 4256 res
2232 4199 2564 4260 sentiebant,
2595 4195 2934 4265 nuptialibus
2967 4193 3164 4258 pactis.
3203 4193 3506 4245 Audiamus
3535 4207 3595 4244 ea
3632 4193 3709 4247 de

2117 4305 2177 4344 re
2214 4288 2686 4346 Cantacnzenum,
2723 4284 2758 4334 l.
2794 4299 2831 4343 t.
2878 4297 2921 4337 α
2961 4281 3052 4343 39,
3102 4281 3192 4333 ubi
3245 4281 3354 4348 agit
3396 4278 3464 4332 de
3510 4278 3708 4335 Mcesis

2119 4382 2382 4437 afﬁnitate
2425 4377 2733 4432 conciliatis
2785 4374 3104 4428 Andronico
3157 4371 3364 4440 juniori
3400 4373 3708 4426 εΜάὶιστα

2117 4476 2175 4529 δὲ
2197 4473 2395 4535 αὐτοὺς
2426 4469 2698 4538 ὲξημέρου
2732 4469 2827 4520 καὶ
2881 4466 3072 4534 φιλίως
3106 4464 3328 4518 διετίθει
3378 4463 3516 4534 πρὸς
3564 4463 3709 4518 Ῥω-

428 4585 698 4637 ponneso.
769 4571 986 4625 venisse
1022 4569 1271 4626 Laconas
1301 4575 1564 4641 oportuit,
1609 4590 1733 4627 cum
1805 4575 1876 4628 ibi
1941 4579 2000 4628 sit

2123 4569 2314 4638 μαίους
2334 4565 2397 4618 τὸ
2428 4567 2492 4616 ὲκ
2521 4563 2628 4615 τῶν
2657 4560 2954 4627 βασιλικῶν
2970 4560 3136 4612 οἴκων
3167 4560 3435 4626 γυναῖκας
3464 4557 3705 4622 ἄγεσθαι

429 4660 722 4716 Laconica.
791 4661 1064 4718 Translati
1128 4675 1305 4718 autem
1373 4665 1497 4720 inde
1556 4675 1684 4720 tunc
1734 4666 2009 4735 videntur,

428 4756 671 4824 quando.
694 4766 753 4810 tit
784 4757 921 4810 infra
956 4774 1009 4826 p.
1043 4758 1151 4812 9.05
1181 4771 1369 4813 noster
1393 4760 1606 4826 scribit,
1633 4761 1813 4826 Ἀκρα
1845 4763 2012 4814 Πελο-

429 4851 703 4921 ποννήσου
771 4855 918 4923 ἀμφὶ
995 4854 1389 4922 Μονεμϐασίαν
1457 4857 1554 4910 σὺν

431 4945 798 5012 Λακεδαίμονι
847 4947 951 4998 ὑπὸ
985 4946 1280 5017 Ῥωμαίοις
1311 4949 1583 5016 ἐγένοντο.

504 5037 632 5105 Pag.
670 5039 788 5092 I92.
812 5039 1097 5110 Dacibyzw
1130 5042 1349 5095 dictant.
1383 5041 1607 5096 Videtur
1651 5042 2014 5113 Paebymcres

433 5142 486 5186 et
515 5133 602 5187 hic
632 5141 686 5186 et
714 5133 966 5198 inferius,
1001 5151 1051 5203 p.
1094 5136 1216 5199 198,
1259 5146 1632 5206 prmtereaque
1657 5153 1708 5204 p.
1759 5138 1884 5202 507,
1917 5137 2015 5192 Ni-

434 5227 758 5282 cetiatarum
791 5239 1028 5281 castrum
1053 5245 1174 5282 cum
1213 5229 1479 5300 Dacibyza
1505 5229 1862 5297 confundere,
1896 5246 2018 5301 qua:

435 5329 618 5376 tamen
681 5321 994 5388 Acropolita
1059 5322 1367 5391 distinguit,
1435 5323 1515 5378 sic
1569 5323 1815 5378 scribens
1867 5341 1917 5376 c.
1949 5326 2018 5379 57

438 5413 609 5478 IIist.,
632 5431 685 5484 p.
723 5415 792 5469 52
821 5432 834 5467 .'
867 5417 976 5470 Καὶ
1005 5415 1363 5485 παραμείψας
1383 5415 1473 5468 τὸν
1496 5417 1718 5488 χάρακα
1745 5416 2018 5486 ἐπόρθησε

435 5508 534 5577 τὴν
568 5508 886 5571 Δακιὸύζαν
941 5508 1046 5577 πρὸ
1099 5507 1294 5578 καιροῦ
1331 5509 1427 5562 καὶ
1497 5507 1732 5578 κατέσχε
1791 5507 2018 5575 ταύτην,

439 5602 665 5669 προσέτι
705 5601 800 5654 καὶ
822 5600 916 5654 τοῦ
936 5600 1268 5671 Νικητιάτου
1293 5600 1574 5674 φρούριον.
1606 5598 1771 5654 Forte
1800 5602 2019 5668 utrique

439 5693 555 5750 srcl
589 5708 875 5749 commune
907 5694 1244 5763 Νιχητιάτου
1283 5709 1480 5748 nomen
1508 5693 1695 5755 fuerit,
1727 5690 1886 5744 alteri
1923 5706 2022 5744 au-

441 5797 551 5846 tem
602 5803 790 5841 earum
843 5787 1124 5856 proprium
1171 5785 1518 5855 Δακιὸὐζης,
1558 5787 1704 5840 unde
1753 5784 2023 5855 Νικητιὰ-

447 5898 576 5945 των,
601 5879 799 5956 plurali
835 5895 1084 5948 numero,
1119 5889 1304 5936 noster
1346 5879 1609 5953 posuerit.

1628 4858 1856 4928 Σπάρτῃ
1917 4859 2013 4910 καὶ

2120 4662 2352 4722 ἑαυτοῖς.
2414 4655 2802 4725 Περιμάχητον
2853 4652 2962 4722 γὰρ
3019 4652 3206 4712 αὐτοῖς
3247 4651 3305 4702 τὸ
3353 4649 3586 4702 τοιοῦτο.
3634 4648 3702 4701 Et

2121 4753 2284 4821 paulo
2308 4760 2429 4819 post
2455 4768 2468 4804 :
2507 4749 2572 4802 Ὀ
2604 4747 2667 4815 δὴ
2694 4745 2787 4798 καὶ
2819 4745 2868 4796 οἱ
2909 4743 3198 4812 Ῥωμαίων
3229 4740 3466 4810 βασιλεῖς
3495 4739 3707 4800 ὐδόττς

2122 4846 2424 4916 παρθένους
2447 4841 2546 4910 τὴν
2580 4839 2704 4908 ὄψιν
2765 4837 3114 4905 διαπρεπεῖς,
3140 4833 3241 4885 οὐκ
3308 4831 3369 4885 εὖ
3404 4830 3706 4897 γεγονυίας

2125 4941 2306 5010 μένον,
2341 4933 2476 4989 ἀλλὰ
2522 4931 2618 4984 καὶ
2671 4930 2730 4994 ἐξ
2765 4931 2994 4997 ἀσήμων
3028 4926 3224 4994 γενῶν,
3265 4925 3320 4974 ἐν
3381 4927 3489 4983 τοῖς
3541 4923 3706 4988 βιαιο

2122 5029 2288 5092 λείοις
2322 5025 2704 5096 ὲκτρέφοντες,
2754 5022 2829 5083 ὡς
2893 5019 3201 5086 θυγατέρας
3249 5015 3480 5072 ἑαυτῶν,
3537 5015 3705 5064 ὁπότε

2123 5121 2252 5182 δέοι,
2287 5121 2394 5181 τοῖς
2425 5116 2648 5169 Σκυθῶν
2686 5115 3000 5182 σατράπαις
3041 5106 3400 5175 κατηγγύων.
3463 5103 3706 5158 Maxime

2125 5233 2242 5270 vero
2279 5215 2422 5283 ipsos
2463 5209 2748 5266 deliniebat
2788 5215 2835 5258 et
2869 5201 3189 5258 conciliabat
3220 5198 3495 5255 Romanis.
3563 5197 3707 5264 quod

2125 5304 2559 5377 eximpcratoria
2605 5299 2812 5371 familia
2862 5313 3051 5352 uxores
3092 5295 3546 5348 nanciscerentur.
3593 5289 3708 5342 Hoc

2125 5407 2262 5460 enim
2282 5402 2408 5466 ipsis
2449 5400 2501 5452 in
2539 5397 2728 5464 primis
2748 5393 3027 5460 expetibile
3053 5390 3264 5442 videtur
3301 5395 3348 5438 et
3373 5383 3708 5436 contentione

2127 5494 2402 5568 quantavis
2429 5490 2530 5545 emi
2554 5489 2794 5558 dignum.
2832 5485 2961 5539 Post
2987 5483 3168 5550 aliqua
3200 5499 3212 5533 :
3252 5477 3311 5531 Ῐιί
3342 5479 3480 5546 quod
3502 5475 3707 5527 Roma-

2129 5567 2314 5645 norum
2343 5589 2680 5654 imperatores
2710 5596 2827 5633 cum
2861 5575 3230 5646 intelligerent,
3277 5571 3502 5638 virgines
3527 5567 3706 5634 [arma

2129 5692 2466 5752 pru'stantes,
2497 5694 2599 5730 non
2633 5673 2785 5728 modo
2837 5671 3066 5741 legitime
3122 5685 3187 5721 er
3213 5665 3478 5720 nobilibus
3514 5670 3708 5730 natas,

2130 5778 2218 5832 setl
2245 5787 2291 5829 ct
2319 5792 2384 5829 ea?
2405 5769 2709 5844 parentibus
2741 5767 2924 5836 p'el=eii
2945 5764 3148 5831 generis
3170 5759 3393 5829 genitas.
3415 5757 3466 5806 in
3499 5753 3704 5819 palatio

2133 5869 2367 5934 alebant,
2399 5882 2550 5938 quas,
2587 5861 2671 5914 ubi
2703 5877 2782 5913 res
2815 5866 3066 5930 posceret,
3089 5855 3323 5924 ﬁliarum
3350 5845 3704 5915 uppeflatione
