3992 6580
408 406 546 476 illi

399 628 646 668 occasum
673 611 956 664 hiemalem
982 620 1232 679 protenso
1268 620 1316 666 et
1342 611 1452 665 late
1507 628 1614 682 qua
1648 611 1981 665 terminaba-

398 720 487 769 tur
517 705 741 776 di/i’usa.
775 705 842 760 19
883 705 1065 759 nubes.
1096 706 1166 760 9.0
1215 704 1338 758 Dec.
1394 706 1541 759 intra
1599 705 1872 758 Craterem
1935 707 1985 756 et

397 799 648 857 Corvum.
713 799 806 859 2|.
859 798 952 862 ἥ,
995 800 1087 862 25,
1146 797 1216 852 24
1272 797 1562 851 nubes.25
1618 795 1811 849 Deci
1850 803 1984 848 mat.

398 893 547 963 infra
569 902 800 946 uentrem
832 890 1028 961 Hydri,
1067 909 1168 961 qua
1199 892 1247 945 ei
1275 890 1462 944 Crater
1485 890 1712 950 insistit,
1742 887 1836 941 sub
1864 887 1983 942 eod.

403 994 542 1053 trop.
580 985 903 1054 comparuit.
936 983 1106 1048 Caput
1148 983 1247 1036 ltac
1301 983 1386 1036 die
1417 982 1691 1049 apparenti
1726 981 1985 1034 diametro

402 1082 513 1149 lere
548 1095 652 1150 par
701 1076 910 1140 Veneri,
942 1076 1159 1128 barbam
1213 1076 1467 1128 albicanti
1505 1085 1618 1127 tuce
1653 1074 1985 1139 splendidam

402 1173 471 1222 ad
500 1160 570 1223 ‘50
599 1169 799 1240 gradus
837 1166 1071 1220 evibrare
1095 1165 1294 1224 uisum.
1326 1162 1419 1226 26,
1442 1163 1538 1223 27,
1566 1160 1660 1224 ‘28,
1693 1159 1761 1214 29
1801 1161 1982 1215 nubes.

401 1251 473 1319 30
503 1253 630 1315 Dec.
681 1260 714 1314 9
740 1275 881 1327 vesp.
926 1260 982 1312 in
1024 1256 1218 1326 Lepore
1243 1256 1382 1310 velut
1421 1253 1646 1306 crinitas
1695 1251 1986 1320 apparuit:

405 1371 531 1412 nam
560 1355 622 1408 ob
652 1353 791 1406 luna:
813 1352 1060 1406 viciniam
1083 1352 1254 1403 cauda
1275 1348 1435 1402 videri
1459 1365 1561 1401 non
1589 1346 1784 1416 potuit.
1818 1344 1986 1398 Porro

408 1447 650 1504 eumdem
682 1445 818 1498 hunc
849 1460 968 1496 cum
1000 1442 1174 1511 priore
1228 1448 1431 1493 cometa
1487 1454 1618 1499 esse,
1668 1435 1988 1504 conﬁrmant

402 1539 788 1596 observationes
821 1534 1058 1593 Trident.
1085 1550 1203 1603 qua:
1234 1532 1304 1585 28
1360 1531 1485 1586 Dec.
1523 1546 1639 1584 eum
1668 1544 1829 1596 prope
1885 1526 1981 1581 Ca-

412 1648 529 1687 stam
565 1631 842 1700 majorem,
873 1627 1112 1681 celeriori
1158 1642 1316 1694 quam
1365 1625 1520 1678 initio
1559 1632 1704 1676 motu
1753 1635 1990 1690 progres-

405 1743 546 1787 sum,
583 1740 649 1780 ea:
677 1724 938 1790 matutino
964 1721 1336 1789 vespertinum,
1371 1732 1434 1770 ea:
1464 1715 1685 1768 barbato
1701 1713 1988 1767 condatum

404 1816 963 1874 euasisse'testantur.
1014 1814 1079 1868 5|
1135 1811 1381 1865 Decemb.
1438 1811 1578 1863 inter
1636 1806 1889 1875 Leporem
1939 1811 1989 1858 et

1335 411 1403 472 P.
1441 408 1748 472 POSSINI
1788 403 2440 468 OBSERVATIONUM
2467 405 2595 466 LIB
2654 404 2741 470 ΙΙ.

397 521 548 578 carni
578 520 676 576 sub
719 530 893 575 rostro
946 518 1125 584 Corvi,
1159 520 1322 576 barba
1348 521 1546 577 directe
1571 539 1603 574 a
1633 520 1746 576 sole
1792 535 1971 574 versus
2001 535 2050 582 Α
2077 515 2525 586 intempestivum
2587 517 2797 582 lusum,

3522 403 3684 469 1112

2876 514 2968 574 his
3026 513 3304 588 extemplo
3366 516 3683 573 versiculis

2088 609 2394 680 pangendis
2422 625 2438 664 :

2088 743 2221 800 Cum
2244 760 2516 812 superum,
2559 743 2868 810 Francisce,
2919 745 3016 801 tibi
3071 749 3380 801 tribuuntur
3412 743 3680 808 honores,

2159 818 2445 870 Abscondrt
2472 817 2717 868 tetricum
2753 827 2934 885 sponte
2959 827 3170 872 cometa
3195 818 3378 885 jubur.

2087 883 2286 957 Erigor
2315 888 2578 954 augurio;
2608 903 2699 940 nec
2713 883 2832 955 jam
2865 898 3108 955 portenta
3147 883 3425 957 minasque

2165 955 2260 1009 Tot
2294 958 2613 1010 crinitarum
2642 960 2776 1010 duco
2804 958 3036 1011 timenda
3067 960 3265 1030 focum.

2088 1025 2418 1080 Averruncus
2450 1029 2600 1079 adest
2641 1043 2928 1091 noxarum,
2958 1038 3006 1084 et
3046 1025 3231 1081 sancta
3260 1032 3506 1083 sacerdos

2153 1096 2259 1160 Qui
2292 1113 2452 1150 novus
2477 1096 2798 1166 ingreditur.
2826 1111 3062 1151 monstra
3102 1099 3293 1153 luenda
3316 1101 3451 1166 piat.

2087 1164 2248 1220 Sume
2282 1168 2512 1229 animos,
2542 1164 2663 1219 mn
2688 1171 2912 1234 spectris
2943 1169 3199 1222 exterrita
3227 1164 3382 1221 ιειίιισ
3416 1184 3436 1222 :

2158 1235 2280 1292 Stat
2309 1237 2403 1289 tibi
2421 1247 2564 1290 certa
2595 1238 2764 1303 salus,
2791 1240 2918 1293 dum
2946 1247 3082 1293 tenet
3113 1249 3262 1292 astra
3299 1239 3476 1294 Sales.

2155 1351 2218 1406 P.
2244 1352 2351 1408 229
2382 1351 2583 1406 Fatum
2606 1354 2780 1410 triste.
2824 1353 3016 1410 Graece
3041 1356 3210 1426 μοῖρά
3239 1371 3325 1417 τις
3365 1355 3685 1423 δυστυχής.

2085 1444 2210 1500 Fati
2245 1447 2457 1501 mentio
2509 1447 2676 1508 δὴεαὶ
2702 1448 2806 1502 hoc
2859 1449 2983 1502 loco
3035 1455 3088 1502 et
3116 1449 3246 1502 aliis
3279 1446 3443 1516 huius
3485 1447 3690 1516 operis

2090 1539 2369 1595 similibus
2419 1539 2672 1594 videatur
2709 1540 2872 1593 ullam
2933 1539 3248 1594 aliinitatem
3278 1539 3489 1614 habere
3544 1551 3684 1592 cum

2087 1649 2260 1703 pravo
2308 1641 2364 1688 cl.
2412 1635 2670 1690 heretico
2723 1636 2975 1705 degmste
3039 1635 3346 1688 libertatem
3377 1632 3688 1687 humanam

2089 1725 2174 1780 sui
2213 1734 2523 1794 compotem
2550 1731 2808 1794 negante,
2837 1723 3196 1792 rejiciendnm
3227 1730 3376 1778 esset
3408 1737 3534 1776 cum
3571 1735 3692 1774 eae-

2021 1877 2032 1888 :
2096 1817 2230 1872 teris
2267 1817 2559 1872 erroribus
2591 1817 2757 1885 hujus
2789 1817 3106 1888 scriptoris.
3137 1815 3272 1870 Vide
3301 1828 3426 1886 qua:
3459 1815 3686 1868 tuonui-

413 1909 730 1970 Eridanum,
767 1906 885 1976 jam
939 1905 1164 1957 multum
1202 1916 1364 1969 supra
1447 1898 1732 1962 Tropicum
1784 1905 1988 1949 evectus

2115 1924 2219 1962 nus
2251 1907 2317 1962 ad
2352 1923 2410 1977 p.
2445 1908 2547 1962 101
2577 1919 2630 1962 et
2664 1923 2717 1978 p.
2752 1907 2879 1963 139.

409 1998 852 2065 conspiciebatur.
886 1997 1035 2049 Anno
1070 1993 1208 2048 1665
1242 1994 1264 2046 1
1292 1989 1568 2054 Januarii,
1602 1988 1669 2042 12
1699 1988 1888 2049 noctis,
1921 1984 1991 2038 ad

410 2093 727 2156 australem,
777 2091 1040 2144 eteadem
1090 2085 1236 2141 die9
1269 2084 1561 2153 vespertina
1613 2081 1682 2134 ad
1729 2077 1990 2134 borealem

413 2186 641 2240 Eridani
679 2185 849 2254 ripam
880 2182 1144 2235 constitit.
1191 2177 1499 2232 2Januorii
1541 2191 1707 2245 prope
1760 2189 1817 2227 os
1854 2170 1991 2225 Ceti.

408 2283 442 2337 5
471 2279 600 2334 Jan.
644 2278 756 2334 Ceti
789 2274 1156 2329 mandibulam
1188 2272 1386 2340 attigit,
1435 2285 1615 2338 syrma
1652 2266 1859 2320 Orienti
1906 2262 1997 2317 ob.-

410 2387 614 2428 eersum
645 2371 876 2422 trahens.
907 2369 940 2420 Δ
975 2364 1104 2419 Jan.
1133 2373 1454 2432 ιιιιμιαιονεηι
1495 2359 1779 2427 superavit.
1813 2355 1993 2412 5Jan.

411 2465 445 2520 6
481 2450 619 2532 vesp.
676 2463 732 2514 in
767 2462 951 2514 cauda
977 2456 1147 2509 medio
1174 2470 1333 2522 prope
1369 2452 1613 2506 nucleum
1649 2458 1864 2503 cometa:
1915 2449 1998 2500 lu-

415 2553 538 2609 cida
568 2551 705 2612 Ceti.
745 2548 968 2605 Mentor
1019 2549 1186 2609 dicta,
1250 2544 1394 2597 clare
1448 2542 1799 2610 resplenduit.
1841 2537 1996 2604 Quod

406 2646 570 2702 etiam
609 2643 811 2703 Leodii.
863 2640 1152 2702 Olomucii,
1207 2638 1436 2696 Viennae.
1479 2634 1736 2697 Mantuae,
1782 2632 1997 2703 Pragte,

408 2737 684 2796 Lucernte.
725 2733 968 2793 Tridenti
993 2731 1089 2789 sub
1131 2730 1268 2783 idem
1303 2739 1508 2796 tempus
1545 2728 1872 2781 obseruatum
1896 2735 1997 2778 est.

412 2827 562 2886 Unde
605 2826 789 2895 colligi
820 2833 989 2892 potest
1037 2831 1296 2877 cometam
1345 2821 1480 2873 hunc
1513 2833 1693 2872 carere
1725 2816 2000 2882 parallaxi

409 2919 670 2985 sensibili,
703 2917 934 2981 adeoque
970 2916 1098 2968 luna
1133 2913 1436 2983 inferiorem
1483 2927 1587 2964 non
1616 2925 1748 2962 esse.
1779 2907 1842 2979 [P
1861 2906 1988 2980 155]

418 3014 692 3080 Quantum
726 3026 846 3064 vero
881 3025 1042 3078 supra
1075 3009 1260 3060 lunam
1294 3004 1528 3060 elevatus
1561 3005 1653 3065 sit,
1705 3001 1767 3056 ob
1812 3003 1999 3071 paral-

412 3103 620 3163 laxium
663 3102 1096 3157 incertitudinem
1127 3097 1393 3154 evidenter
1413 3093 1777 3150 demonstrari
1803 3094 2000 3163 nequit.

414 3196 472 3258 6.
507 3197 563 3264 7,
585 3198 640 3262 8,
670 3197 724 3259 9.
759 3195 826 3248 10
848 3192 1103 3248 Januarii
1139 3206 1229 3256 per
1255 3197 1415 3257 caput
1444 3187 1558 3242 Ceti
1578 3187 1733 3241 tarde
1762 3202 2004 3256 progres-

420 3255 638 3352 sus.'ll'
675 3255 838 3359 prope
896 3255 1187 3338 anteriores
1222 3255 1420 3336 Arietis
1473 3281 1627 3349 pedes
1681 3255 1997 3346 comparuit,
2026 3255 2072 3320 (ἶ

419 3382 598 3440 cauda
629 3379 860 3433 breuiore
900 3391 1080 3433 rersus
1109 3373 1320 3427 oculum
1354 3372 1522 3426 Tauri
1565 3381 1895 3441 exporrecta.
1934 3371 2001 3430 12

415 3469 553 3528 Jan.
592 3471 648 3524 in
681 3486 817 3540 genu
843 3468 1058 3522 Arietis.
1090 3466 1156 3520 15
1185 3477 1233 3518 et
1279 3464 1521 3534 deinceps
1554 3480 1716 3534 usque
1740 3467 1808 3518 ad
1839 3464 1873 3517 4
1900 3463 2003 3518 Fe-

417 3561 622 3616 bruarii
655 3559 848 3613 lentius
875 3559 929 3610 in
961 3557 1072 3610 dies
1108 3557 1247 3610 inter
1293 3565 1474 3623 pectus
1506 3557 1704 3611 Arietis
1731 3564 1782 3610 et
1805 3555 1997 3610 Linum

416 3654 581 3727 650
601 3653 832 3708 Piscium
857 3667 1190 3721 progressus,
1219 3664 1436 3716 corpore
1470 3649 1694 3705 multum
1723 3650 2002 3704 imminuto

416 3763 481 3802 ac
509 3757 744 3818 syrmate
799 3744 1025 3798 breviori
1062 3742 1286 3812 e/fulsit.
1333 3743 1368 3798 4
1413 3740 1701 3796 Februarii
1737 3753 2002 3809 postremo

419 3841 706 3894 caudatum
734 3838 880 3892 licuit
916 3836 1282 3892 instrumentis
1305 3835 1604 3891 observare.
1647 3834 1801 3890 Visus
1827 3845 2003 3890 tamen

419 3949 580 4004 porro
624 3931 775 3984 nobis
811 3939 888 3985 est
917 3928 1274 3984 instarstellat
1306 3927 1572 3982 nebuloste
1588 3927 1643 3988 5.
1677 3929 1730 3994 7,
1767 3928 1835 3983 10
1853 3937 1902 3982 et
1937 3929 1997 3982 11

418 4021 698 4078 Februarii
729 4021 868 4074 inter
897 4035 1098 4074 cornua
1148 4018 1345 4073 Arietis
1405 4029 1457 4072 et
1488 4016 1687 4071 Linum
1745 4016 2002 4074 Piscium.

420 4113 680 4181 Deinceps
703 4127 826 4166 vero
859 4113 1020 4165 etiam
1056 4109 1121 4163 ab
1147 4110 1458 4164 acutissime
1489 4110 1782 4164 videntibus
1826 4113 2007 4177 depre-

417 4204 578 4265 hendi
608 4202 838 4271 amplius
883 4217 986 4256 non
1046 4203 1241 4270 potuit.
1290 4199 1432 4256 Hinc
1489 4209 1692 4254 constat
1748 4211 2005 4256 cometam

418 4296 558 4353 ltunc
589 4295 881 4350 niaximum
911 4310 1058 4350 sonat
1115 4294 1335 4347 torrida:
1373 4302 1575 4362 partem
1631 4292 2004 4360 perlustrasse,

420 4389 656 4460 adeoque
694 4387 892 4456 majori
928 4386 1126 4455 Africa
1152 4396 1200 4440 et
1238 4402 1446 4456 magna:
1473 4387 1615 4441 Asia:
1645 4401 1710 4440 ac
1742 4387 2005 4440 Armenias

420 4483 594 4554 parti,
613 4495 888 4552 nunquam
925 4487 1100 4533 tamen
1124 4477 1352 4548 Europa:
1377 4479 1675 4534 uerticalem
1705 4479 2002 4533 incessisse.

2169 2000 2231 2054 Ρ.
2257 1998 2386 2054 251.
2419 1999 2606 2053 Oratio
2637 1999 2989 2070 imperatoris
3016 2000 3121 2055 hoc
3145 1999 3324 2070 capite
3381 1999 3553 2053 relata
3585 1998 3693 2051 ob-

2089 2091 2422 2146 scurissima
2455 2090 2511 2144 in
2560 2089 2751 2145 Graeco
2772 2099 2878 2146 est.
2933 2090 3238 2146 Vaticanus
3287 2093 3691 2160 paraptirastes

2097 2197 2198 2254 pro
2233 2199 2297 2238 eo
2359 2185 2506 2252 quod
2567 2183 2742 2238 voluit
2802 2186 3117 2254 supposuit.
3179 2185 3292 2254 Ego
3350 2182 3686 2252 conjectura

2100 2284 2339 2329 mentem
2378 2277 2645 2338 auctoris.
2682 2285 2739 2330 ut
2769 2283 2955 2344 Spero,
2987 2285 3278 2332 assecutus
3330 2276 3530 2344 partim
3562 2289 3691 2327 ver-

2099 2370 2280 2432 sione,
2329 2368 2552 2436 partim,
2587 2367 2679 2422 ubi
2742 2369 2902 2423 aliter
2962 2382 3071 2423 non
3124 2368 3299 2438 potui,
3358 2365 3691 2436 paraphrasi

2097 2473 2217 2513 eam
2245 2460 2477 2526 etposui
2503 2474 2669 2528 quam
2699 2459 2851 2528 potui
2885 2458 3218 2515 clarissime.

2175 2549 2236 2604 P.
2261 2550 2392 2604 Q57.
2433 2549 2612 2604 Noctu
2641 2559 2768 2618 post
2816 2551 2975 2619 ﬁnem
2993 2549 3316 2619 bynuwdiaz.
3345 2548 3504 2612 Nam,
3540 2554 3602 2602 ut
3628 2547 3692 2602 in

2101 2640 2385 2696 Glossario
2413 2643 2582 2696 verbo
2615 2643 2915 2705 ἁκάθιστος
2944 2643 3248 2707 innuimus,
3297 2649 3413 2696 tota
3448 2655 3555 2694 nox
3591 2652 3696 2709 pa-

2106 2737 2380 2801 triarchae,
2448 2737 2622 2800 clero,
2685 2737 3010 2806 imperatori
3067 2745 3123 2790 et
3167 2736 3374 2805 populo
3407 2735 3693 2790 stantibus

2105 2829 2200 2882 illo
2260 2831 2402 2884 testo
2464 2830 2917 2898 pervigilabatur,
2977 2827 3244 2882 continua
3295 2826 3690 2881 decantationc

2107 2920 2443 2989 psalmorum
2469 2930 2523 2974 et
2557 2920 2911 2990 hymnorum.
2963 2931 3084 2989 qua:
3118 2927 3176 2973 ut
3205 2919 3426 2974 tandem
3467 2919 3574 2973 sub
3599 2915 3688 2972 di»

2107 3011 2349 3065 luculum
2404 3011 2589 3075 desiit,
2640 3011 2787 3064 hunc
2841 3010 2962 3066 loco
3033 3019 3090 3064 et
3149 3018 3393 3074 tempore
3467 3015 3693 3076 captato

2106 3112 2394 3158 accusator
2440 3102 2660 3160 Arsenii
2692 3103 2931 3158 libellum
2965 3102 3260 3157 delationis
3315 3100 3516 3155 obtulit
3573 3101 3695 3154 Au-

2107 3206 2292 3268 gusto.

2173 3289 2335 3362 651
2369 3287 2429 3344 P.
2449 3287 2577 3344 9.59.
2613 3287 2727 3342 Vox
2752 3286 3084 3340 ικιιλιιοιντο
3112 3286 3403 3341 emendata
3423 3299 3456 3338 ι
3483 3297 3575 3338 me
3604 3290 3694 3339 est

2105 3400 2172 3439 ex
2212 3383 2548 3451 conjectura,
2590 3396 2716 3437 cum
2751 3380 2877 3435 cod.
2918 3379 2957 3433 Β
2993 3380 3218 3435 haberet
3262 3377 3593 3447 ὲγκλείοντο,
3645 3379 3691 3430 Δ

2107 3492 2236 3531 vero
2279 3473 2628 3539 ὲκκλίνοιντο,
2682 3472 2988 3528 Vaticanus
3024 3485 3191 3542 porro
3225 3470 3480 3526 libertate
3522 3469 3694 3524 solita

2104 3581 2206 3636 pro
2227 3579 2293 3620 eo
2327 3564 2493 3619 verbo
2520 3571 2751 3634 poneret
2781 3563 3208 3632 ἀποστήσονται.
3247 3559 3538 3616 Sententia
3559 3574 3696 3614 vero

2105 3658 2213 3714 loci
2251 3655 2541 3712 manifeste
2570 3655 2815 3726 postulat
2842 3655 3193 3709 ὲκκλείοιντο.

2175 3754 2237 3808 Ρ.
2268 3751 2395 3806 261.
2433 3749 2753 3819 Imperatori
2784 3748 2947 3802 tribui
2981 3750 3270 3817 principem
3307 3745 3478 3801 locum
3506 3745 3561 3799 in
3602 3749 3695 3800 ‘co-

2104 3848 2338 3916 gnitione
2363 3860 2535 3898 rerum
2557 3843 3056 3899 ecclosiasticarum.
3081 3842 3198 3897 lam
3230 3841 3415 3895 manui
3442 3841 3496 3895 in
3529 3839 3696 3895 Clusa-

2106 3935 2253 3992 sario
2275 3935 2440 3989 verbo
2470 3935 2664 4003 ὲπιστη
2676 3933 2951 4004 μονάρχης
2969 3932 3342 4000 cognitionem
3363 3931 3524 3986 istam
3551 3929 3699 3985 meri

2107 4025 2220 4082 fere
2242 4024 2566 4088 testimonii,
2593 4039 2699 4077 non
2724 4023 3128 4094 iurisdictionis
3161 4034 3256 4076 aut
3295 4023 3554 4079 decisive
3591 4037 3667 4089 po

2107 4115 2323 4173 testalis
2357 4129 2501 4169 esse.
2533 4113 2628 4169 Sic
2654 4114 2800 4169 enim
2834 4114 3229 4168 Constantinus
3270 4112 3496 4181 Magnus
3522 4113 3704 4168 Nicae-

2107 4226 2207 4276 nte,
2239 4207 2550 4263 Marcianus
2578 4207 3034 4272 Chalcedonensi,
3062 4208 3155 4262 alii
3188 4206 3702 4276 aliisiinperntores

2107 4302 2334 4373 synodis
2371 4303 2807 4365 intervenerunt,
2839 4301 3026 4356 missis
3049 4303 3240 4364 etiam,
3271 4309 3394 4356 cum
3421 4294 3703 4354 interesse

2112 4393 2219 4463 ipsi
2254 4408 2362 4448 non
2393 4403 2665 4463 poterant.
2692 4392 2960 4462 delegatis
2984 4407 3014 4446 a
3047 4409 3109 4446 se
3128 4409 3142 4456 ;
3163 4394 3310 4461 quod
3342 4394 3396 4451 in
3423 4391 3706 4447 recentio-

2109 4484 2260 4543 ribus
2297 4499 2516 4554 quoque
2535 4483 2810 4542 cont-iliis.
2849 4490 2977 4549 puta
3033 4480 3380 4546 Tridentino,
3410 4490 3701 4536 servatum

423 4573 708 4634 Hactenus
740 4571 1044 4624 astronomi
1066 4569 1241 4624 nostri
1275 4568 1739 4638 lngolstadienses
1767 4571 1834 4623 de
1865 4572 2007 4638 prio-
2037 4600 2083 4658 Β
2111 4577 2338 4641 scimus,
2367 4586 2428 4630 ut
2449 4576 2507 4635 ίη
2544 4591 2611 4630 eo
2639 4573 2832 4644 legatis
2857 4573 3234 4642 pupa-3mm,
3271 4587 3457 4643 regum
3485 4585 3558 4625 οε
3592 4585 3706 4624 σε-

423 4668 474 4724 ri
500 4671 741 4728 cometa,
767 4661 1051 4716 Posterior
1085 4662 1235 4715 circa
1269 4662 1394 4718 Kal.
1434 4662 1640 4732 Aprilis
1687 4659 2004 4716 ostentandi

427 4757 517 4817 sui
550 4755 679 4810 fecit
733 4754 951 4810 initium
985 4753 1267 4807 contrario
1307 4753 1475 4822 priori
1529 4763 1724 4808 exortu
1751 4761 1806 4808 et
1836 4761 2010 4815 motu,

429 4849 605 4908 cauda
661 4846 894 4916 longiori
944 4845 1318 4912 detisiorique,
1363 4845 1431 4899 de
1469 4860 1576 4913 quo
1626 4845 1858 4900 videnda
1889 4861 2013 4913 quas

429 4961 555 5002 cum
584 4944 675 4999 alii
717 4943 854 4997 alibi
875 4942 982 5000 Viri
1014 4939 1347 5002 doctissnni,
1383 4947 1497 4992 tum
1536 4937 1696 4992 iidem
1733 4938 1885 5008 prius
1902 4955 2014 4992 me-

431 5030 626 5098 morati
652 5035 918 5091 Cassinns
952 5035 1159 5094 Batnae.
1207 5029 1522 5101 Grandamy
1573 5043 1756 5084 noster
1788 5029 2014 5086 Parisiis

432 5131 490 5188 in
517 5131 695 5186 lucem
731 5128 1048 5182 ediderunt.
1075 5123 1254 5180 Desiit
1275 5137 1546 5192 apparere
1597 5137 1626 5176 a
1657 5123 1773 5178 sole
1823 5123 2016 5179 absor-

431 5233 559 5295 ptus
605 5221 828 5276 circiter
867 5219 1010 5272 diem
1038 5217 1105 5273 i9
1159 5209 1384 5286 Aprilis,
1427 5229 1537 5284 quo
1568 5214 1658 5270 die
1696 5231 1820 5270 cum
1853 5215 1913 5271 S.
1947 5214 2012 5270 D.

432 5314 842 5375 N.Alexander
868 5310 958 5366 VII
1025 5312 1113 5365 bic
1149 5308 1338 5364 Romae
1399 5309 1451 5363 in
1488 5309 1721 5364 Basilica
1779 5310 1837 5364 ὃ.
1868 5307 2014 5363 Petri

435 5408 847 5469 solomnissima
875 5406 1207 5460 czeremonia
1256 5403 1314 5461 Β.
1351 5402 1706 5459 Franciscum
1749 5403 1817 5459 de
1863 5403 2017 5460 Sales

434 5502 752 5572 cpiscOpuni
785 5499 1168 5555 Genevensem
1207 5498 1308 5552 rite
1346 5509 1662 5552 sanctorum
1694 5497 1819 5551 albo
1844 5498 2019 5551 ascri-

437 5595 660 5670 psisset.
692 5594 810 5648 visa
845 5591 975 5647 mihi
1010 5600 1095 5646 est
1125 5591 1243 5674 lianc
1259 5592 1532 5662 συγκυρία
1582 5591 1710 5644 novi
1765 5590 2016 5662 indigetis

435 5701 701 5756 superum
743 5685 934 5741 choris
967 5673 1162 5739 inserti
1188 5691 1242 5737 et
1267 5685 1644 5738 evanescentis
1671 5694 1899 5737 cometae
1933 5699 2022 5736 ar-

435 5789 758 5852 gumentum
803 5792 915 5833 non
951 5776 1233 5847 illepidum
1273 5775 1712 5844 epigrammatis,
1741 5784 1796 5828 et
1831 5777 2019 5830 remisi

431 5870 826 5939 melibentcre
852 5871 1080 5930 tristitia
1117 5885 1350 5926 morosa
1397 5870 1780 5939 oecupationis
1813 5870 1866 5923 iu
1910 5885 2015 5927 non

2113 4683 2354 4726 terorum
2402 4669 2712 4739 principum
2757 4666 3124 4730 saecularium,
3169 4667 3320 4721 locus
3362 4661 3705 4718 tribueretur

2115 4775 2225 4814 non
2257 4773 2383 4813 enin
2431 4756 2558 4826 jure
2601 4754 2816 4812 ferendi
2865 4753 2934 4807 ad
2994 4754 3330 4812 decisionem
3379 4753 3704 4821 dogmatnsn

2113 4847 2381 4919 suﬂ‘ragii,
2401 4847 2498 4906 sed
2524 4855 2585 4899 ut
2617 4856 2784 4900 testes
2806 4853 2994 4899 essent
3025 4853 3273 4899 actorum
3299 4843 3574 4912 primique
3607 4857 3707 4894 co-

2116 4951 2451 5012 gnoscerent
2479 4938 2752 5010 vulganda
2779 4936 3132 5008 postmodum
3172 4937 3228 4992 in
3265 4935 3515 5005 populos,
3557 4933 3706 4987 inte-

2115 5039 2328 5107 rimque
2357 5035 2687 5090 auctoritate
2739 5050 2803 5088 ac
2845 5044 3116 5103 potestate
3158 5033 3452 5104 principali
3481 5031 3706 5084 liberta-

2116 5141 2249 5196 tem,
2281 5127 2840 5190 securitatem,otium
2873 5126 3300 5180 decernentibus
3343 5125 3596 5178 Patrilms
3629 5125 3709 5175 la-

2116 5231 2325 5279 cerent.
2373 5221 2464 5278 hic
2508 5221 2565 5276 in
2609 5219 2904 5274 collatione
2927 5217 3369 5290 Carthaginiensi,
3414 5218 3505 5271 ubi
3539 5233 3706 5271 emiss

2120 5312 2534 5372 Donatistarum
2566 5313 2933 5372 tractabatur,
2975 5326 3096 5366 cum
3133 5310 3394 5376 episcopis
3431 5308 3705 5376 ingressus

2117 5418 2196 5465 est
2231 5408 2418 5476 (verba
2449 5413 2579 5460 sunt
2613 5404 2868 5474 epitonia:
2904 5402 3223 5463 Baroniana:
3255 5400 3537 5471 Spoiidani
3574 5416 3704 5454 ann.

2120 5501 2216 5556 Hi
2269 5515 2328 5553 n.
2375 5497 2430 5567 4)
2470 5496 2630 5551 etiam
2665 5493 3011 5548 Marcellinus
3053 5495 3106 5548 in
3147 5503 3321 5547 locum
3367 5495 3437 5545 ad
3475 5493 3713 5546 collatio-

2121 5611 2236 5648 nem
2267 5601 2515 5664 paratum
2538 5628 2552 5652 ,
2585 5590 2676 5659 qui
2719 5588 2930 5657 quidem
2959 5603 3058 5638 non
3090 5585 3261 5640 solum
3291 5584 3536 5637 tribunus
3568 5585 3710 5638 mili-

2123 5687 2257 5739 taris
2301 5693 2437 5746 erat,
2479 5684 2570 5734 sed
2601 5690 2649 5732 et
2685 5680 2948 5737 notarius,
2983 5677 3181 5729 boc'cst
3225 5693 3258 5727 a
3305 5679 3520 5728 secretis
3555 5678 3715 5740 impe-

2123 5779 2341 5840 ratoris,
2379 5786 2435 5828 ut
2459 5783 2661 5828 constat
2683 5789 2747 5826 ea
2775 5771 2928 5823 titulo
2957 5773 3196 5838 epistolae
3217 5769 3707 5822 catholicorum-md

2125 5874 2292 5938 ipsum
2346 5879 2467 5922 ante
2517 5866 2857 5920 collationem
2893 5865 3129 5932 scriptun
3182 5860 3295 5914 Nec
3330 5872 3503 5914 tamen
3533 5866 3584 5915 in
3615 5863 3714 5918 illa
