  <div class='ocr_page' id='page_1' title='image "/cluster/home/n/w/nwhite01/storage/ocr_20150623/143/hvd.32044019208321/594.png"; bbox 0 0 3992 6532; ppageno 0'>
   <div class='ocr_carea' id='block_1_1' title="bbox 227 411 364 482">
    <p class='ocr_par' dir='ltr' id='par_1_1' title="bbox 227 411 364 482">
     <span class='ocr_line' id='line_1_1' title="bbox 227 411 364 482; baseline 0.007 -7"><span class='ocrx_word' id='word_1_1' title='bbox 227 411 364 482; x_wconf 80' lang='grc'><strong>1113</strong></span> 
     </span>
    </p>
   </div>
   <div class='ocr_carea' id='block_1_2' title="bbox 1742 394 1989 456">
    <p class='ocr_par' dir='ltr' id='par_1_2' title="bbox 1742 394 1989 456">
     <span class='ocr_line' id='line_1_2' title="bbox 1742 394 1989 456; baseline 0 0"><span class='ocrx_word' id='word_1_2' title='bbox 1742 394 1989 456; x_wconf 63' lang='lat' dir='ltr'><strong><em>NOTAE.</em></strong></span> 
     </span>
    </p>
   </div>
   <div class='ocr_carea' id='block_1_3' title="bbox 3365 369 3505 439">
    <p class='ocr_par' dir='ltr' id='par_1_3' title="bbox 3365 369 3505 439">
     <span class='ocr_line' id='line_1_3' title="bbox 3365 369 3505 439; baseline -0.007 0"><span class='ocrx_word' id='word_1_3' title='bbox 3365 369 3505 439; x_wconf 61' lang='lat' dir='ltr'><strong><em>illi</em></strong></span> 
     </span>
    </p>
   </div>
   <div class='ocr_carea' id='block_1_4' title="bbox 222 487 3507 595">
    <p class='ocr_par' dir='ltr' id='par_1_4' title="bbox 222 487 3507 595">
     <span class='ocr_line' id='line_1_4' title="bbox 222 487 3507 595; baseline -0.015 -9"><span class='ocrx_word' id='word_1_4' title='bbox 222 530 505 587; x_wconf 81' lang='lat' dir='ltr'><strong><em>collatione</em></strong></span> <span class='ocrx_word' id='word_1_5' title='bbox 534 525 733 595; x_wconf 79' lang='lat' dir='ltr'><strong><em>judicis</em></strong></span> <span class='ocrx_word' id='word_1_6' title='bbox 774 523 1108 589; x_wconf 81' lang='lat' dir='ltr'><strong><em>simpliciter,</em></strong></span> <span class='ocrx_word' id='word_1_7' title='bbox 1154 520 1244 576; x_wconf 85' lang='lat' dir='ltr'><strong><em>sed</em></strong></span> <span class='ocrx_word' id='word_1_8' title='bbox 1293 518 1579 590; x_wconf 86' lang='lat' dir='ltr'><strong><em>cognitoris</em></strong></span> <span class='ocrx_word' id='word_1_9' title='bbox 1619 531 1805 570; x_wconf 81' lang='lat' dir='ltr'><strong><em>nomen</em></strong></span> <span class='ocrx_word' id='word_1_10' title='bbox 1839 518 1879 573; x_wconf 77' lang='grc' dir='ltr'>Α</span> <span class='ocrx_word' id='word_1_11' title='bbox 1909 514 1963 567; x_wconf 90' lang='lat' dir='ltr'><strong><em>in</em></strong></span> <span class='ocrx_word' id='word_1_12' title='bbox 1993 510 2133 565; x_wconf 85' lang='lat' dir='ltr'><strong><em>serie</em></strong></span> <span class='ocrx_word' id='word_1_13' title='bbox 2170 504 2605 579; x_wconf 63' lang='lat' dir='ltr'><strong><em>patriarcharum</em></strong></span> <span class='ocrx_word' id='word_1_14' title='bbox 2632 498 2966 555; x_wconf 70' lang='lat' dir='ltr'><strong><em>Graecorum.</em></strong></span> <span class='ocrx_word' id='word_1_15' title='bbox 3028 487 3163 595; x_wconf 37' lang='lat' dir='ltr'><strong><em>Nalm</em></strong></span> <span class='ocrx_word' id='word_1_16' title='bbox 3193 487 3507 595; x_wconf 48' lang='lat' dir='ltr'><strong><em>Gerontius</em></strong></span> 
     </span>
    </p>
   </div>
   <div class='ocr_carea' id='block_1_5' title="bbox 222 609 1805 689">
    <p class='ocr_par' dir='ltr' id='par_1_5' title="bbox 222 609 1805 689">
     <span class='ocr_line' id='line_1_5' title="bbox 222 609 1805 689; baseline -0.011 -13"><span class='ocrx_word' id='word_1_17' title='bbox 222 637 332 689; x_wconf 75' lang='lat' dir='ltr'><strong><em>pro:</em></strong></span> <span class='ocrx_word' id='word_1_18' title='bbox 357 636 414 674; x_wconf 85' lang='lat' dir='ltr'><strong><em>se</em></strong></span> <span class='ocrx_word' id='word_1_19' title='bbox 447 618 585 674; x_wconf 78' lang='lat' dir='ltr'><strong><em>tulit.</em></strong></span> <span class='ocrx_word' id='word_1_20' title='bbox 617 616 703 669; x_wconf 79' lang='lat' dir='ltr'><strong><em>Ita</em></strong></span> <span class='ocrx_word' id='word_1_21' title='bbox 730 618 867 670; x_wconf 83' lang='lat' dir='ltr'><strong><em>enim</em></strong></span> <span class='ocrx_word' id='word_1_22' title='bbox 899 618 1175 668; x_wconf 84' lang='lat' dir='ltr'><strong><em>nominare</em></strong></span> <span class='ocrx_word' id='word_1_23' title='bbox 1216 613 1478 666; x_wconf 72' lang='lat' dir='ltr'><strong><em>consuevit</em></strong></span> <span class='ocrx_word' id='word_1_24' title='bbox 1519 609 1805 678; x_wconf 84' lang='lat' dir='ltr'><strong><em>antiquitas</em></strong></span> 
     </span>
    </p>
   </div>
   <div class='ocr_carea' id='block_1_6' title="bbox 220 701 1812 782">
    <p class='ocr_par' dir='ltr' id='par_1_6' title="bbox 220 701 1812 782">
     <span class='ocr_line' id='line_1_6' title="bbox 220 701 1812 782; baseline -0.01 -18"><span class='ocrx_word' id='word_1_25' title='bbox 220 712 432 782; x_wconf 78' lang='lat' dir='ltr'><strong><em>judices</em></strong></span> <span class='ocrx_word' id='word_1_26' title='bbox 461 707 765 771; x_wconf 74' lang='lat' dir='ltr'><strong><em>stcculares.</em></strong></span> <span class='ocrx_word' id='word_1_27' title='bbox 804 721 1025 776; x_wconf 81' lang='lat' dir='ltr'><strong><em>quorum</em></strong></span> <span class='ocrx_word' id='word_1_28' title='bbox 1066 704 1291 759; x_wconf 88' lang='lat' dir='ltr'><strong><em>arbitrio</em></strong></span> <span class='ocrx_word' id='word_1_29' title='bbox 1339 713 1531 756; x_wconf 83' lang='lat' dir='ltr'><strong><em>cuncta</em></strong></span> <span class='ocrx_word' id='word_1_30' title='bbox 1568 701 1812 765; x_wconf 84' lang='lat' dir='ltr'><strong><em>dispone-</em></strong></span> 
     </span>
    </p>
   </div>
   <div class='ocr_carea' id='block_1_7' title="bbox 228 792 1814 870">
    <p class='ocr_par' dir='ltr' id='par_1_7' title="bbox 228 792 1814 870">
     <span class='ocr_line' id='line_1_7' title="bbox 228 792 1814 870; baseline -0.01 -11"><span class='ocrx_word' id='word_1_31' title='bbox 228 816 430 867; x_wconf 81' lang='lat' dir='ltr'><strong><em>rentur,</em></strong></span> <span class='ocrx_word' id='word_1_32' title='bbox 462 804 550 857; x_wconf 84' lang='lat' dir='ltr'><strong><em>sed</em></strong></span> <span class='ocrx_word' id='word_1_33' title='bbox 581 804 655 856; x_wconf 90' lang='lat' dir='ltr'><strong><em>ita</em></strong></span> <span class='ocrx_word' id='word_1_34' title='bbox 688 814 745 854; x_wconf 87' lang='lat' dir='ltr'><strong><em>ut</em></strong></span> <span class='ocrx_word' id='word_1_35' title='bbox 772 803 1035 870; x_wconf 80' lang='lat' dir='ltr'><strong><em>integrum</em></strong></span> <span class='ocrx_word' id='word_1_36' title='bbox 1066 801 1323 861; x_wconf 81' lang='lat' dir='ltr'><strong><em>iudicium</em></strong></span> <span class='ocrx_word' id='word_1_37' title='bbox 1366 797 1622 865; x_wconf 81' lang='lat' dir='ltr'><strong><em>episcopis</em></strong></span> <span class='ocrx_word' id='word_1_38' title='bbox 1650 792 1814 845; x_wconf 82' lang='lat' dir='ltr'><strong><em>relin—</em></strong></span> 
     </span>
    </p>
   </div>
   <div class='ocr_carea' id='block_1_8' title="bbox 228 883 1811 967">
    <p class='ocr_par' dir='ltr' id='par_1_8' title="bbox 228 883 1811 967">
     <span class='ocr_line' id='line_1_8' title="bbox 228 883 1811 967; baseline -0.011 -16"><span class='ocrx_word' id='word_1_39' title='bbox 228 907 464 967; x_wconf 48' lang='lat' dir='ltr'><strong><em>querent,</em></strong></span> <span class='ocrx_word' id='word_1_40' title='bbox 494 912 586 949; x_wconf 80' lang='lat' dir='ltr'><strong><em>nec</em></strong></span> <span class='ocrx_word' id='word_1_41' title='bbox 608 894 807 964; x_wconf 80' lang='lat' dir='ltr'><strong><em>aliquid</em></strong></span> <span class='ocrx_word' id='word_1_42' title='bbox 839 894 937 959; x_wconf 79' lang='lat' dir='ltr'><strong><em>ipsi</em></strong></span> <span class='ocrx_word' id='word_1_43' title='bbox 965 895 1062 946; x_wconf 79' lang='lat' dir='ltr'><strong><em>sibi</em></strong></span> <span class='ocrx_word' id='word_1_44' title='bbox 1094 900 1414 959; x_wconf 83' lang='lat' dir='ltr'><strong><em>usurparent</em></strong></span> <span class='ocrx_word' id='word_1_45' title='bbox 1439 890 1543 943; x_wconf 81' lang='lat' dir='ltr'><strong><em>nisi</em></strong></span> <span class='ocrx_word' id='word_1_46' title='bbox 1563 887 1703 957; x_wconf 79' lang='lat' dir='ltr'><strong><em>quod</em></strong></span> <span class='ocrx_word' id='word_1_47' title='bbox 1743 883 1811 935; x_wconf 84' lang='lat' dir='ltr'><strong><em>ad</em></strong></span> 
     </span>
    </p>
   </div>
   <div class='ocr_carea' id='block_1_9' title="bbox 232 979 1814 1057">
    <p class='ocr_par' dir='ltr' id='par_1_9' title="bbox 232 979 1814 1057">
     <span class='ocr_line' id='line_1_9' title="bbox 232 979 1814 1057; baseline -0.008 -16"><span class='ocrx_word' id='word_1_48' title='bbox 232 1008 401 1057; x_wconf 69' lang='lat' dir='ltr'><strong><em>pacem</em></strong></span> <span class='ocrx_word' id='word_1_49' title='bbox 431 1005 491 1042; x_wconf 86' lang='lat' dir='ltr'><strong><em>ac</em></strong></span> <span class='ocrx_word' id='word_1_50' title='bbox 540 990 772 1056; x_wconf 85' lang='lat' dir='ltr'><strong><em>quietum</em></strong></span> <span class='ocrx_word' id='word_1_51' title='bbox 805 1002 1140 1055; x_wconf 72' lang='lat' dir='ltr'><strong><em>congressum</em></strong></span> <span class='ocrx_word' id='word_1_52' title='bbox 1186 987 1496 1054; x_wconf 83' lang='lat' dir='ltr'><strong><em>pertineret,</em></strong></span> <span class='ocrx_word' id='word_1_53' title='bbox 1551 990 1709 1049; x_wconf 76' lang='lat' dir='ltr'><strong><em>utque</em></strong></span> <span class='ocrx_word' id='word_1_54' title='bbox 1759 979 1814 1030; x_wconf 88' lang='lat' dir='ltr'><strong><em>in</em></strong></span> 
     </span>
    </p>
   </div>
   <div class='ocr_carea' id='block_1_10' title="bbox 228 1072 1814 1147">
    <p class='ocr_par' dir='ltr' id='par_1_10' title="bbox 228 1072 1814 1147">
     <span class='ocr_line' id='line_1_10' title="bbox 228 1072 1814 1147; baseline -0.006 -16"><span class='ocrx_word' id='word_1_55' title='bbox 228 1080 473 1131; x_wconf 84' lang='lat' dir='ltr'><strong><em>omnibus</em></strong></span> <span class='ocrx_word' id='word_1_56' title='bbox 514 1081 673 1147; x_wconf 84' lang='lat' dir='ltr'><strong><em>pac&#39;ta</em></strong></span> <span class='ocrx_word' id='word_1_57' title='bbox 724 1089 975 1130; x_wconf 79' lang='lat' dir='ltr'><strong><em>conventa</em></strong></span> <span class='ocrx_word' id='word_1_58' title='bbox 1018 1085 1455 1129; x_wconf 74' lang='lat' dir='ltr'><strong><em>conservarentur</em></strong></span> <span class='ocrx_word' id='word_1_59' title='bbox 1481 1074 1585 1135; x_wconf 84' lang='lat' dir='ltr'><strong><em>,-in</em></strong></span> <span class='ocrx_word' id='word_1_60' title='bbox 1624 1072 1814 1139; x_wconf 84' lang='lat' dir='ltr'><strong><em>quibus</em></strong></span> 
     </span>
    </p>
   </div>
   <div class='ocr_carea' id='block_1_11' title="bbox 231 1164 1817 1236">
    <p class='ocr_par' dir='ltr' id='par_1_11' title="bbox 231 1164 1817 1236">
     <span class='ocr_line' id='line_1_11' title="bbox 231 1164 1817 1236; baseline -0.007 -13"><span class='ocrx_word' id='word_1_61' title='bbox 231 1173 332 1223; x_wconf 82' lang='lat' dir='ltr'><strong><em>rite</em></strong></span> <span class='ocrx_word' id='word_1_62' title='bbox 374 1170 688 1224; x_wconf 81' lang='lat' dir='ltr'><strong><em>ordmandis</em></strong></span> <span class='ocrx_word' id='word_1_63' title='bbox 733 1170 901 1222; x_wconf 79' lang='lat' dir='ltr'><strong><em>eidem</em></strong></span> <span class='ocrx_word' id='word_1_64' title='bbox 940 1166 1323 1236; x_wconf 75' lang='lat' dir='ltr'><strong><em>interioquendi</em></strong></span> <span class='ocrx_word' id='word_1_65' title='bbox 1376 1164 1606 1233; x_wconf 74' lang='lat' dir='ltr'><strong><em>facultas</em></strong></span> <span class='ocrx_word' id='word_1_66' title='bbox 1648 1174 1817 1224; x_wconf 83' lang='lat' dir='ltr'><strong><em>esset;</em></strong></span> 
     </span>
    </p>
   </div>
   <div class='ocr_carea' id='block_1_12' title="bbox 232 1254 1818 1327">
    <p class='ocr_par' dir='ltr' id='par_1_12' title="bbox 232 1254 1818 1327">
     <span class='ocr_line' id='line_1_12' title="bbox 232 1254 1818 1327; baseline -0.006 -11"><span class='ocrx_word' id='word_1_67' title='bbox 232 1271 391 1327; x_wconf 81' lang='lat' dir='ltr'><strong><em>atque</em></strong></span> <span class='ocrx_word' id='word_1_68' title='bbox 437 1262 649 1315; x_wconf 84' lang='lat' dir='ltr'><strong><em>demum</em></strong></span> <span class='ocrx_word' id='word_1_69' title='bbox 703 1259 858 1327; x_wconf 77' lang='lat' dir='ltr'><strong><em>cujus</em></strong></span> <span class='ocrx_word' id='word_1_70' title='bbox 907 1259 1220 1312; x_wconf 83' lang='lat' dir='ltr'><strong><em>aiterutrius</em></strong></span> <span class='ocrx_word' id='word_1_71' title='bbox 1254 1259 1421 1324; x_wconf 86' lang='lat' dir='ltr'><strong><em>partis</em></strong></span> <span class='ocrx_word' id='word_1_72' title='bbox 1463 1255 1670 1323; x_wconf 78' lang='lat' dir='ltr'><strong><em>potiora</em></strong></span> <span class='ocrx_word' id='word_1_73' title='bbox 1694 1254 1818 1321; x_wconf 78' lang='lat' dir='ltr'><strong><em>jura</em></strong></span> 
     </span>
    </p>
   </div>
   <div class='ocr_carea' id='block_1_13' title="bbox 231 1347 1823 1419">
    <p class='ocr_par' dir='ltr' id='par_1_13' title="bbox 231 1347 1823 1419">
     <span class='ocr_line' id='line_1_13' title="bbox 231 1347 1823 1419; baseline -0.008 -9"><span class='ocrx_word' id='word_1_74' title='bbox 231 1363 424 1416; x_wconf 81' lang='lat' dir='ltr'><strong><em>essent,</em></strong></span> <span class='ocrx_word' id='word_1_75' title='bbox 451 1367 516 1404; x_wconf 75' lang='lat' dir='ltr'><strong><em>ea:</em></strong></span> <span class='ocrx_word' id='word_1_76' title='bbox 544 1367 691 1419; x_wconf 78' lang='lat' dir='ltr'><strong><em>teth</em></strong></span> <span class='ocrx_word' id='word_1_77' title='bbox 726 1352 1071 1416; x_wconf 77' lang='lat' dir='ltr'><strong><em>pronuntiare</em></strong></span> <span class='ocrx_word' id='word_1_78' title='bbox 1106 1350 1368 1402; x_wconf 81' lang='lat' dir='ltr'><strong><em>deberent.</em></strong></span> <span class='ocrx_word' id='word_1_79' title='bbox 1404 1347 1471 1402; x_wconf 85' lang='lat' dir='ltr'><strong><em>Ut</em></strong></span> <span class='ocrx_word' id='word_1_80' title='bbox 1505 1349 1567 1399; x_wconf 86' lang='lat' dir='ltr'><strong><em>de</em></strong></span> <span class='ocrx_word' id='word_1_81' title='bbox 1590 1347 1675 1399; x_wconf 81' lang='lat' dir='ltr'><strong><em>Itis</em></strong></span> <span class='ocrx_word' id='word_1_82' title='bbox 1714 1362 1823 1399; x_wconf 87' lang='lat' dir='ltr'><strong><em>ont-</em></strong></span> 
     </span>
    </p>
   </div>
   <div class='ocr_carea' id='block_1_14' title="bbox 230 1439 1818 1511">
    <p class='ocr_par' dir='ltr' id='par_1_14' title="bbox 230 1439 1818 1511">
     <span class='ocr_line' id='line_1_14' title="bbox 230 1439 1818 1511; baseline -0.005 -14"><span class='ocrx_word' id='word_1_83' title='bbox 230 1444 385 1497; x_wconf 82' lang='lat' dir='ltr'><strong><em>stibtts</em></strong></span> <span class='ocrx_word' id='word_1_84' title='bbox 407 1453 612 1496; x_wconf 77' lang='lat' dir='ltr'><strong><em>constat</em></strong></span> <span class='ocrx_word' id='word_1_85' title='bbox 641 1459 758 1494; x_wconf 82' lang='lat' dir='ltr'><strong><em>cum</em></strong></span> <span class='ocrx_word' id='word_1_86' title='bbox 786 1458 851 1494; x_wconf 73' lang='lat' dir='ltr'><strong><em>ea:</em></strong></span> <span class='ocrx_word' id='word_1_87' title='bbox 876 1443 1001 1508; x_wconf 77' lang='lat' dir='ltr'><strong><em>ipsis</em></strong></span> <span class='ocrx_word' id='word_1_88' title='bbox 1030 1445 1159 1494; x_wconf 81' lang='lat' dir='ltr'><strong><em>actis</em></strong></span> <span class='ocrx_word' id='word_1_89' title='bbox 1190 1442 1464 1511; x_wconf 79' lang='lat' dir='ltr'><strong><em>prtcsentis</em></strong></span> <span class='ocrx_word' id='word_1_90' title='bbox 1503 1439 1818 1504; x_wconf 73' lang='lat' dir='ltr'><strong><em>collat&#39;onis,</em></strong></span> 
     </span>
    </p>
   </div>
   <div class='ocr_carea' id='block_1_15' title="bbox 234 1530 1822 1601">
    <p class='ocr_par' dir='ltr' id='par_1_15' title="bbox 234 1530 1822 1601">
     <span class='ocr_line' id='line_1_15' title="bbox 234 1530 1822 1601; baseline -0.006 -12"><span class='ocrx_word' id='word_1_91' title='bbox 234 1546 344 1590; x_wconf 85' lang='lat' dir='ltr'><strong><em>tum</em></strong></span> <span class='ocrx_word' id='word_1_92' title='bbox 370 1550 436 1586; x_wconf 71' lang='lat' dir='ltr'><strong><em>ex</em></strong></span> <span class='ocrx_word' id='word_1_93' title='bbox 464 1534 589 1585; x_wconf 76' lang='lat' dir='ltr'><strong><em>aliis</em></strong></span> <span class='ocrx_word' id='word_1_94' title='bbox 631 1535 961 1585; x_wconf 79' lang='lat' dir='ltr'><strong><em>diversarum</em></strong></span> <span class='ocrx_word' id='word_1_95' title='bbox 1011 1536 1355 1601; x_wconf 73' lang='lat' dir='ltr'><strong><em>synodos-um.</em></strong></span> <span class='ocrx_word' id='word_1_96' title='bbox 1410 1547 1472 1583; x_wconf 85' lang='lat' dir='ltr'><strong><em>ac</em></strong></span> <span class='ocrx_word' id='word_1_97' title='bbox 1518 1530 1822 1598; x_wconf 68' lang='lat' dir='ltr'><strong><em>praesertim</em></strong></span> 
     </span>
    </p>
   </div>
   <div class='ocr_carea' id='block_1_16' title="bbox 230 1622 1821 1693">
    <p class='ocr_par' dir='ltr' id='par_1_16' title="bbox 230 1622 1821 1693">
     <span class='ocr_line' id='line_1_16' title="bbox 230 1622 1821 1693; baseline -0.006 -13"><span class='ocrx_word' id='word_1_98' title='bbox 230 1626 674 1680; x_wconf 73' lang='lat' dir='ltr'><strong><em>tecumenicarum</em></strong></span> <span class='ocrx_word' id='word_1_99' title='bbox 733 1625 916 1693; x_wconf 79' lang='lat' dir='ltr'><strong><em>gestis.</em></strong></span> <span class='ocrx_word' id='word_1_100' title='bbox 992 1622 1067 1674; x_wconf 83' lang='lat' dir='ltr'><strong><em>Ita</em></strong></span> <span class='ocrx_word' id='word_1_101' title='bbox 1119 1622 1385 1675; x_wconf 72' lang='lat' dir='ltr'><strong><em>llaronius</em></strong></span> <span class='ocrx_word' id='word_1_102' title='bbox 1455 1622 1598 1689; x_wconf 89' lang='lat' dir='ltr'><strong><em>apud</em></strong></span> <span class='ocrx_word' id='word_1_103' title='bbox 1661 1635 1821 1675; x_wconf 88' lang='lat' dir='ltr'><strong><em>suum</em></strong></span> 
     </span>
    </p>
   </div>
   <div class='ocr_carea' id='block_1_17' title="bbox 233 1713 1825 1785">
    <p class='ocr_par' dir='ltr' id='par_1_17' title="bbox 233 1713 1825 1785">
     <span class='ocr_line' id='line_1_17' title="bbox 233 1713 1825 1785; baseline -0.005 -13"><span class='ocrx_word' id='word_1_104' title='bbox 233 1717 680 1785; x_wconf 79' lang='lat' dir='ltr'><strong><em>epitomatorem.</em></strong></span> <span class='ocrx_word' id='word_1_105' title='bbox 706 1715 785 1768; x_wconf 78' lang='lat' dir='ltr'><strong><em>Ex</em></strong></span> <span class='ocrx_word' id='word_1_106' title='bbox 823 1714 1027 1780; x_wconf 82' lang='lat' dir='ltr'><strong><em>quibus</em></strong></span> <span class='ocrx_word' id='word_1_107' title='bbox 1062 1713 1239 1767; x_wconf 77' lang='lat' dir='ltr'><strong><em>cuivis</em></strong></span> <span class='ocrx_word' id='word_1_108' title='bbox 1269 1728 1390 1767; x_wconf 86' lang='lat' dir='ltr'><strong><em>esse</em></strong></span> <span class='ocrx_word' id='word_1_109' title='bbox 1422 1713 1640 1780; x_wconf 85' lang='lat' dir='ltr'><strong><em>planum</em></strong></span> <span class='ocrx_word' id='word_1_110' title='bbox 1672 1720 1825 1778; x_wconf 83' lang='lat' dir='ltr'><strong><em>pote-</em></strong></span> 
     </span>
    </p>
   </div>
   <div class='ocr_carea' id='block_1_18' title="bbox 234 1803 1825 1875">
    <p class='ocr_par' dir='ltr' id='par_1_18' title="bbox 234 1803 1825 1875">
     <span class='ocr_line' id='line_1_18' title="bbox 234 1803 1825 1875; baseline -0.002 -15"><span class='ocrx_word' id='word_1_111' title='bbox 234 1808 303 1861; x_wconf 85' lang='lat' dir='ltr'><strong><em>rit</em></strong></span> <span class='ocrx_word' id='word_1_112' title='bbox 331 1817 607 1875; x_wconf 73' lang='lat' dir='ltr'><strong><em>quatenus</em></strong></span> <span class='ocrx_word' id='word_1_113' title='bbox 639 1821 699 1859; x_wconf 89' lang='lat' dir='ltr'><strong><em>se</em></strong></span> <span class='ocrx_word' id='word_1_114' title='bbox 722 1804 984 1859; x_wconf 62' lang='lat' dir='ltr'><strong><em>extendat</em></strong></span> <span class='ocrx_word' id='word_1_115' title='bbox 1017 1807 1129 1857; x_wconf 72' lang='lat' dir='ltr'><strong><em>haec</em></strong></span> <span class='ocrx_word' id='word_1_116' title='bbox 1147 1805 1635 1871; x_wconf 63' lang='grc' dir='ltr'><strong><em>ὲπιστηςωναρχία,</em></strong></span> <span class='ocrx_word' id='word_1_117' title='bbox 1679 1803 1825 1870; x_wconf 87' lang='lat' dir='ltr'><strong><em>prin-</em></strong></span> 
     </span>
    </p>
   </div>
   <div class='ocr_carea' id='block_1_19' title="bbox 1915 577 3509 671">
    <p class='ocr_par' dir='ltr' id='par_1_19' title="bbox 1915 577 3509 671">
     <span class='ocr_line' id='line_1_19' title="bbox 1915 577 3509 671; baseline -0.02 -12"><span class='ocrx_word' id='word_1_118' title='bbox 1915 601 2440 671; x_wconf 77' lang='lat' dir='ltr'><strong><em>Adrianopolilanus</em></strong></span> <span class='ocrx_word' id='word_1_119' title='bbox 2474 590 2747 648; x_wconf 77' lang='lat' dir='ltr'><strong><em>successit</em></strong></span> <span class='ocrx_word' id='word_1_120' title='bbox 2798 583 3052 645; x_wconf 82' lang='lat' dir='ltr'><strong><em>Arsenio,</em></strong></span> <span class='ocrx_word' id='word_1_121' title='bbox 3088 578 3352 634; x_wconf 82' lang='lat' dir='ltr'><strong><em>Arscnius</em></strong></span> <span class='ocrx_word' id='word_1_122' title='bbox 3395 577 3509 629; x_wconf 81' lang='lat' dir='ltr'><strong><em>Ma-</em></strong></span> 
     </span>
    </p>
   </div>
   <div class='ocr_carea' id='block_1_20' title="bbox 1919 666 3506 757">
    <p class='ocr_par' dir='ltr' id='par_1_20' title="bbox 1919 666 3506 757">
     <span class='ocr_line' id='line_1_20' title="bbox 1919 666 3506 757; baseline -0.019 -9"><span class='ocrx_word' id='word_1_123' title='bbox 1919 694 2086 757; x_wconf 88' lang='lat' dir='ltr'><strong><em>nueli,</em></strong></span> <span class='ocrx_word' id='word_1_124' title='bbox 2123 666 2335 744; x_wconf 36' lang='lat' dir='ltr'><strong><em>M&#39;anuel</em></strong></span> <span class='ocrx_word' id='word_1_125' title='bbox 2374 684 2667 747; x_wconf 81' lang='lat' dir='ltr'><strong><em>Methodio,</em></strong></span> <span class='ocrx_word' id='word_1_126' title='bbox 2711 675 3021 733; x_wconf 80' lang='lat' dir='ltr'><strong><em>Methodius</em></strong></span> <span class='ocrx_word' id='word_1_127' title='bbox 3043 671 3319 725; x_wconf 84' lang='lat' dir='ltr'><strong><em>Germano</em></strong></span> <span class='ocrx_word' id='word_1_128' title='bbox 3355 666 3506 722; x_wconf 84' lang='lat' dir='ltr'><strong><em>Nau-</em></strong></span> 
     </span>
    </p>
   </div>
   <div class='ocr_carea' id='block_1_21' title="bbox 1919 761 3504 857">
    <p class='ocr_par' dir='ltr' id='par_1_21' title="bbox 1919 761 3504 857">
     <span class='ocr_line' id='line_1_21' title="bbox 1919 761 3504 857; baseline -0.02 -16"><span class='ocrx_word' id='word_1_129' title='bbox 1919 787 2050 857; x_wconf 84' lang='lat' dir='ltr'><strong><em>p&#39;io.</em></strong></span> <span class='ocrx_word' id='word_1_130' title='bbox 2090 784 2245 837; x_wconf 75' lang='lat' dir='ltr'><strong><em>iiu&#39;tc</em></strong></span> <span class='ocrx_word' id='word_1_131' title='bbox 2281 781 2459 851; x_wconf 83' lang='lat' dir='ltr'><strong><em>potius</em></strong></span> <span class='ocrx_word' id='word_1_132' title='bbox 2505 788 2563 831; x_wconf 85' lang='lat' dir='ltr'><strong><em>ul</em></strong></span> <span class='ocrx_word' id='word_1_133' title='bbox 2597 776 2685 830; x_wconf 87' lang='lat' dir='ltr'><strong><em>hic</em></strong></span> <span class='ocrx_word' id='word_1_134' title='bbox 2726 771 2879 828; x_wconf 85' lang='lat' dir='ltr'><strong><em>innni</em></strong></span> <span class='ocrx_word' id='word_1_135' title='bbox 2914 780 3099 839; x_wconf 70' lang='lat' dir='ltr'><strong><em>putent</em></strong></span> <span class='ocrx_word' id='word_1_136' title='bbox 3137 778 3300 835; x_wconf 84' lang='lat' dir='ltr'><strong><em>quam</em></strong></span> <span class='ocrx_word' id='word_1_137' title='bbox 3333 761 3504 813; x_wconf 86' lang='lat' dir='ltr'><strong><em>alium</em></strong></span> 
     </span>
    </p>
   </div>
   <div class='ocr_carea' id='block_1_22' title="bbox 1921 852 3507 949">
    <p class='ocr_par' dir='ltr' id='par_1_22' title="bbox 1921 852 3507 949">
     <span class='ocr_line' id='line_1_22' title="bbox 1921 852 3507 949; baseline -0.02 -13"><span class='ocrx_word' id='word_1_138' title='bbox 1921 883 2077 949; x_wconf 81' lang='lat' dir='ltr'><strong><em>longe</em></strong></span> <span class='ocrx_word' id='word_1_139' title='bbox 2096 874 2483 946; x_wconf 73' lang='lat' dir='ltr'><strong><em>antiquiorem,</em></strong></span> <span class='ocrx_word' id='word_1_140' title='bbox 2511 878 2762 926; x_wconf 87' lang='lat' dir='ltr'><strong><em>sanctum</em></strong></span> <span class='ocrx_word' id='word_1_141' title='bbox 2786 865 3117 919; x_wconf 80' lang='lat' dir='ltr'><strong><em>Germanum</em></strong></span> <span class='ocrx_word' id='word_1_142' title='bbox 3145 856 3368 926; x_wconf 75' lang='lat' dir='ltr'><strong><em>scriptis</em></strong></span> <span class='ocrx_word' id='word_1_143' title='bbox 3389 852 3507 906; x_wconf 86' lang='lat' dir='ltr'><strong><em>edi-</em></strong></span> 
     </span>
    </p>
   </div>
   <div class='ocr_carea' id='block_1_23' title="bbox 1924 946 3506 1040">
    <p class='ocr_par' dir='ltr' id='par_1_23' title="bbox 1924 946 3506 1040">
     <span class='ocr_line' id='line_1_23' title="bbox 1924 946 3506 1040; baseline -0.02 -9"><span class='ocrx_word' id='word_1_144' title='bbox 1924 978 1993 1031; x_wconf 89' lang='lat' dir='ltr'><strong><em>tis</em></strong></span> <span class='ocrx_word' id='word_1_145' title='bbox 2022 946 2236 1037; x_wconf 77' lang='lat' dir='ltr'><strong><em>notum,</em></strong></span> <span class='ocrx_word' id='word_1_146' title='bbox 2260 971 2353 1040; x_wconf 86' lang='lat' dir='ltr'><strong><em>qui</em></strong></span> <span class='ocrx_word' id='word_1_147' title='bbox 2378 984 2523 1024; x_wconf 87' lang='lat' dir='ltr'><strong><em>anno</em></strong></span> <span class='ocrx_word' id='word_1_148' title='bbox 2543 962 2751 1020; x_wconf 81' lang='lat' dir='ltr'><strong><em>Christi</em></strong></span> <span class='ocrx_word' id='word_1_149' title='bbox 2775 961 2878 1015; x_wconf 72' lang='lat' dir='ltr'><strong><em>7H</em></strong></span> <span class='ocrx_word' id='word_1_150' title='bbox 2899 958 3016 1013; x_wconf 81' lang='lat' dir='ltr'><strong><em>Kal.</em></strong></span> <span class='ocrx_word' id='word_1_151' title='bbox 3041 951 3277 1021; x_wconf 75' lang='lat' dir='ltr'><strong><em>Augusti</em></strong></span> <span class='ocrx_word' id='word_1_152' title='bbox 3305 946 3506 1004; x_wconf 78' lang='lat' dir='ltr'><strong><em>Joanni</em></strong></span> 
     </span>
    </p>
   </div>
   <div class='ocr_carea' id='block_1_24' title="bbox 1923 1040 3509 1131">
    <p class='ocr_par' dir='ltr' id='par_1_24' title="bbox 1923 1040 3509 1131">
     <span class='ocr_line' id='line_1_24' title="bbox 1923 1040 3509 1131; baseline -0.021 -5"><span class='ocrx_word' id='word_1_153' title='bbox 1923 1061 2536 1131; x_wconf 81' lang='lat' dir='ltr'><strong><em>Constantinopolitano</em></strong></span> <span class='ocrx_word' id='word_1_154' title='bbox 2588 1052 2922 1126; x_wconf 68' lang='lat' dir='ltr'><strong><em>patriarchae</em></strong></span> <span class='ocrx_word' id='word_1_155' title='bbox 2969 1045 3264 1109; x_wconf 90' lang='lat' dir='ltr'><strong><em>successit,</em></strong></span> <span class='ocrx_word' id='word_1_156' title='bbox 3314 1040 3509 1098; x_wconf 83' lang='lat' dir='ltr'><strong><em>suadet</em></strong></span> 
     </span>
    </p>
   </div>
   <div class='ocr_carea' id='block_1_25' title="bbox 1925 1140 3510 1225">
    <p class='ocr_par' dir='ltr' id='par_1_25' title="bbox 1925 1140 3510 1225">
     <span class='ocr_line' id='line_1_25' title="bbox 1925 1140 3510 1225; baseline -0.018 -11"><span class='ocrx_word' id='word_1_157' title='bbox 1925 1159 2245 1225; x_wconf 74' lang='lat' dir='ltr'><strong><em>adiunctum</em></strong></span> <span class='ocrx_word' id='word_1_158' title='bbox 2276 1150 2604 1224; x_wconf 81' lang='grc' dir='ltr'><strong><em>μακαρίτης,</em></strong></span> <span class='ocrx_word' id='word_1_159' title='bbox 2640 1144 2787 1217; x_wconf 88' lang='lat' dir='ltr'><strong><em>quod</em></strong></span> <span class='ocrx_word' id='word_1_160' title='bbox 2812 1144 2879 1197; x_wconf 88' lang='lat' dir='ltr'><strong><em>de</em></strong></span> <span class='ocrx_word' id='word_1_161' title='bbox 2918 1140 3150 1196; x_wconf 81' lang='lat' dir='ltr'><strong><em>mortuis</em></strong></span> <span class='ocrx_word' id='word_1_162' title='bbox 3208 1152 3318 1192; x_wconf 90' lang='lat' dir='ltr'><strong><em>non</em></strong></span> <span class='ocrx_word' id='word_1_163' title='bbox 3353 1144 3510 1189; x_wconf 87' lang='lat' dir='ltr'><strong><em>vetu-</em></strong></span> 
     </span>
    </p>
   </div>
   <div class='ocr_carea' id='block_1_26' title="bbox 1927 1238 3148 1309">
    <p class='ocr_par' dir='ltr' id='par_1_26' title="bbox 1927 1238 3148 1309">
     <span class='ocr_line' id='line_1_26' title="bbox 1927 1238 3148 1309; baseline -0.021 0"><span class='ocrx_word' id='word_1_164' title='bbox 1927 1251 2187 1309; x_wconf 66' lang='lat' dir='ltr'><strong><em>Stissimaa</em></strong></span> <span class='ocrx_word' id='word_1_165' title='bbox 2222 1244 2500 1301; x_wconf 62' lang='lat' dir='ltr'><strong><em>memoriae</em></strong></span> <span class='ocrx_word' id='word_1_166' title='bbox 2535 1257 2563 1295; x_wconf 89' lang='lat' dir='ltr'><strong><em>a</em></strong></span> <span class='ocrx_word' id='word_1_167' title='bbox 2585 1238 2794 1293; x_wconf 66' lang='lat' dir='ltr'><strong><em>Graecis</em></strong></span> <span class='ocrx_word' id='word_1_168' title='bbox 2830 1241 3148 1302; x_wconf 83' lang='lat' dir='ltr'><strong><em>usurpatur.</em></strong></span> 
     </span>
    </p>
   </div>
   <div class='ocr_carea' id='block_1_27' title="bbox 1996 1314 3516 1405">
    <p class='ocr_par' dir='ltr' id='par_1_27' title="bbox 1996 1314 3516 1405">
     <span class='ocr_line' id='line_1_27' title="bbox 1996 1314 3516 1405; baseline -0.018 -8"><span class='ocrx_word' id='word_1_169' title='bbox 1996 1342 2058 1397; x_wconf 85' lang='lat' dir='ltr'><strong><em>P.</em></strong></span> <span class='ocrx_word' id='word_1_170' title='bbox 2083 1340 2208 1394; x_wconf 71' lang='lat'><strong><em>9.96.</em></strong></span> <span class='ocrx_word' id='word_1_171' title='bbox 2228 1337 2323 1405; x_wconf 79' lang='grc' dir='ltr'><strong><em>Μή</em></strong></span> <span class='ocrx_word' id='word_1_172' title='bbox 2343 1330 2588 1403; x_wconf 50' lang='lat' dir='ltr'><strong><em>ambio.</em></strong></span> <span class='ocrx_word' id='word_1_173' title='bbox 2615 1330 2809 1399; x_wconf 79' lang='grc' dir='ltr'><strong><em>θίγῃς.</em></strong></span> <span class='ocrx_word' id='word_1_174' title='bbox 2836 1322 3013 1378; x_wconf 80' lang='lat' dir='ltr'><strong><em>Verba</em></strong></span> <span class='ocrx_word' id='word_1_175' title='bbox 3039 1328 3247 1377; x_wconf 84' lang='lat' dir='ltr'><strong><em>suntex</em></strong></span> <span class='ocrx_word' id='word_1_176' title='bbox 3265 1318 3322 1372; x_wconf 87' lang='lat' dir='ltr'><strong><em>S.</em></strong></span> <span class='ocrx_word' id='word_1_177' title='bbox 3341 1314 3516 1370; x_wconf 87' lang='lat' dir='ltr'><strong><em>Paulo</em></strong></span> 
     </span>
    </p>
   </div>
   <div class='ocr_carea' id='block_1_28' title="bbox 1929 1407 3513 1493">
    <p class='ocr_par' dir='ltr' id='par_1_28' title="bbox 1929 1407 3513 1493">
     <span class='ocr_line' id='line_1_28' title="bbox 1929 1407 3513 1493; baseline -0.018 -5"><span class='ocrx_word' id='word_1_178' title='bbox 1929 1434 1995 1488; x_wconf 85' lang='lat' dir='ltr'><strong><em>ad</em></strong></span> <span class='ocrx_word' id='word_1_179' title='bbox 2032 1433 2241 1487; x_wconf 88' lang='lat' dir='ltr'><strong><em>Coloss.</em></strong></span> <span class='ocrx_word' id='word_1_180' title='bbox 2276 1446 2325 1485; x_wconf 93' lang='lat' dir='ltr'><strong><em>c.</em></strong></span> <span class='ocrx_word' id='word_1_181' title='bbox 2366 1444 2431 1493; x_wconf 88' lang='lat' dir='ltr'><strong><em>ll,</em></strong></span> <span class='ocrx_word' id='word_1_182' title='bbox 2463 1440 2518 1479; x_wconf 78' lang='grc' dir='ltr'><strong>ν.</strong></span> <span class='ocrx_word' id='word_1_183' title='bbox 2548 1425 2641 1488; x_wconf 64' lang='lat' dir='ltr'><strong><em>ﬁt,</em></strong></span> <span class='ocrx_word' id='word_1_184' title='bbox 2674 1438 2796 1490; x_wconf 68' lang='lat' dir='ltr'><strong><em>quae</em></strong></span> <span class='ocrx_word' id='word_1_185' title='bbox 2845 1415 3022 1474; x_wconf 65' lang='lat' dir='ltr'><strong><em>Graeci</em></strong></span> <span class='ocrx_word' id='word_1_186' title='bbox 3067 1412 3409 1482; x_wconf 90' lang='lat' dir='ltr'><strong><em>usurpabant</em></strong></span> <span class='ocrx_word' id='word_1_187' title='bbox 3458 1407 3513 1461; x_wconf 90' lang='lat' dir='ltr'><strong><em>in</em></strong></span> 
     </span>
    </p>
   </div>
   <div class='ocr_carea' id='block_1_29' title="bbox 1931 1506 3517 1581">
    <p class='ocr_par' dir='ltr' id='par_1_29' title="bbox 1931 1506 3517 1581">
     <span class='ocr_line' id='line_1_29' title="bbox 1931 1506 3517 1581; baseline -0.019 0"><span class='ocrx_word' id='word_1_188' title='bbox 1931 1524 2319 1581; x_wconf 81' lang='lat' dir='ltr'><strong><em>occasionibus</em></strong></span> <span class='ocrx_word' id='word_1_189' title='bbox 2355 1516 2671 1574; x_wconf 63' lang='lat' dir='ltr'><strong><em>aversanda:</em></strong></span> <span class='ocrx_word' id='word_1_190' title='bbox 2700 1507 3105 1568; x_wconf 87' lang='lat' dir='ltr'><strong><em>communionis</em></strong></span> <span class='ocrx_word' id='word_1_191' title='bbox 3142 1518 3336 1560; x_wconf 88' lang='lat' dir='ltr'><strong><em>eorum</em></strong></span> <span class='ocrx_word' id='word_1_192' title='bbox 3365 1506 3517 1571; x_wconf 69' lang='lat' dir='ltr'><strong><em>thtos</em></strong></span> 
     </span>
    </p>
   </div>
   <div class='ocr_carea' id='block_1_30' title="bbox 1934 1591 3517 1673">
    <p class='ocr_par' dir='ltr' id='par_1_30' title="bbox 1934 1591 3517 1673">
     <span class='ocr_line' id='line_1_30' title="bbox 1934 1591 3517 1673; baseline -0.016 0"><span class='ocrx_word' id='word_1_193' title='bbox 1934 1617 2302 1673; x_wconf 79' lang='lat' dir='ltr'><strong><em>heterodaxos</em></strong></span> <span class='ocrx_word' id='word_1_194' title='bbox 2363 1620 2454 1665; x_wconf 85' lang='lat' dir='ltr'><strong><em>aut</em></strong></span> <span class='ocrx_word' id='word_1_195' title='bbox 2523 1604 2915 1664; x_wconf 87' lang='lat' dir='ltr'><strong><em>schismaticos</em></strong></span> <span class='ocrx_word' id='word_1_196' title='bbox 2984 1591 3517 1671; x_wconf 67' lang='lat' dir='ltr'><strong><em>putabant.Saepius</em></strong></span> 
     </span>
    </p>
   </div>
   <div class='ocr_carea' id='block_1_31' title="bbox 1934 1686 3519 1774">
    <p class='ocr_par' dir='ltr' id='par_1_31' title="bbox 1934 1686 3519 1774">
     <span class='ocr_line' id='line_1_31' title="bbox 1934 1686 3519 1774; baseline -0.016 -11"><span class='ocrx_word' id='word_1_197' title='bbox 1934 1716 2264 1774; x_wconf 71' lang='lat' dir='ltr'><strong><em>usurpentur</em></strong></span> <span class='ocrx_word' id='word_1_198' title='bbox 2311 1704 2367 1757; x_wconf 87' lang='lat' dir='ltr'><strong><em>in</em></strong></span> <span class='ocrx_word' id='word_1_199' title='bbox 2420 1705 2521 1757; x_wconf 86' lang='lat' dir='ltr'><strong><em>hac</em></strong></span> <span class='ocrx_word' id='word_1_200' title='bbox 2564 1698 2845 1764; x_wconf 80' lang='lat' dir='ltr'><strong><em>historia;</em></strong></span> <span class='ocrx_word' id='word_1_201' title='bbox 2882 1696 2951 1751; x_wconf 89' lang='lat' dir='ltr'><strong><em>de</em></strong></span> <span class='ocrx_word' id='word_1_202' title='bbox 2989 1707 3100 1763; x_wconf 90' lang='lat' dir='ltr'><strong><em>quo</em></strong></span> <span class='ocrx_word' id='word_1_203' title='bbox 3128 1689 3299 1746; x_wconf 85' lang='lat' dir='ltr'><strong><em>semel</em></strong></span> <span class='ocrx_word' id='word_1_204' title='bbox 3327 1686 3519 1741; x_wconf 81' lang='lat' dir='ltr'><strong><em>admo-</em></strong></span> 
     </span>
    </p>
   </div>
   <div class='ocr_carea' id='block_1_32' title="bbox 1937 1796 2645 1856">
    <p class='ocr_par' dir='ltr' id='par_1_32' title="bbox 1937 1796 2645 1856">
     <span class='ocr_line' id='line_1_32' title="bbox 1937 1796 2645 1856; baseline -0.013 -1"><span class='ocrx_word' id='word_1_205' title='bbox 1937 1802 2126 1856; x_wconf 81' lang='lat' dir='ltr'><strong><em>nuisse</em></strong></span> <span class='ocrx_word' id='word_1_206' title='bbox 2158 1797 2295 1853; x_wconf 80' lang='lat' dir='ltr'><strong><em>satis</em></strong></span> <span class='ocrx_word' id='word_1_207' title='bbox 2327 1796 2521 1849; x_wconf 63' lang='lat' dir='ltr'><strong><em>visum’</em></strong></span> <span class='ocrx_word' id='word_1_208' title='bbox 2536 1803 2645 1849; x_wconf 88' lang='lat' dir='ltr'><strong><em>est.</em></strong></span> 
     </span>
    </p>
   </div>
   <div class='ocr_carea' id='block_1_33' title="bbox 233 1869 1831 1968">
    <p class='ocr_par' dir='ltr' id='par_1_33' title="bbox 233 1895 1831 1968">
     <span class='ocr_line' id='line_1_33' title="bbox 233 1895 1831 1968; baseline -0.003 -15"><span class='ocrx_word' id='word_1_209' title='bbox 233 1913 360 1968; x_wconf 86' lang='lat' dir='ltr'><strong><em>ceps</em></strong></span> <span class='ocrx_word' id='word_1_210' title='bbox 394 1898 646 1967; x_wconf 73' lang='lat' dir='ltr'><strong><em>cognitio</em></strong></span> <span class='ocrx_word' id='word_1_211' title='bbox 678 1913 862 1951; x_wconf 89' lang='lat' dir='ltr'><strong><em>rerum</em></strong></span> <span class='ocrx_word' id='word_1_212' title='bbox 915 1896 1421 1950; x_wconf 69' lang='lat' dir='ltr'><strong><em>ecclesiasticarum</em></strong></span> <span class='ocrx_word' id='word_1_213' title='bbox 1456 1895 1611 1948; x_wconf 61' lang='lat' dir='ltr'><strong><em>laicis</em></strong></span> <span class='ocrx_word' id='word_1_214' title='bbox 1631 1895 1831 1964; x_wconf 50' lang='lat' dir='ltr'><strong><em>princi—</em></strong></span> 
     </span>
    </p>
   </div>
   <div class='ocr_carea' id='block_1_34' title="bbox 1943 1869 3520 1968">
    <p class='ocr_par' dir='ltr' id='par_1_34' title="bbox 2006 1869 3520 1968">
     <span class='ocr_line' id='line_1_34' title="bbox 2006 1869 3520 1968; baseline -0.017 -19"><span class='ocrx_word' id='word_1_215' title='bbox 2006 1893 2071 1949; x_wconf 84' lang='lat' dir='ltr'><strong><em>P.</em></strong></span> <span class='ocrx_word' id='word_1_216' title='bbox 2104 1891 2228 1946; x_wconf 59' lang='lat'><strong><em>305.</em></strong></span> <span class='ocrx_word' id='word_1_217' title='bbox 2252 1890 2349 1945; x_wconf 83' lang='lat' dir='ltr'><strong><em>illa</em></strong></span> <span class='ocrx_word' id='word_1_218' title='bbox 2375 1890 2560 1945; x_wconf 77' lang='lat' dir='ltr'><strong><em>Graeca</em></strong></span> <span class='ocrx_word' id='word_1_219' title='bbox 2594 1887 2756 1941; x_wconf 83' lang='lat' dir='ltr'><strong><em>verba</em></strong></span> <span class='ocrx_word' id='word_1_220' title='bbox 2781 1884 2882 1937; x_wconf 84' lang='grc' dir='ltr'><strong><em>ὅσα.</em></strong></span> <span class='ocrx_word' id='word_1_221' title='bbox 2912 1882 3009 1935; x_wconf 73' lang='grc' dir='ltr'><strong><em>καὶ</em></strong></span> <span class='ocrx_word' id='word_1_222' title='bbox 3032 1874 3286 1948; x_wconf 72' lang='grc' dir='ltr'><strong><em>ἀσφαλῶς</em></strong></span> <span class='ocrx_word' id='word_1_223' title='bbox 3302 1869 3520 1968; x_wconf 50' lang='lat' dir='ltr'><strong><em>atroci)-</em></strong></span> 
     </span>
    </p>
   </div>
   <div class='ocr_carea' id='block_1_35' title="bbox 232 1991 1829 2066">
    <p class='ocr_par' dir='ltr' id='par_1_35' title="bbox 232 1991 1829 2066">
     <span class='ocr_line' id='line_1_35' title="bbox 232 1991 1829 2066; baseline -0.003 -17"><span class='ocrx_word' id='word_1_224' title='bbox 232 1996 395 2066; x_wconf 83' lang='lat' dir='ltr'><strong><em>pibus</em></strong></span> <span class='ocrx_word' id='word_1_225' title='bbox 421 2011 685 2049; x_wconf 85' lang='lat' dir='ltr'><strong><em>concessa</em></strong></span> <span class='ocrx_word' id='word_1_226' title='bbox 710 2010 809 2064; x_wconf 89' lang='lat' dir='ltr'><strong><em>per</em></strong></span> <span class='ocrx_word' id='word_1_227' title='bbox 832 2008 1072 2047; x_wconf 83' lang='lat' dir='ltr'><strong><em>canones</em></strong></span> <span class='ocrx_word' id='word_1_228' title='bbox 1101 2001 1157 2046; x_wconf 87' lang='lat' dir='ltr'><strong><em>et</em></strong></span> <span class='ocrx_word' id='word_1_229' title='bbox 1198 1991 1482 2059; x_wconf 81' lang='lat' dir='ltr'><strong><em>antiquum</em></strong></span> <span class='ocrx_word' id='word_1_230' title='bbox 1534 2007 1714 2056; x_wconf 88' lang='lat' dir='ltr'><strong><em>usum,</em></strong></span> <span class='ocrx_word' id='word_1_231' title='bbox 1762 1992 1829 2045; x_wconf 85' lang='lat' dir='ltr'><strong><em>de</em></strong></span> 
     </span>
    </p>
   </div>
   <div class='ocr_carea' id='block_1_36' title="bbox 234 2086 739 2157">
    <p class='ocr_par' dir='ltr' id='par_1_36' title="bbox 234 2086 739 2157">
     <span class='ocr_line' id='line_1_36' title="bbox 234 2086 739 2157; baseline -0.004 -18"><span class='ocrx_word' id='word_1_232' title='bbox 234 2101 344 2157; x_wconf 85' lang='lat' dir='ltr'><strong><em>qua</em></strong></span> <span class='ocrx_word' id='word_1_233' title='bbox 371 2086 465 2139; x_wconf 81' lang='lat' dir='ltr'><strong><em>hic</em></strong></span> <span class='ocrx_word' id='word_1_234' title='bbox 502 2086 739 2140; x_wconf 77' lang='lat' dir='ltr'><strong><em>ment-io.</em></strong></span> 
     </span>
    </p>
   </div>
   <div class='ocr_carea' id='block_1_37' title="bbox 306 2173 1828 2246">
    <p class='ocr_par' dir='ltr' id='par_1_37' title="bbox 306 2173 1828 2246">
     <span class='ocr_line' id='line_1_37' title="bbox 306 2173 1828 2246; baseline -0.006 -12"><span class='ocrx_word' id='word_1_235' title='bbox 306 2180 365 2234; x_wconf 84' lang='lat' dir='ltr'><strong><em>P.</em></strong></span> <span class='ocrx_word' id='word_1_236' title='bbox 406 2180 537 2233; x_wconf 66' lang='grc'><strong><em>272.</em></strong></span> <span class='ocrx_word' id='word_1_237' title='bbox 572 2179 670 2232; x_wconf 79' lang='lat' dir='ltr'><strong><em>Cui</em></strong></span> <span class='ocrx_word' id='word_1_238' title='bbox 707 2194 760 2231; x_wconf 89' lang='lat' dir='ltr'><strong><em>se</em></strong></span> <span class='ocrx_word' id='word_1_239' title='bbox 790 2177 963 2246; x_wconf 84' lang='lat' dir='ltr'><strong><em>ipsum</em></strong></span> <span class='ocrx_word' id='word_1_240' title='bbox 999 2192 1159 2228; x_wconf 86' lang='lat' dir='ltr'><strong><em>manu</em></strong></span> <span class='ocrx_word' id='word_1_241' title='bbox 1213 2175 1427 2241; x_wconf 83' lang='lat' dir='ltr'><strong><em>propria</em></strong></span> <span class='ocrx_word' id='word_1_242' title='bbox 1478 2173 1828 2225; x_wconf 80' lang='lat' dir='ltr'><strong><em>Athanasium</em></strong></span> 
     </span>
    </p>
   </div>
   <div class='ocr_carea' id='block_1_38' title="bbox 238 2263 1827 2337">
    <p class='ocr_par' dir='ltr' id='par_1_38' title="bbox 238 2263 1827 2337">
     <span class='ocr_line' id='line_1_38' title="bbox 238 2263 1827 2337; baseline -0.005 -13"><span class='ocrx_word' id='word_1_243' title='bbox 238 2272 600 2337; x_wconf 78' lang='lat' dir='ltr'><strong><em>inscripserat.</em></strong></span> <span class='ocrx_word' id='word_1_244' title='bbox 633 2268 967 2323; x_wconf 78' lang='lat' dir='ltr'><strong><em>Athanasius</em></strong></span> <span class='ocrx_word' id='word_1_245' title='bbox 1001 2282 1200 2319; x_wconf 84' lang='lat' dir='ltr'><strong><em>nomen</em></strong></span> <span class='ocrx_word' id='word_1_246' title='bbox 1230 2274 1348 2317; x_wconf 79' lang='lat' dir='ltr'><strong><em>erat</em></strong></span> <span class='ocrx_word' id='word_1_247' title='bbox 1379 2263 1525 2332; x_wconf 85' lang='lat' dir='ltr'><strong><em>quod</em></strong></span> <span class='ocrx_word' id='word_1_248' title='bbox 1556 2263 1827 2316; x_wconf 76' lang='lat' dir='ltr'><strong><em>Androni-</em></strong></span> 
     </span>
    </p>
   </div>
   <div class='ocr_carea' id='block_1_39' title="bbox 238 2355 1827 2429">
    <p class='ocr_par' dir='ltr' id='par_1_39' title="bbox 238 2355 1827 2429">
     <span class='ocr_line' id='line_1_39' title="bbox 238 2355 1827 2429; baseline -0.005 -14"><span class='ocrx_word' id='word_1_249' title='bbox 238 2378 333 2418; x_wconf 86' lang='lat' dir='ltr'><strong><em>cus</em></strong></span> <span class='ocrx_word' id='word_1_250' title='bbox 359 2363 470 2417; x_wconf 83' lang='lat' dir='ltr'><strong><em>iste</em></strong></span> <span class='ocrx_word' id='word_1_251' title='bbox 502 2360 796 2415; x_wconf 84' lang='lat' dir='ltr'><strong><em>Sardensis</em></strong></span> <span class='ocrx_word' id='word_1_252' title='bbox 827 2359 1121 2429; x_wconf 82' lang='lat' dir='ltr'><strong><em>episc0pus</em></strong></span> <span class='ocrx_word' id='word_1_253' title='bbox 1150 2365 1548 2423; x_wconf 82' lang='lat' dir='ltr'><strong><em>:tssumpserat,</em></strong></span> <span class='ocrx_word' id='word_1_254' title='bbox 1586 2370 1707 2406; x_wconf 86' lang='lat' dir='ltr'><strong><em>cum</em></strong></span> <span class='ocrx_word' id='word_1_255' title='bbox 1734 2355 1827 2407; x_wconf 83' lang='lat' dir='ltr'><strong><em>ab-</em></strong></span> 
     </span>
    </p>
   </div>
   <div class='ocr_carea' id='block_1_40' title="bbox 238 2452 1825 2525">
    <p class='ocr_par' dir='ltr' id='par_1_40' title="bbox 238 2452 1825 2525">
     <span class='ocr_line' id='line_1_40' title="bbox 238 2452 1825 2525; baseline -0.007 -14"><span class='ocrx_word' id='word_1_256' title='bbox 238 2457 416 2511; x_wconf 81' lang='lat' dir='ltr'><strong><em>dicato</em></strong></span> <span class='ocrx_word' id='word_1_257' title='bbox 450 2457 769 2525; x_wconf 66' lang='lat' dir='ltr'><strong><em>episcopatu</em></strong></span> <span class='ocrx_word' id='word_1_258' title='bbox 817 2454 1182 2507; x_wconf 72' lang='lat' dir='ltr'><strong><em>monaslicutn</em></strong></span> <span class='ocrx_word' id='word_1_259' title='bbox 1235 2452 1486 2504; x_wconf 77' lang='lat' dir='ltr'><strong><em>habitum</em></strong></span> <span class='ocrx_word' id='word_1_260' title='bbox 1548 2452 1825 2513; x_wconf 74' lang='lat' dir='ltr'><strong><em>induerat,</em></strong></span> 
     </span>
    </p>
   </div>
   <div class='ocr_carea' id='block_1_41' title="bbox 239 2542 1827 2617">
    <p class='ocr_par' dir='ltr' id='par_1_41' title="bbox 239 2542 1827 2617">
     <span class='ocr_line' id='line_1_41' title="bbox 239 2542 1827 2617; baseline -0.003 -17"><span class='ocrx_word' id='word_1_261' title='bbox 239 2556 400 2617; x_wconf 86' lang='lat' dir='ltr'><strong><em>prout</em></strong></span> <span class='ocrx_word' id='word_1_262' title='bbox 441 2546 702 2615; x_wconf 84' lang='lat' dir='ltr'><strong><em>superius</em></strong></span> <span class='ocrx_word' id='word_1_263' title='bbox 752 2556 1034 2598; x_wconf 83' lang='lat' dir='ltr'><strong><em>narratum</em></strong></span> <span class='ocrx_word' id='word_1_264' title='bbox 1083 2556 1166 2597; x_wconf 82' lang='lat' dir='ltr'><strong><em>est</em></strong></span> <span class='ocrx_word' id='word_1_265' title='bbox 1199 2564 1248 2597; x_wconf 90' lang='lat' dir='ltr'><strong><em>c.</em></strong></span> <span class='ocrx_word' id='word_1_266' title='bbox 1292 2546 1355 2596; x_wconf 76' lang='grc'><strong><em>18</em></strong></span> <span class='ocrx_word' id='word_1_267' title='bbox 1389 2546 1424 2595; x_wconf 86' lang='grc' dir='ltr'><strong><em>ι.</em></strong></span> <span class='ocrx_word' id='word_1_268' title='bbox 1461 2560 1523 2596; x_wconf 86' lang='lat' dir='ltr'><strong><em>tt.</em></strong></span> <span class='ocrx_word' id='word_1_269' title='bbox 1575 2542 1748 2596; x_wconf 87' lang='lat' dir='ltr'><strong><em>Porro</em></strong></span> <span class='ocrx_word' id='word_1_270' title='bbox 1779 2543 1827 2595; x_wconf 82' lang='lat' dir='ltr'><strong><em>is</em></strong></span> 
     </span>
    </p>
   </div>
   <div class='ocr_carea' id='block_1_42' title="bbox 239 2635 1829 2708">
    <p class='ocr_par' dir='ltr' id='par_1_42' title="bbox 239 2635 1829 2708">
     <span class='ocr_line' id='line_1_42' title="bbox 239 2635 1829 2708; baseline -0.003 -16"><span class='ocrx_word' id='word_1_271' title='bbox 239 2648 558 2708; x_wconf 80' lang='lat' dir='ltr'><strong><em>speraverat</em></strong></span> <span class='ocrx_word' id='word_1_272' title='bbox 589 2637 705 2691; x_wconf 82' lang='lat' dir='ltr'><strong><em>ﬁeri</em></strong></span> <span class='ocrx_word' id='word_1_273' title='bbox 732 2652 897 2705; x_wconf 83' lang='lat' dir='ltr'><strong><em>posse</em></strong></span> <span class='ocrx_word' id='word_1_274' title='bbox 927 2643 1008 2699; x_wconf 86' lang='lat' dir='ltr'><strong><em>ut,</em></strong></span> <span class='ocrx_word' id='word_1_275' title='bbox 1030 2651 1142 2689; x_wconf 74' lang='lat' dir='ltr'><strong><em>sua:</em></strong></span> <span class='ocrx_word' id='word_1_276' title='bbox 1162 2635 1323 2689; x_wconf 88' lang='lat' dir='ltr'><strong><em>istius</em></strong></span> <span class='ocrx_word' id='word_1_277' title='bbox 1357 2635 1671 2689; x_wconf 64' lang='lat' dir='ltr'><strong><em>tnouasucaa</em></strong></span> <span class='ocrx_word' id='word_1_278' title='bbox 1707 2650 1829 2702; x_wconf 71' lang='lat' dir='ltr'><strong><em>pro-</em></strong></span> 
     </span>
    </p>
   </div>
   <div class='ocr_carea' id='block_1_43' title="bbox 240 2722 1821 2789">
    <p class='ocr_par' dir='ltr' id='par_1_43' title="bbox 240 2722 1821 2789">
     <span class='ocr_line' id='line_1_43' title="bbox 240 2722 1821 2789; baseline -0.006 -6"><span class='ocrx_word' id='word_1_279' title='bbox 240 2727 499 2784; x_wconf 77' lang='lat' dir='ltr'><strong><em>fessionis</em></strong></span> <span class='ocrx_word' id='word_1_280' title='bbox 556 2726 758 2781; x_wconf 86' lang='lat' dir='ltr'><strong><em>abolita</em></strong></span> <span class='ocrx_word' id='word_1_281' title='bbox 818 2726 1106 2788; x_wconf 87' lang='lat' dir='ltr'><strong><em>memoria,</em></strong></span> <span class='ocrx_word' id='word_1_282' title='bbox 1136 2724 1190 2777; x_wconf 91' lang='lat' dir='ltr'><strong><em>in</em></strong></span> <span class='ocrx_word' id='word_1_283' title='bbox 1242 2733 1468 2787; x_wconf 71' lang='lat' dir='ltr'><strong><em>castum,</em></strong></span> <span class='ocrx_word' id='word_1_284' title='bbox 1542 2732 1597 2775; x_wconf 88' lang='lat' dir='ltr'><strong><em>ut</em></strong></span> <span class='ocrx_word' id='word_1_285' title='bbox 1654 2722 1821 2789; x_wconf 82' lang='lat' dir='ltr'><strong><em>prius,</em></strong></span> 
     </span>
    </p>
   </div>
   <div class='ocr_carea' id='block_1_44' title="bbox 241 2812 1828 2889">
    <p class='ocr_par' dir='ltr' id='par_1_44' title="bbox 241 2812 1828 2889">
     <span class='ocr_line' id='line_1_44' title="bbox 241 2812 1828 2889; baseline -0.006 -15"><span class='ocrx_word' id='word_1_286' title='bbox 241 2819 626 2889; x_wconf 83' lang='lat' dir='ltr'><strong><em>episcoporum</em></strong></span> <span class='ocrx_word' id='word_1_287' title='bbox 676 2816 1101 2871; x_wconf 82' lang='lat' dir='ltr'><strong><em>admitteretur:</em></strong></span> <span class='ocrx_word' id='word_1_288' title='bbox 1138 2831 1238 2870; x_wconf 89' lang='lat' dir='ltr'><strong><em>nec</em></strong></span> <span class='ocrx_word' id='word_1_289' title='bbox 1291 2814 1438 2867; x_wconf 88' lang='lat' dir='ltr'><strong><em>enim</em></strong></span> <span class='ocrx_word' id='word_1_290' title='bbox 1496 2823 1613 2867; x_wconf 76' lang='lat' dir='ltr'><strong><em>erat</em></strong></span> <span class='ocrx_word' id='word_1_291' title='bbox 1667 2812 1828 2865; x_wconf 68' lang='lat' dir='ltr'><strong><em>facile</em></strong></span> 
     </span>
    </p>
   </div>
   <div class='ocr_carea' id='block_1_45' title="bbox 245 2902 1830 2977">
    <p class='ocr_par' dir='ltr' id='par_1_45' title="bbox 245 2902 1830 2977">
     <span class='ocr_line' id='line_1_45' title="bbox 245 2902 1830 2977; baseline -0.006 -13"><span class='ocrx_word' id='word_1_292' title='bbox 245 2925 353 2964; x_wconf 86' lang='lat' dir='ltr'><strong><em>rem</em></strong></span> <span class='ocrx_word' id='word_1_293' title='bbox 382 2910 488 2965; x_wconf 81' lang='lat' dir='ltr'><strong><em>Sub</em></strong></span> <span class='ocrx_word' id='word_1_294' title='bbox 519 2907 708 2977; x_wconf 84' lang='lat' dir='ltr'><strong><em>paucis</em></strong></span> <span class='ocrx_word' id='word_1_295' title='bbox 731 2919 905 2962; x_wconf 86' lang='lat' dir='ltr'><strong><em>actam</em></strong></span> <span class='ocrx_word' id='word_1_296' title='bbox 940 2907 1173 2962; x_wconf 85' lang='lat' dir='ltr'><strong><em>testibus</em></strong></span> <span class='ocrx_word' id='word_1_297' title='bbox 1187 2908 1446 2976; x_wconf 84' lang='lat' dir='ltr'><strong><em>probare.</em></strong></span> <span class='ocrx_word' id='word_1_298' title='bbox 1478 2902 1675 2957; x_wconf 83' lang='lat' dir='ltr'><strong><em>Verum</em></strong></span> <span class='ocrx_word' id='word_1_299' title='bbox 1703 2919 1830 2972; x_wconf 90' lang='lat' dir='ltr'><strong><em>pro-</em></strong></span> 
     </span>
    </p>
   </div>
   <div class='ocr_carea' id='block_1_46' title="bbox 244 2994 1828 3071">
    <p class='ocr_par' dir='ltr' id='par_1_46' title="bbox 244 2994 1828 3071">
     <span class='ocr_line' id='line_1_46' title="bbox 244 2994 1828 3071; baseline -0.008 -12"><span class='ocrx_word' id='word_1_300' title='bbox 244 3005 350 3059; x_wconf 84' lang='lat' dir='ltr'><strong><em>lata</em></strong></span> <span class='ocrx_word' id='word_1_301' title='bbox 379 3001 617 3071; x_wconf 79' lang='lat' dir='ltr'><strong><em>epistola</em></strong></span> <span class='ocrx_word' id='word_1_302' title='bbox 650 3014 814 3068; x_wconf 84' lang='lat' dir='ltr'><strong><em>quam</em></strong></span> <span class='ocrx_word' id='word_1_303' title='bbox 842 2998 1022 3066; x_wconf 82' lang='lat' dir='ltr'><strong><em>ipsius</em></strong></span> <span class='ocrx_word' id='word_1_304' title='bbox 1055 3013 1181 3051; x_wconf 86' lang='lat' dir='ltr'><strong><em>esse</em></strong></span> <span class='ocrx_word' id='word_1_305' title='bbox 1215 3007 1341 3049; x_wconf 83' lang='lat' dir='ltr'><strong><em>nota</em></strong></span> <span class='ocrx_word' id='word_1_306' title='bbox 1380 3011 1577 3049; x_wconf 89' lang='lat' dir='ltr'><strong><em>manus</em></strong></span> <span class='ocrx_word' id='word_1_307' title='bbox 1634 2994 1828 3063; x_wconf 78' lang='lat' dir='ltr'><strong><em>prode-</em></strong></span> 
     </span>
    </p>
   </div>
   <div class='ocr_carea' id='block_1_47' title="bbox 244 3088 1823 3163">
    <p class='ocr_par' dir='ltr' id='par_1_47' title="bbox 244 3088 1823 3163">
     <span class='ocr_line' id='line_1_47' title="bbox 244 3088 1823 3163; baseline -0.008 -14"><span class='ocrx_word' id='word_1_308' title='bbox 244 3106 343 3162; x_wconf 86' lang='lat' dir='ltr'><strong><em>ret,</em></strong></span> <span class='ocrx_word' id='word_1_309' title='bbox 397 3097 563 3163; x_wconf 82' lang='lat' dir='ltr'><strong><em>cujus</em></strong></span> <span class='ocrx_word' id='word_1_310' title='bbox 618 3091 781 3162; x_wconf 79' lang='lat'><strong><em>652</em></strong></span> <span class='ocrx_word' id='word_1_311' title='bbox 822 3090 879 3146; x_wconf 88' lang='lat' dir='ltr'><strong><em>in</em></strong></span> <span class='ocrx_word' id='word_1_312' title='bbox 959 3089 1123 3144; x_wconf 87' lang='lat' dir='ltr'><strong><em>titulo</em></strong></span> <span class='ocrx_word' id='word_1_313' title='bbox 1188 3104 1339 3141; x_wconf 84' lang='lat' dir='ltr'><strong><em>more</em></strong></span> <span class='ocrx_word' id='word_1_314' title='bbox 1410 3088 1640 3158; x_wconf 79' lang='lat' dir='ltr'><strong><em>antiquo</em></strong></span> <span class='ocrx_word' id='word_1_315' title='bbox 1663 3102 1823 3141; x_wconf 88' lang='lat' dir='ltr'><strong><em>suum</em></strong></span> 
     </span>
    </p>
   </div>
   <div class='ocr_carea' id='block_1_48' title="bbox 245 3179 1828 3258">
    <p class='ocr_par' dir='ltr' id='par_1_48' title="bbox 245 3179 1828 3258">
     <span class='ocr_line' id='line_1_48' title="bbox 245 3179 1828 3258; baseline -0.008 -15"><span class='ocrx_word' id='word_1_316' title='bbox 245 3185 609 3258; x_wconf 68' lang='lat' dir='ltr'><strong><em>praescribens</em></strong></span> <span class='ocrx_word' id='word_1_317' title='bbox 636 3200 836 3236; x_wconf 89' lang='lat' dir='ltr'><strong><em>nomen</em></strong></span> <span class='ocrx_word' id='word_1_318' title='bbox 862 3180 1230 3236; x_wconf 81' lang='lat' dir='ltr'><strong><em>Athanasium</em></strong></span> <span class='ocrx_word' id='word_1_319' title='bbox 1260 3196 1319 3234; x_wconf 86' lang='lat' dir='ltr'><strong><em>se</em></strong></span> <span class='ocrx_word' id='word_1_320' title='bbox 1344 3181 1465 3248; x_wconf 88' lang='lat' dir='ltr'><strong><em>ipse</em></strong></span> <span class='ocrx_word' id='word_1_321' title='bbox 1493 3196 1587 3246; x_wconf 86' lang='lat' dir='ltr'><strong><em>pro</em></strong></span> <span class='ocrx_word' id='word_1_322' title='bbox 1615 3179 1828 3231; x_wconf 81' lang='lat' dir='ltr'><strong><em>Andro-</em></strong></span> 
     </span>
    </p>
   </div>
   <div class='ocr_carea' id='block_1_49' title="bbox 245 3271 1829 3346">
    <p class='ocr_par' dir='ltr' id='par_1_49' title="bbox 245 3271 1829 3346">
     <span class='ocr_line' id='line_1_49' title="bbox 245 3271 1829 3346; baseline -0.008 -11"><span class='ocrx_word' id='word_1_323' title='bbox 245 3280 363 3337; x_wconf 85' lang='lat' dir='ltr'><strong><em>nico</em></strong></span> <span class='ocrx_word' id='word_1_324' title='bbox 386 3288 705 3341; x_wconf 81' lang='lat' dir='ltr'><strong><em>vocaverat,</em></strong></span> <span class='ocrx_word' id='word_1_325' title='bbox 741 3286 1127 3346; x_wconf 71' lang='lat' dir='ltr'><strong><em>argumentum</em></strong></span> <span class='ocrx_word' id='word_1_326' title='bbox 1163 3274 1216 3328; x_wconf 84' lang='lat' dir='ltr'><strong><em>id</em></strong></span> <span class='ocrx_word' id='word_1_327' title='bbox 1246 3273 1630 3344; x_wconf 74' lang='lat' dir='ltr'><strong><em>irrefragabile</em></strong></span> <span class='ocrx_word' id='word_1_328' title='bbox 1655 3271 1829 3326; x_wconf 87' lang='lat' dir='ltr'><strong><em>visum</em></strong></span> 
     </span>
    </p>
   </div>
   <div class='ocr_carea' id='block_1_50' title="bbox 246 3364 1838 3437">
    <p class='ocr_par' dir='ltr' id='par_1_50' title="bbox 246 3364 1838 3437">
     <span class='ocr_line' id='line_1_50' title="bbox 246 3364 1838 3437; baseline -0.008 -9"><span class='ocrx_word' id='word_1_329' title='bbox 246 3373 614 3428; x_wconf 80' lang='lat' dir='ltr'><strong><em>monachatus</em></strong></span> <span class='ocrx_word' id='word_1_330' title='bbox 646 3368 971 3433; x_wconf 82' lang='lat' dir='ltr'><strong><em>Andronici,</em></strong></span> <span class='ocrx_word' id='word_1_331' title='bbox 1003 3367 1094 3422; x_wconf 91' lang='lat' dir='ltr'><strong><em>cui</em></strong></span> <span class='ocrx_word' id='word_1_332' title='bbox 1128 3383 1230 3422; x_wconf 91' lang='lat' dir='ltr'><strong><em>nec</em></strong></span> <span class='ocrx_word' id='word_1_333' title='bbox 1265 3366 1385 3437; x_wconf 89' lang='lat' dir='ltr'><strong><em>ipse</em></strong></span> <span class='ocrx_word' id='word_1_334' title='bbox 1410 3366 1505 3436; x_wconf 90' lang='lat' dir='ltr'><strong><em>qui</em></strong></span> <span class='ocrx_word' id='word_1_335' title='bbox 1543 3366 1594 3420; x_wconf 90' lang='lat' dir='ltr'><strong><em>ei</em></strong></span> <span class='ocrx_word' id='word_1_336' title='bbox 1622 3364 1838 3418; x_wconf 81' lang='lat' dir='ltr'><strong><em>favebat</em></strong></span> 
     </span>
    </p>
   </div>
   <div class='ocr_carea' id='block_1_51' title="bbox 246 3454 1841 3535">
    <p class='ocr_par' dir='ltr' id='par_1_51' title="bbox 246 3454 1841 3535">
     <span class='ocr_line' id='line_1_51' title="bbox 246 3454 1841 3535; baseline -0.006 -17"><span class='ocrx_word' id='word_1_337' title='bbox 246 3464 556 3535; x_wconf 84' lang='lat' dir='ltr'><strong><em>patriarcha</em></strong></span> <span class='ocrx_word' id='word_1_338' title='bbox 578 3462 835 3517; x_wconf 87' lang='lat' dir='ltr'><strong><em>resistere</em></strong></span> <span class='ocrx_word' id='word_1_339' title='bbox 869 3475 1060 3523; x_wconf 88' lang='lat' dir='ltr'><strong><em>ausus,</em></strong></span> <span class='ocrx_word' id='word_1_340' title='bbox 1087 3471 1347 3513; x_wconf 82' lang='lat' dir='ltr'><strong><em>conatum</em></strong></span> <span class='ocrx_word' id='word_1_341' title='bbox 1374 3458 1587 3513; x_wconf 87' lang='lat' dir='ltr'><strong><em>remisit</em></strong></span> <span class='ocrx_word' id='word_1_342' title='bbox 1611 3454 1841 3527; x_wconf 88' lang='lat' dir='ltr'><strong><em>juvandi</em></strong></span> 
     </span>
    </p>
   </div>
   <div class='ocr_carea' id='block_1_52' title="bbox 245 3550 1627 3634">
    <p class='ocr_par' dir='ltr' id='par_1_52' title="bbox 245 3550 1627 3634">
     <span class='ocr_line' id='line_1_52' title="bbox 245 3550 1627 3634; baseline -0.007 -21"><span class='ocrx_word' id='word_1_343' title='bbox 245 3559 385 3627; x_wconf 85' lang='lat' dir='ltr'><strong><em>ejus,</em></strong></span> <span class='ocrx_word' id='word_1_344' title='bbox 424 3556 522 3634; x_wconf 86' lang='lat' dir='ltr'><strong><em>qui</em></strong></span> <span class='ocrx_word' id='word_1_345' title='bbox 565 3572 664 3611; x_wconf 88' lang='lat' dir='ltr'><strong><em>sua</em></strong></span> <span class='ocrx_word' id='word_1_346' title='bbox 691 3571 750 3610; x_wconf 91' lang='lat' dir='ltr'><strong><em>se</em></strong></span> <span class='ocrx_word' id='word_1_347' title='bbox 782 3554 903 3624; x_wconf 90' lang='lat' dir='ltr'><strong><em>ipsa</em></strong></span> <span class='ocrx_word' id='word_1_348' title='bbox 935 3553 1212 3621; x_wconf 84' lang='lat' dir='ltr'><strong><em>scriptura</em></strong></span> <span class='ocrx_word' id='word_1_349' title='bbox 1248 3550 1627 3607; x_wconf 75' lang='lat' dir='ltr'><strong><em>convinceret.</em></strong></span> 
     </span>
    </p>
   </div>
   <div class='ocr_carea' id='block_1_53' title="bbox 318 3642 1842 3713">
    <p class='ocr_par' dir='ltr' id='par_1_53' title="bbox 318 3642 1842 3713">
     <span class='ocr_line' id='line_1_53' title="bbox 318 3642 1842 3713; baseline -0.007 -8"><span class='ocrx_word' id='word_1_350' title='bbox 318 3653 376 3707; x_wconf 77' lang='grc' dir='ltr'><strong>Ρ.</strong></span> <span class='ocrx_word' id='word_1_351' title='bbox 407 3652 540 3707; x_wconf 72' lang='grc'><strong><em>281.</em></strong></span> <span class='ocrx_word' id='word_1_352' title='bbox 574 3651 813 3703; x_wconf 82' lang='lat' dir='ltr'><strong><em>Sinistra</em></strong></span> <span class='ocrx_word' id='word_1_353' title='bbox 857 3648 920 3702; x_wconf 77' lang='lat' dir='ltr'><strong><em>de</em></strong></span> <span class='ocrx_word' id='word_1_354' title='bbox 967 3647 1232 3701; x_wconf 82' lang='lat' dir='ltr'><strong><em>Germano</em></strong></span> <span class='ocrx_word' id='word_1_355' title='bbox 1274 3644 1508 3713; x_wconf 82' lang='lat' dir='ltr'><strong><em>judicia.</em></strong></span> <span class='ocrx_word' id='word_1_356' title='bbox 1560 3642 1673 3696; x_wconf 84' lang='lat' dir='ltr'><strong><em>Hoc</em></strong></span> <span class='ocrx_word' id='word_1_357' title='bbox 1723 3643 1842 3695; x_wconf 87' lang='lat' dir='ltr'><strong><em>loco</em></strong></span> 
     </span>
    </p>
   </div>
   <div class='ocr_carea' id='block_1_54' title="bbox 248 3734 1841 3813">
    <p class='ocr_par' dir='ltr' id='par_1_54' title="bbox 248 3734 1841 3813">
     <span class='ocr_line' id='line_1_54' title="bbox 248 3734 1841 3813; baseline -0.007 -17"><span class='ocrx_word' id='word_1_358' title='bbox 248 3741 615 3813; x_wconf 82' lang='lat' dir='ltr'><strong><em>Pachytneres</em></strong></span> <span class='ocrx_word' id='word_1_359' title='bbox 669 3740 816 3793; x_wconf 89' lang='lat' dir='ltr'><strong><em>inter</em></strong></span> <span class='ocrx_word' id='word_1_360' title='bbox 866 3734 1274 3792; x_wconf 77' lang='lat' dir='ltr'><strong><em>enutnerandns</em></strong></span> <span class='ocrx_word' id='word_1_361' title='bbox 1316 3734 1427 3789; x_wconf 91' lang='lat' dir='ltr'><strong><em>odii</em></strong></span> <span class='ocrx_word' id='word_1_362' title='bbox 1464 3735 1750 3803; x_wconf 80' lang='lat' dir='ltr'><strong><em>popularis</em></strong></span> <span class='ocrx_word' id='word_1_363' title='bbox 1784 3736 1841 3791; x_wconf 84' lang='lat' dir='ltr'><strong><em>in</em></strong></span> 
     </span>
    </p>
   </div>
   <div class='ocr_carea' id='block_1_55' title="bbox 248 3823 1837 3896">
    <p class='ocr_par' dir='ltr' id='par_1_55' title="bbox 248 3823 1837 3896">
     <span class='ocr_line' id='line_1_55' title="bbox 248 3823 1837 3896; baseline -0.008 -8"><span class='ocrx_word' id='word_1_364' title='bbox 248 3833 579 3888; x_wconf 84' lang='lat' dir='ltr'><strong><em>Germanum</em></strong></span> <span class='ocrx_word' id='word_1_365' title='bbox 599 3845 794 3885; x_wconf 83' lang='lat' dir='ltr'><strong><em>causas</em></strong></span> <span class='ocrx_word' id='word_1_366' title='bbox 816 3844 979 3883; x_wconf 76' lang='lat' dir='ltr'><strong><em>uuam</em></strong></span> <span class='ocrx_word' id='word_1_367' title='bbox 1005 3844 1071 3883; x_wconf 84' lang='lat' dir='ltr'><strong><em>ex</em></strong></span> <span class='ocrx_word' id='word_1_368' title='bbox 1102 3826 1399 3896; x_wconf 66' lang='lat' dir='ltr'><strong><em>praecipuis</em></strong></span> <span class='ocrx_word' id='word_1_369' title='bbox 1423 3823 1655 3888; x_wconf 86' lang='lat' dir='ltr'><strong><em>omittit,</em></strong></span> <span class='ocrx_word' id='word_1_370' title='bbox 1690 3824 1837 3890; x_wconf 88' lang='lat' dir='ltr'><strong><em>quod</em></strong></span> 
     </span>
    </p>
   </div>
   <div class='ocr_carea' id='block_1_56' title="bbox 249 3904 1845 3997">
    <p class='ocr_par' dir='ltr' id='par_1_56' title="bbox 249 3904 1845 3997">
     <span class='ocr_line' id='line_1_56' title="bbox 249 3904 1845 3997; baseline -0.008 -18"><span class='ocrx_word' id='word_1_371' title='bbox 249 3927 369 3997; x_wconf 88' lang='lat' dir='ltr'><strong><em>paci</em></strong></span> <span class='ocrx_word' id='word_1_372' title='bbox 398 3924 775 3981; x_wconf 80' lang='lat' dir='ltr'><strong><em>Ecclesiarum</em></strong></span> <span class='ocrx_word' id='word_1_373' title='bbox 800 3921 1066 3985; x_wconf 87' lang='lat' dir='ltr'><strong><em>studeret,</em></strong></span> <span class='ocrx_word' id='word_1_374' title='bbox 1097 3920 1239 3973; x_wconf 88' lang='lat' dir='ltr'><strong><em>unde</em></strong></span> <span class='ocrx_word' id='word_1_375' title='bbox 1258 3904 1606 3985; x_wconf 80' lang='lat' dir='ltr'><strong><em>postmodum</em></strong></span> <span class='ocrx_word' id='word_1_376' title='bbox 1644 3918 1713 3968; x_wconf 86' lang='lat' dir='ltr'><strong><em>ab</em></strong></span> <span class='ocrx_word' id='word_1_377' title='bbox 1743 3915 1845 3968; x_wconf 65' lang='lat' dir='ltr'><strong><em>isn-</em></strong></span> 
     </span>
    </p>
   </div>
   <div class='ocr_carea' id='block_1_57' title="bbox 252 4006 1842 4091">
    <p class='ocr_par' dir='ltr' id='par_1_57' title="bbox 252 4006 1842 4091">
     <span class='ocr_line' id='line_1_57' title="bbox 252 4006 1842 4091; baseline -0.008 -19"><span class='ocrx_word' id='word_1_378' title='bbox 252 4028 507 4091; x_wconf 83' lang='lat' dir='ltr'><strong><em>peratore</em></strong></span> <span class='ocrx_word' id='word_1_379' title='bbox 548 4015 779 4070; x_wconf 78' lang='lat' dir='ltr'><strong><em>Romam</em></strong></span> <span class='ocrx_word' id='word_1_380' title='bbox 841 4015 1054 4082; x_wconf 60' lang='lat' dir='ltr'><strong><em>legatus</em></strong></span> <span class='ocrx_word' id='word_1_381' title='bbox 1100 4009 1383 4081; x_wconf 76' lang='lat' dir='ltr'><strong><em>negotium</em></strong></span> <span class='ocrx_word' id='word_1_382' title='bbox 1415 4006 1721 4062; x_wconf 63' lang='lat' dir='ltr'><strong><em>concordiae</em></strong></span> <span class='ocrx_word' id='word_1_383' title='bbox 1766 4006 1842 4076; x_wconf 69' lang='lat' dir='ltr'><strong><em>ibi</em></strong></span> 
     </span>
    </p>
   </div>
   <div class='ocr_carea' id='block_1_58' title="bbox 252 4101 1844 4179">
    <p class='ocr_par' dir='ltr' id='par_1_58' title="bbox 252 4101 1844 4179">
     <span class='ocr_line' id='line_1_58' title="bbox 252 4101 1844 4179; baseline -0.008 -13"><span class='ocrx_word' id='word_1_384' title='bbox 252 4111 523 4176; x_wconf 79' lang='lat' dir='ltr'><strong><em>coniecit,</em></strong></span> <span class='ocrx_word' id='word_1_385' title='bbox 592 4116 755 4179; x_wconf 87' lang='lat' dir='ltr'><strong><em>prout</em></strong></span> <span class='ocrx_word' id='word_1_386' title='bbox 806 4105 1004 4161; x_wconf 81' lang='lat' dir='ltr'><strong><em>Noster</em></strong></span> <span class='ocrx_word' id='word_1_387' title='bbox 1054 4115 1240 4159; x_wconf 87' lang='lat' dir='ltr'><strong><em>narrat</em></strong></span> <span class='ocrx_word' id='word_1_388' title='bbox 1291 4120 1343 4170; x_wconf 78' lang='grc' dir='ltr'><strong><em>ιι.</em></strong></span> <span class='ocrx_word' id='word_1_389' title='bbox 1388 4101 1511 4157; x_wconf 67' lang='grc'><strong><em>584.</em></strong></span> <span class='ocrx_word' id='word_1_390' title='bbox 1549 4101 1731 4166; x_wconf 80' lang='lat' dir='ltr'><strong><em>Quare</em></strong></span> <span class='ocrx_word' id='word_1_391' title='bbox 1775 4101 1844 4153; x_wconf 86' lang='lat' dir='ltr'><strong><em>ad</em></strong></span> 
     </span>
    </p>
   </div>
   <div class='ocr_carea' id='block_1_59' title="bbox 253 4193 1843 4260">
    <p class='ocr_par' dir='ltr' id='par_1_59' title="bbox 253 4193 1843 4260">
     <span class='ocr_line' id='line_1_59' title="bbox 253 4193 1843 4260; baseline -0.009 0"><span class='ocrx_word' id='word_1_392' title='bbox 253 4205 352 4260; x_wconf 82' lang='lat' dir='ltr'><strong><em>hoc</em></strong></span> <span class='ocrx_word' id='word_1_393' title='bbox 369 4213 546 4259; x_wconf 86' lang='lat' dir='ltr'><strong><em>totum</em></strong></span> <span class='ocrx_word' id='word_1_394' title='bbox 571 4198 976 4257; x_wconf 87' lang='lat' dir='ltr'><strong><em>conciliationis</em></strong></span> <span class='ocrx_word' id='word_1_395' title='bbox 995 4197 1254 4252; x_wconf 66' lang='lat' dir='ltr'><strong><em>Ecclesiae</em></strong></span> <span class='ocrx_word' id='word_1_396' title='bbox 1277 4195 1476 4250; x_wconf 68' lang='lat' dir='ltr'><strong><em>Graeca:</em></strong></span> <span class='ocrx_word' id='word_1_397' title='bbox 1497 4210 1623 4248; x_wconf 82' lang='lat' dir='ltr'><strong><em>cum</em></strong></span> <span class='ocrx_word' id='word_1_398' title='bbox 1655 4193 1843 4247; x_wconf 79' lang='lat' dir='ltr'><strong><em>Latina</em></strong></span> 
     </span>
    </p>
   </div>
   <div class='ocr_carea' id='block_1_60' title="bbox 253 4284 1843 4366">
    <p class='ocr_par' dir='ltr' id='par_1_60' title="bbox 253 4284 1843 4366">
     <span class='ocr_line' id='line_1_60' title="bbox 253 4284 1843 4366; baseline -0.007 -18"><span class='ocrx_word' id='word_1_399' title='bbox 253 4295 531 4366; x_wconf 71' lang='lat' dir='ltr'><strong><em>negotium</em></strong></span> <span class='ocrx_word' id='word_1_400' title='bbox 562 4293 645 4346; x_wconf 85' lang='lat' dir='ltr'><strong><em>vel</em></strong></span> <span class='ocrx_word' id='word_1_401' title='bbox 688 4291 983 4360; x_wconf 87' lang='lat' dir='ltr'><strong><em>plurimum</em></strong></span> <span class='ocrx_word' id='word_1_402' title='bbox 1016 4289 1137 4357; x_wconf 88' lang='lat' dir='ltr'><strong><em>ipse</em></strong></span> <span class='ocrx_word' id='word_1_403' title='bbox 1173 4287 1422 4342; x_wconf 90' lang='lat' dir='ltr'><strong><em>contulit.</em></strong></span> <span class='ocrx_word' id='word_1_404' title='bbox 1449 4286 1533 4357; x_wconf 81' lang='grc' dir='ltr'><strong><em>[Ρ.</em></strong></span> <span class='ocrx_word' id='word_1_405' title='bbox 1558 4284 1683 4356; x_wconf 70' lang='grc'><strong><em>457]</em></strong></span> <span class='ocrx_word' id='word_1_406' title='bbox 1709 4284 1843 4337; x_wconf 67' lang='lat' dir='ltr'><strong><em>Nam</em></strong></span> 
     </span>
    </p>
   </div>
   <div class='ocr_carea' id='block_1_61' title="bbox 253 4379 1849 4453">
    <p class='ocr_par' dir='ltr' id='par_1_61' title="bbox 253 4379 1849 4453">
     <span class='ocr_line' id='line_1_61' title="bbox 253 4379 1849 4453; baseline -0.008 -9"><span class='ocrx_word' id='word_1_407' title='bbox 253 4399 307 4444; x_wconf 88' lang='lat' dir='ltr'><strong><em>et</em></strong></span> <span class='ocrx_word' id='word_1_408' title='bbox 335 4392 390 4445; x_wconf 92' lang='lat' dir='ltr'><strong><em>in</em></strong></span> <span class='ocrx_word' id='word_1_409' title='bbox 429 4386 669 4444; x_wconf 85' lang='lat' dir='ltr'><strong><em>concilio</em></strong></span> <span class='ocrx_word' id='word_1_410' title='bbox 712 4382 1066 4453; x_wconf 70' lang='lat' dir='ltr'><strong><em>Lugd-mensi</em></strong></span> <span class='ocrx_word' id='word_1_411' title='bbox 1093 4380 1419 4450; x_wconf 80' lang='lat' dir='ltr'><strong><em>comparuit,</em></strong></span> <span class='ocrx_word' id='word_1_412' title='bbox 1450 4388 1505 4453; x_wconf 83' lang='lat' dir='ltr'><strong><em>ut</em></strong></span> <span class='ocrx_word' id='word_1_413' title='bbox 1535 4379 1589 4432; x_wconf 89' lang='lat' dir='ltr'><strong><em>in</em></strong></span> <span class='ocrx_word' id='word_1_414' title='bbox 1613 4394 1731 4443; x_wconf 79' lang='lat' dir='ltr'><strong><em>ejus</em></strong></span> <span class='ocrx_word' id='word_1_415' title='bbox 1762 4392 1849 4431; x_wconf 85' lang='lat' dir='ltr'><strong><em>sa-</em></strong></span> 
     </span>
    </p>
   </div>
   <div class='ocr_carea' id='block_1_62' title="bbox 254 4471 1847 4569">
    <p class='ocr_par' dir='ltr' id='par_1_62' title="bbox 254 4471 1847 4569">
     <span class='ocr_line' id='line_1_62' title="bbox 254 4471 1847 4569; baseline -0.008 -32"><span class='ocrx_word' id='word_1_416' title='bbox 254 4479 738 4537; x_wconf 66' lang='lat' dir='ltr'><strong><em>crauecumenicae</em></strong></span> <span class='ocrx_word' id='word_1_417' title='bbox 762 4475 957 4547; x_wconf 83' lang='lat' dir='ltr'><strong><em>synodi</em></strong></span> <span class='ocrx_word' id='word_1_418' title='bbox 991 4474 1145 4529; x_wconf 82' lang='lat' dir='ltr'><strong><em>Actis</em></strong></span> <span class='ocrx_word' id='word_1_419' title='bbox 1176 4484 1395 4526; x_wconf 85' lang='lat' dir='ltr'><strong><em>notatur</em></strong></span> <span class='ocrx_word' id='word_1_420' title='bbox 1418 4487 1539 4526; x_wconf 76' lang='lat' dir='ltr'><strong><em>sese</em></strong></span> <span class='ocrx_word' id='word_1_421' title='bbox 1676 4472 1847 4525; x_wconf 83' lang='lat' dir='ltr'><strong><em>Porro</em></strong></span> 
     </span>
    </p>
   </div>
   <div class='ocr_carea' id='block_1_63' title="bbox 1933 1963 3516 2054">
    <p class='ocr_par' dir='ltr' id='par_1_63' title="bbox 1933 1963 3516 2054">
     <span class='ocr_line' id='line_1_63' title="bbox 1933 1963 3516 2054; baseline -0.016 -14"><span class='ocrx_word' id='word_1_422' title='bbox 1933 1985 2147 2046; x_wconf 80' lang='grc' dir='ltr'>νασθαι,</span> <span class='ocrx_word' id='word_1_423' title='bbox 2171 1999 2290 2054; x_wconf 73' lang='lat' dir='ltr'><strong><em>qua:</em></strong></span> <span class='ocrx_word' id='word_1_424' title='bbox 2326 1999 2509 2037; x_wconf 86' lang='lat' dir='ltr'><strong><em>secure</em></strong></span> <span class='ocrx_word' id='word_1_425' title='bbox 2557 1979 2972 2039; x_wconf 81' lang='lat' dir='ltr'><strong><em>ostenderentur,</em></strong></span> <span class='ocrx_word' id='word_1_426' title='bbox 2998 1982 3281 2039; x_wconf 88' lang='lat' dir='ltr'><strong><em>utcunque</em></strong></span> <span class='ocrx_word' id='word_1_427' title='bbox 3319 1963 3516 2018; x_wconf 86' lang='lat' dir='ltr'><strong><em>Latina</em></strong></span> 
     </span>
    </p>
   </div>
   <div class='ocr_carea' id='block_1_64' title="bbox 1935 2054 3519 2144">
    <p class='ocr_par' dir='ltr' id='par_1_64' title="bbox 1935 2054 3519 2144">
     <span class='ocr_line' id='line_1_64' title="bbox 1935 2054 3519 2144; baseline -0.018 -12"><span class='ocrx_word' id='word_1_428' title='bbox 1935 2079 2168 2133; x_wconf 80' lang='lat' dir='ltr'><strong><em>reddens</em></strong></span> <span class='ocrx_word' id='word_1_429' title='bbox 2204 2073 2458 2144; x_wconf 79' lang='lat' dir='ltr'><strong><em>expressi</em></strong></span> <span class='ocrx_word' id='word_1_430' title='bbox 2491 2090 2506 2125; x_wconf 89' lang='lat'><strong>:</strong></span> <span class='ocrx_word' id='word_1_431' title='bbox 2552 2078 2716 2125; x_wconf 86' lang='lat' dir='ltr'><strong><em>erant</em></strong></span> <span class='ocrx_word' id='word_1_432' title='bbox 2756 2068 2903 2124; x_wconf 88' lang='lat' dir='ltr'><strong><em>enim</em></strong></span> <span class='ocrx_word' id='word_1_433' title='bbox 2930 2066 2987 2121; x_wconf 89' lang='lat' dir='ltr'><strong><em>in</em></strong></span> <span class='ocrx_word' id='word_1_434' title='bbox 3025 2075 3260 2129; x_wconf 89' lang='lat' dir='ltr'><strong><em>utroque</em></strong></span> <span class='ocrx_word' id='word_1_435' title='bbox 3305 2054 3519 2125; x_wconf 81' lang='lat' dir='ltr'><strong><em>Oplimt)</em></strong></span> 
     </span>
    </p>
   </div>
   <div class='ocr_carea' id='block_1_65' title="bbox 1933 2144 3523 2232">
    <p class='ocr_par' dir='ltr' id='par_1_65' title="bbox 1933 2144 3523 2232">
     <span class='ocr_line' id='line_1_65' title="bbox 1933 2144 3523 2232; baseline -0.017 -10"><span class='ocrx_word' id='word_1_436' title='bbox 1933 2168 2144 2232; x_wconf 88' lang='lat' dir='ltr'><strong><em>codice,</em></strong></span> <span class='ocrx_word' id='word_1_437' title='bbox 2174 2167 2302 2220; x_wconf 87' lang='lat' dir='ltr'><strong><em>licet</em></strong></span> <span class='ocrx_word' id='word_1_438' title='bbox 2339 2182 2401 2220; x_wconf 86' lang='lat' dir='ltr'><strong><em>ea</em></strong></span> <span class='ocrx_word' id='word_1_439' title='bbox 2438 2164 2766 2225; x_wconf 77' lang='lat' dir='ltr'><strong><em>Vaticanus,</em></strong></span> <span class='ocrx_word' id='word_1_440' title='bbox 2799 2168 2860 2215; x_wconf 90' lang='lat' dir='ltr'><strong><em>ut</em></strong></span> <span class='ocrx_word' id='word_1_441' title='bbox 2897 2160 3159 2228; x_wconf 86' lang='lat' dir='ltr'><strong><em>pleraque</em></strong></span> <span class='ocrx_word' id='word_1_442' title='bbox 3211 2165 3317 2205; x_wconf 91' lang='lat' dir='ltr'><strong><em>non</em></strong></span> <span class='ocrx_word' id='word_1_443' title='bbox 3360 2144 3523 2202; x_wconf 89' lang='lat' dir='ltr'><strong><em>intel-</em></strong></span> 
     </span>
    </p>
   </div>
   <div class='ocr_carea' id='block_1_66' title="bbox 1934 2237 3522 2324">
    <p class='ocr_par' dir='ltr' id='par_1_66' title="bbox 1934 2237 3522 2324">
     <span class='ocr_line' id='line_1_66' title="bbox 1934 2237 3522 2324; baseline -0.014 -11"><span class='ocrx_word' id='word_1_444' title='bbox 1934 2261 2073 2317; x_wconf 87' lang='lat' dir='ltr'><strong><em>lecta</em></strong></span> <span class='ocrx_word' id='word_1_445' title='bbox 2109 2262 2237 2324; x_wconf 80' lang='lat' dir='ltr'><strong><em>sibi,</em></strong></span> <span class='ocrx_word' id='word_1_446' title='bbox 2264 2260 2531 2314; x_wconf 71' lang='lat' dir='ltr'><strong><em>transiit.</em></strong></span> <span class='ocrx_word' id='word_1_447' title='bbox 2570 2258 2843 2311; x_wconf 58' lang='lat' dir='ltr'><strong><em>Caeterum</em></strong></span> <span class='ocrx_word' id='word_1_448' title='bbox 2870 2253 3047 2307; x_wconf 77' lang='lat' dir='ltr'><strong><em>fateor</em></strong></span> <span class='ocrx_word' id='word_1_449' title='bbox 3073 2264 3160 2303; x_wconf 89' lang='lat' dir='ltr'><strong><em>me</em></strong></span> <span class='ocrx_word' id='word_1_450' title='bbox 3204 2241 3347 2299; x_wconf 87' lang='lat' dir='ltr'><strong><em>haud</em></strong></span> <span class='ocrx_word' id='word_1_451' title='bbox 3385 2237 3522 2295; x_wconf 84' lang='lat' dir='ltr'><strong><em>satis</em></strong></span> 
     </span>
    </p>
   </div>
   <div class='ocr_carea' id='block_1_67' title="bbox 1935 2332 3525 2422">
    <p class='ocr_par' dir='ltr' id='par_1_67' title="bbox 1935 2332 3525 2422">
     <span class='ocr_line' id='line_1_67' title="bbox 1935 2332 3525 2422; baseline -0.019 -13"><span class='ocrx_word' id='word_1_452' title='bbox 1935 2354 2213 2422; x_wconf 77' lang='lat' dir='ltr'><strong><em>percipere</em></strong></span> <span class='ocrx_word' id='word_1_453' title='bbox 2245 2351 2379 2420; x_wconf 89' lang='lat' dir='ltr'><strong><em>quid</em></strong></span> <span class='ocrx_word' id='word_1_454' title='bbox 2410 2348 2600 2404; x_wconf 83' lang='lat' dir='ltr'><strong><em>velint.</em></strong></span> <span class='ocrx_word' id='word_1_455' title='bbox 2633 2346 2749 2401; x_wconf 83' lang='lat' dir='ltr'><strong><em>Nisi</em></strong></span> <span class='ocrx_word' id='word_1_456' title='bbox 2787 2345 2927 2398; x_wconf 82' lang='lat' dir='ltr'><strong><em>forte</em></strong></span> <span class='ocrx_word' id='word_1_457' title='bbox 2958 2340 3274 2410; x_wconf 72' lang='lat' dir='ltr'><strong><em>signiﬁcent</em></strong></span> <span class='ocrx_word' id='word_1_458' title='bbox 3294 2332 3525 2387; x_wconf 85' lang='lat' dir='ltr'><strong><em>Germa-</em></strong></span> 
     </span>
    </p>
   </div>
   <div class='ocr_carea' id='block_1_68' title="bbox 1934 2418 3523 2509">
    <p class='ocr_par' dir='ltr' id='par_1_68' title="bbox 1934 2418 3523 2509">
     <span class='ocr_line' id='line_1_68' title="bbox 1934 2418 3523 2509; baseline -0.017 -12"><span class='ocrx_word' id='word_1_459' title='bbox 1934 2461 2063 2497; x_wconf 77' lang='lat' dir='ltr'><strong><em>num</em></strong></span> <span class='ocrx_word' id='word_1_460' title='bbox 2128 2442 2433 2497; x_wconf 76' lang='lat' dir='ltr'><strong><em>liberaliter</em></strong></span> <span class='ocrx_word' id='word_1_461' title='bbox 2486 2437 2682 2509; x_wconf 77' lang='lat' dir='ltr'><strong><em>largiri</em></strong></span> <span class='ocrx_word' id='word_1_462' title='bbox 2727 2436 2951 2490; x_wconf 86' lang='lat' dir='ltr'><strong><em>solitum</em></strong></span> <span class='ocrx_word' id='word_1_463' title='bbox 3001 2428 3292 2501; x_wconf 77' lang='lat' dir='ltr'><strong><em>egentibus</em></strong></span> <span class='ocrx_word' id='word_1_464' title='bbox 3342 2438 3409 2477; x_wconf 78' lang='lat' dir='ltr'><strong><em>ex</em></strong></span> <span class='ocrx_word' id='word_1_465' title='bbox 3451 2418 3523 2472; x_wconf 89' lang='lat' dir='ltr'><strong><em>iis</em></strong></span> 
     </span>
    </p>
   </div>
   <div class='ocr_carea' id='block_1_69' title="bbox 1928 2508 3522 2604">
    <p class='ocr_par' dir='ltr' id='par_1_69' title="bbox 1928 2508 3522 2604">
     <span class='ocr_line' id='line_1_69' title="bbox 1928 2508 3522 2604; baseline -0.018 -14"><span class='ocrx_word' id='word_1_466' title='bbox 1928 2552 2050 2604; x_wconf 62' lang='lat' dir='ltr'><strong><em>qua:</em></strong></span> <span class='ocrx_word' id='word_1_467' title='bbox 2076 2537 2130 2590; x_wconf 91' lang='lat' dir='ltr'><strong><em>in</em></strong></span> <span class='ocrx_word' id='word_1_468' title='bbox 2174 2550 2371 2590; x_wconf 70' lang='lat' dir='ltr'><strong><em>uiantis</em></strong></span> <span class='ocrx_word' id='word_1_469' title='bbox 2427 2545 2486 2587; x_wconf 89' lang='lat' dir='ltr'><strong><em>et</em></strong></span> <span class='ocrx_word' id='word_1_470' title='bbox 2541 2508 2863 2600; x_wconf 78' lang='lat' dir='ltr'><strong><em>petestatem</em></strong></span> <span class='ocrx_word' id='word_1_471' title='bbox 2906 2525 3024 2594; x_wconf 77' lang='lat' dir='ltr'><strong><em>ejus</em></strong></span> <span class='ocrx_word' id='word_1_472' title='bbox 3068 2521 3381 2577; x_wconf 75' lang='lat' dir='ltr'><strong><em>veniebant,</em></strong></span> <span class='ocrx_word' id='word_1_473' title='bbox 3412 2508 3522 2565; x_wconf 87' lang='lat' dir='ltr'><strong><em>nisi</em></strong></span> 
     </span>
    </p>
   </div>
   <div class='ocr_carea' id='block_1_70' title="bbox 1932 2600 3529 2695">
    <p class='ocr_par' dir='ltr' id='par_1_70' title="bbox 1932 2600 3529 2695">
     <span class='ocr_line' id='line_1_70' title="bbox 1932 2600 3529 2695; baseline -0.019 -11"><span class='ocrx_word' id='word_1_474' title='bbox 1932 2627 2060 2684; x_wconf 80' lang='lat' dir='ltr'><strong><em>talia</em></strong></span> <span class='ocrx_word' id='word_1_475' title='bbox 2082 2633 2265 2680; x_wconf 78' lang='lat' dir='ltr'><strong><em>essent</em></strong></span> <span class='ocrx_word' id='word_1_476' title='bbox 2285 2640 2407 2695; x_wconf 79' lang='lat' dir='ltr'><strong><em>quae</em></strong></span> <span class='ocrx_word' id='word_1_477' title='bbox 2441 2622 2809 2692; x_wconf 76' lang='lat' dir='ltr'><strong><em>peculiaribus</em></strong></span> <span class='ocrx_word' id='word_1_478' title='bbox 2830 2634 2893 2671; x_wconf 82' lang='lat' dir='ltr'><strong><em>ex</em></strong></span> <span class='ocrx_word' id='word_1_479' title='bbox 2914 2613 3097 2670; x_wconf 89' lang='lat' dir='ltr'><strong><em>causis</em></strong></span> <span class='ocrx_word' id='word_1_480' title='bbox 3122 2613 3353 2665; x_wconf 87' lang='lat' dir='ltr'><strong><em>donasse</em></strong></span> <span class='ocrx_word' id='word_1_481' title='bbox 3384 2600 3529 2661; x_wconf 82' lang='lat' dir='ltr'><strong><em>iuvi-</em></strong></span> 
     </span>
    </p>
   </div>
   <div class='ocr_carea' id='block_1_71' title="bbox 1929 2708 3525 2779">
    <p class='ocr_par' dir='ltr' id='par_1_71' title="bbox 1929 2708 3525 2779">
     <span class='ocr_line' id='line_1_71' title="bbox 1929 2708 3525 2779; baseline -0.018 -6"><span class='ocrx_word' id='word_1_482' title='bbox 1929 2720 2145 2774; x_wconf 81' lang='lat' dir='ltr'><strong><em>diosutn</em></strong></span> <span class='ocrx_word' id='word_1_483' title='bbox 2180 2728 2347 2773; x_wconf 86' lang='lat' dir='ltr'><strong><em>esset.</em></strong></span> <span class='ocrx_word' id='word_1_484' title='bbox 2400 2716 2539 2770; x_wconf 86' lang='lat' dir='ltr'><strong><em>Puta</em></strong></span> <span class='ocrx_word' id='word_1_485' title='bbox 2569 2715 2616 2769; x_wconf 89' lang='lat' dir='ltr'><strong><em>si</em></strong></span> <span class='ocrx_word' id='word_1_486' title='bbox 2657 2729 2779 2767; x_wconf 86' lang='lat' dir='ltr'><strong><em>cum</em></strong></span> <span class='ocrx_word' id='word_1_487' title='bbox 2818 2711 2935 2779; x_wconf 86' lang='lat' dir='ltr'><strong><em>ipse</em></strong></span> <span class='ocrx_word' id='word_1_488' title='bbox 2970 2709 3264 2779; x_wconf 84' lang='lat' dir='ltr'><strong><em>episeopus</em></strong></span> <span class='ocrx_word' id='word_1_489' title='bbox 3298 2708 3393 2753; x_wconf 90' lang='lat' dir='ltr'><strong><em>ant</em></strong></span> <span class='ocrx_word' id='word_1_490' title='bbox 3429 2709 3525 2769; x_wconf 87' lang='lat' dir='ltr'><strong><em>pa-</em></strong></span> 
     </span>
    </p>
   </div>
   <div class='ocr_carea' id='block_1_72' title="bbox 1932 2794 3527 2877">
    <p class='ocr_par' dir='ltr' id='par_1_72' title="bbox 1932 2794 3527 2877">
     <span class='ocr_line' id='line_1_72' title="bbox 1932 2794 3527 2877; baseline -0.014 -9"><span class='ocrx_word' id='word_1_491' title='bbox 1932 2815 2170 2868; x_wconf 81' lang='lat' dir='ltr'><strong><em>triarcha</em></strong></span> <span class='ocrx_word' id='word_1_492' title='bbox 2200 2814 2325 2877; x_wconf 80' lang='lat' dir='ltr'><strong><em>fuit,</em></strong></span> <span class='ocrx_word' id='word_1_493' title='bbox 2353 2828 2420 2866; x_wconf 81' lang='lat' dir='ltr'><strong><em>ex</em></strong></span> <span class='ocrx_word' id='word_1_494' title='bbox 2448 2809 2823 2865; x_wconf 87' lang='lat' dir='ltr'><strong><em>oblationibus</em></strong></span> <span class='ocrx_word' id='word_1_495' title='bbox 2858 2805 2925 2859; x_wconf 89' lang='lat' dir='ltr'><strong><em>ad</em></strong></span> <span class='ocrx_word' id='word_1_496' title='bbox 2951 2818 3012 2858; x_wconf 83' lang='lat' dir='ltr'><strong><em>se</em></strong></span> <span class='ocrx_word' id='word_1_497' title='bbox 3041 2799 3237 2855; x_wconf 85' lang='lat' dir='ltr'><strong><em>delatis</em></strong></span> <span class='ocrx_word' id='word_1_498' title='bbox 3277 2811 3340 2849; x_wconf 87' lang='lat' dir='ltr'><strong><em>ea</em></strong></span> <span class='ocrx_word' id='word_1_499' title='bbox 3368 2794 3527 2847; x_wconf 89' lang='lat' dir='ltr'><strong><em>daret</em></strong></span> 
     </span>
    </p>
   </div>
   <div class='ocr_carea' id='block_1_73' title="bbox 1932 2886 3526 2973">
    <p class='ocr_par' dir='ltr' id='par_1_73' title="bbox 1932 2886 3526 2973">
     <span class='ocr_line' id='line_1_73' title="bbox 1932 2886 3526 2973; baseline -0.016 -13"><span class='ocrx_word' id='word_1_500' title='bbox 1932 2904 2309 2961; x_wconf 82' lang='lat' dir='ltr'><strong><em>ennsntnenda</em></strong></span> <span class='ocrx_word' id='word_1_501' title='bbox 2336 2902 2498 2973; x_wconf 76' lang='lat'><strong>653</strong></span> <span class='ocrx_word' id='word_1_502' title='bbox 2549 2898 2910 2969; x_wconf 86' lang='lat' dir='ltr'><strong><em>pauperibus,</em></strong></span> <span class='ocrx_word' id='word_1_503' title='bbox 2955 2908 3076 2963; x_wconf 70' lang='lat' dir='ltr'><strong><em>quae</em></strong></span> <span class='ocrx_word' id='word_1_504' title='bbox 3121 2890 3217 2960; x_wconf 88' lang='lat' dir='ltr'><strong><em>qui</em></strong></span> <span class='ocrx_word' id='word_1_505' title='bbox 3263 2886 3526 2941; x_wconf 76' lang='lat' dir='ltr'><strong><em>oliet‘rent</em></strong></span> 
     </span>
    </p>
   </div>
   <div class='ocr_carea' id='block_1_74' title="bbox 1930 2980 3526 3068">
    <p class='ocr_par' dir='ltr' id='par_1_74' title="bbox 1930 2980 3526 3068">
     <span class='ocr_line' id='line_1_74' title="bbox 1930 2980 3526 3068; baseline -0.015 -15"><span class='ocrx_word' id='word_1_506' title='bbox 1930 2998 2165 3068; x_wconf 86' lang='lat' dir='ltr'><strong><em>appendi</em></strong></span> <span class='ocrx_word' id='word_1_507' title='bbox 2202 2996 2368 3051; x_wconf 83' lang='lat' dir='ltr'><strong><em>tholis</em></strong></span> <span class='ocrx_word' id='word_1_508' title='bbox 2413 2994 2589 3048; x_wconf 78' lang='lat' dir='ltr'><strong><em>sacris</em></strong></span> <span class='ocrx_word' id='word_1_509' title='bbox 2620 3001 2715 3045; x_wconf 89' lang='lat' dir='ltr'><strong><em>aut</em></strong></span> <span class='ocrx_word' id='word_1_510' title='bbox 2744 2990 2797 3043; x_wconf 91' lang='lat' dir='ltr'><strong><em>in</em></strong></span> <span class='ocrx_word' id='word_1_511' title='bbox 2832 2989 3095 3042; x_wconf 83' lang='lat' dir='ltr'><strong><em>thesauro</em></strong></span> <span class='ocrx_word' id='word_1_512' title='bbox 3140 2980 3526 3038; x_wconf 78' lang='lat' dir='ltr'><strong><em>ecclesiastico</em></strong></span> 
     </span>
    </p>
   </div>
   <div class='ocr_carea' id='block_1_75' title="bbox 1931 3072 3527 3153">
    <p class='ocr_par' dir='ltr' id='par_1_75' title="bbox 1931 3072 3527 3153">
     <span class='ocr_line' id='line_1_75' title="bbox 1931 3072 3527 3153; baseline -0.013 -8"><span class='ocrx_word' id='word_1_513' title='bbox 1931 3093 2139 3146; x_wconf 79' lang='lat' dir='ltr'><strong><em>servari</em></strong></span> <span class='ocrx_word' id='word_1_514' title='bbox 2164 3091 2489 3153; x_wconf 83' lang='lat' dir='ltr'><strong><em>voluissent,</em></strong></span> <span class='ocrx_word' id='word_1_515' title='bbox 2519 3090 2746 3140; x_wconf 80' lang='lat' dir='ltr'><strong><em>moleste</em></strong></span> <span class='ocrx_word' id='word_1_516' title='bbox 2781 3082 2950 3137; x_wconf 81' lang='lat' dir='ltr'><strong><em>laturi</em></strong></span> <span class='ocrx_word' id='word_1_517' title='bbox 2998 3080 3045 3135; x_wconf 89' lang='lat' dir='ltr'><strong><em>si</em></strong></span> <span class='ocrx_word' id='word_1_518' title='bbox 3081 3095 3141 3132; x_wconf 87' lang='lat' dir='ltr'><strong><em>ea</em></strong></span> <span class='ocrx_word' id='word_1_519' title='bbox 3188 3076 3297 3132; x_wconf 90' lang='lat' dir='ltr'><strong><em>teri</em></strong></span> <span class='ocrx_word' id='word_1_520' title='bbox 3345 3072 3527 3127; x_wconf 84' lang='lat' dir='ltr'><strong><em>mani-</em></strong></span> 
     </span>
    </p>
   </div>
   <div class='ocr_carea' id='block_1_76' title="bbox 1859 3175 3151 3274">
    <p class='ocr_par' dir='ltr' id='par_1_76' title="bbox 1859 3175 3151 3274">
     <span class='ocr_line' id='line_1_76' title="bbox 1859 3175 3151 3274; baseline -0.012 -36"><span class='ocrx_word' id='word_1_521' title='bbox 1859 3218 1901 3274; x_wconf 65' lang='grc' dir='ltr'>ο</span> <span class='ocrx_word' id='word_1_522' title='bbox 1936 3186 2037 3238; x_wconf 82' lang='lat' dir='ltr'><strong><em>bus</em></strong></span> <span class='ocrx_word' id='word_1_523' title='bbox 2071 3194 2124 3237; x_wconf 91' lang='lat' dir='ltr'><strong><em>et</em></strong></span> <span class='ocrx_word' id='word_1_524' title='bbox 2149 3182 2404 3237; x_wconf 89' lang='lat' dir='ltr'><strong><em>consumi</em></strong></span> <span class='ocrx_word' id='word_1_525' title='bbox 2432 3195 2533 3233; x_wconf 89' lang='lat' dir='ltr'><strong><em>usu</em></strong></span> <span class='ocrx_word' id='word_1_526' title='bbox 2568 3178 2848 3247; x_wconf 79' lang='lat' dir='ltr'><strong><em>egentium</em></strong></span> <span class='ocrx_word' id='word_1_527' title='bbox 2880 3175 3151 3227; x_wconf 79' lang='lat' dir='ltr'><strong><em>viderent.</em></strong></span> 
     </span>
    </p>
   </div>
   <div class='ocr_carea' id='block_1_77' title="bbox 2014 3259 3530 3344">
    <p class='ocr_par' dir='ltr' id='par_1_77' title="bbox 2014 3259 3530 3344">
     <span class='ocr_line' id='line_1_77' title="bbox 2014 3259 3530 3344; baseline -0.014 -12"><span class='ocrx_word' id='word_1_528' title='bbox 2014 3279 2073 3332; x_wconf 78' lang='grc' dir='ltr'><strong>Ρ.</strong></span> <span class='ocrx_word' id='word_1_529' title='bbox 2093 3277 2217 3331; x_wconf 79' lang='grc'><strong><em>511.</em></strong></span> <span class='ocrx_word' id='word_1_530' title='bbox 2240 3274 2679 3344; x_wconf 74' lang='grc' dir='ltr'><strong><em>Μαρυανδηνοῦ</em></strong></span> <span class='ocrx_word' id='word_1_531' title='bbox 2697 3266 3095 3339; x_wconf 78' lang='grc' dir='ltr'><strong><em>θρηνητῆρος.</em></strong></span> <span class='ocrx_word' id='word_1_532' title='bbox 3124 3264 3389 3318; x_wconf 84' lang='lat' dir='ltr'><strong><em>Alludunt</em></strong></span> <span class='ocrx_word' id='word_1_533' title='bbox 3414 3259 3530 3313; x_wconf 76' lang='lat' dir='ltr'><strong><em>lucc</em></strong></span> 
     </span>
    </p>
   </div>
   <div class='ocr_carea' id='block_1_78' title="bbox 1944 3353 3532 3439">
    <p class='ocr_par' dir='ltr' id='par_1_78' title="bbox 1944 3353 3532 3439">
     <span class='ocr_line' id='line_1_78' title="bbox 1944 3353 3532 3439; baseline -0.014 -17"><span class='ocrx_word' id='word_1_534' title='bbox 1944 3369 2197 3439; x_wconf 71' lang='lat' dir='ltr'><strong><em>adagium</em></strong></span> <span class='ocrx_word' id='word_1_535' title='bbox 2222 3382 2399 3429; x_wconf 80' lang='lat' dir='ltr'><strong><em>vetus,</em></strong></span> <span class='ocrx_word' id='word_1_536' title='bbox 2427 3366 2588 3433; x_wconf 87' lang='lat' dir='ltr'><strong><em>cujus</em></strong></span> <span class='ocrx_word' id='word_1_537' title='bbox 2620 3362 2830 3419; x_wconf 86' lang='lat' dir='ltr'><strong><em>mentio</em></strong></span> <span class='ocrx_word' id='word_1_538' title='bbox 2854 3360 2911 3413; x_wconf 83' lang='lat' dir='ltr'><strong><em>ﬁt</em></strong></span> <span class='ocrx_word' id='word_1_539' title='bbox 2955 3373 3116 3411; x_wconf 81' lang='lat' dir='ltr'><strong><em>versu</em></strong></span> <span class='ocrx_word' id='word_1_540' title='bbox 3146 3355 3251 3409; x_wconf 81' lang='lat'><strong>686</strong></span> <span class='ocrx_word' id='word_1_541' title='bbox 3282 3353 3532 3407; x_wconf 81' lang='lat' dir='ltr'><strong><em>Struma-</em></strong></span> 
     </span>
    </p>
   </div>
   <div class='ocr_carea' id='block_1_79' title="bbox 1946 3444 3529 3529">
    <p class='ocr_par' dir='ltr' id='par_1_79' title="bbox 1946 3444 3529 3529">
     <span class='ocr_line' id='line_1_79' title="bbox 1946 3444 3529 3529; baseline -0.013 -15"><span class='ocrx_word' id='word_1_542' title='bbox 1946 3462 2017 3515; x_wconf 86' lang='lat' dir='ltr'><strong><em>Iei</em></strong></span> <span class='ocrx_word' id='word_1_543' title='bbox 2049 3459 2463 3529; x_wconf 76' lang='lat' dir='ltr'><strong><em>proverbiorum</em></strong></span> <span class='ocrx_word' id='word_1_544' title='bbox 2488 3457 2841 3525; x_wconf 84' lang='lat' dir='ltr'><strong><em>antiquorum</em></strong></span> <span class='ocrx_word' id='word_1_545' title='bbox 2860 3454 3001 3523; x_wconf 83' lang='lat' dir='ltr'><strong><em>apud</em></strong></span> <span class='ocrx_word' id='word_1_546' title='bbox 3029 3450 3300 3505; x_wconf 74' lang='lat' dir='ltr'><strong><em>Andream</em></strong></span> <span class='ocrx_word' id='word_1_547' title='bbox 3327 3444 3529 3499; x_wconf 82' lang='lat' dir='ltr'><strong><em>Schut-</em></strong></span> 
     </span>
    </p>
   </div>
   <div class='ocr_carea' id='block_1_80' title="bbox 1945 3532 3533 3606">
    <p class='ocr_par' dir='ltr' id='par_1_80' title="bbox 1945 3532 3533 3606">
     <span class='ocr_line' id='line_1_80' title="bbox 1945 3532 3533 3606; baseline -0.009 -1"><span class='ocrx_word' id='word_1_548' title='bbox 1945 3562 2058 3606; x_wconf 87' lang='lat' dir='ltr'><strong><em>tutn</em></strong></span> <span class='ocrx_word' id='word_1_549' title='bbox 2104 3561 2352 3605; x_wconf 88' lang='lat' dir='ltr'><strong><em>nostrum</em></strong></span> <span class='ocrx_word' id='word_1_550' title='bbox 2379 3551 2433 3604; x_wconf 93' lang='lat' dir='ltr'><strong><em>in</em></strong></span> <span class='ocrx_word' id='word_1_551' title='bbox 2467 3548 2797 3603; x_wconf 87' lang='lat' dir='ltr'><strong><em>collectione</em></strong></span> <span class='ocrx_word' id='word_1_552' title='bbox 2839 3545 3157 3599; x_wconf 68' lang='lat' dir='ltr'><strong><em>Graecorum</em></strong></span> <span class='ocrx_word' id='word_1_553' title='bbox 3233 3532 3533 3596; x_wconf 67' lang='lat' dir='ltr'><strong><em>Parcendu-</em></strong></span> 
     </span>
    </p>
   </div>
   <div class='ocr_carea' id='block_1_81' title="bbox 1946 3640 2901 3699">
    <p class='ocr_par' dir='ltr' id='par_1_81' title="bbox 1946 3640 2901 3699">
     <span class='ocr_line' id='line_1_81' title="bbox 1946 3640 2901 3699; baseline -0.006 0"><span class='ocrx_word' id='word_1_554' title='bbox 1946 3653 2183 3699; x_wconf 87' lang='lat' dir='ltr'><strong><em>starum.</em></strong></span> <span class='ocrx_word' id='word_1_555' title='bbox 2217 3640 2424 3697; x_wconf 83' lang='lat' dir='ltr'><strong><em>Versus</em></strong></span> <span class='ocrx_word' id='word_1_556' title='bbox 2460 3641 2553 3696; x_wconf 91' lang='lat' dir='ltr'><strong><em>ille</em></strong></span> <span class='ocrx_word' id='word_1_557' title='bbox 2585 3641 2665 3696; x_wconf 90' lang='lat' dir='ltr'><strong><em>sic</em></strong></span> <span class='ocrx_word' id='word_1_558' title='bbox 2694 3649 2855 3695; x_wconf 91' lang='lat' dir='ltr'><strong><em>sonat</em></strong></span> <span class='ocrx_word' id='word_1_559' title='bbox 2887 3657 2901 3693; x_wconf 90' lang='lat'><strong>:</strong></span> 
     </span>
    </p>
   </div>
   <div class='ocr_carea' id='block_1_82' title="bbox 2089 3771 3312 3847">
    <p class='ocr_par' dir='ltr' id='par_1_82' title="bbox 2089 3771 3312 3847">
     <span class='ocr_line' id='line_1_82' title="bbox 2089 3771 3312 3847; baseline -0.008 -14"><span class='ocrx_word' id='word_1_560' title='bbox 2089 3776 2551 3847; x_wconf 72' lang='grc' dir='ltr'><strong><em>Μαρυανδηνῶν</em></strong></span> <span class='ocrx_word' id='word_1_561' title='bbox 2570 3775 2854 3845; x_wconf 81' lang='grc' dir='ltr'><strong><em>μέμνησο</em></strong></span> <span class='ocrx_word' id='word_1_562' title='bbox 2879 3771 3312 3841; x_wconf 77' lang='grc' dir='ltr'><strong><em>θρηνητηρίων.</em></strong></span> 
     </span>
    </p>
   </div>
   <div class='ocr_carea' id='block_1_83' title="bbox 1946 3907 3532 3986">
    <p class='ocr_par' dir='ltr' id='par_1_83' title="bbox 1946 3907 3532 3986">
     <span class='ocr_line' id='line_1_83' title="bbox 1946 3907 3532 3986; baseline -0.006 -13"><span class='ocrx_word' id='word_1_563' title='bbox 1946 3917 2110 3986; x_wconf 75' lang='lat' dir='ltr'><strong><em>0:igo</em></strong></span> <span class='ocrx_word' id='word_1_564' title='bbox 2142 3916 2279 3969; x_wconf 82' lang='lat' dir='ltr'><strong><em>forte</em></strong></span> <span class='ocrx_word' id='word_1_565' title='bbox 2305 3913 2485 3983; x_wconf 72' lang='lat' dir='ltr'><strong><em>azlagii</em></strong></span> <span class='ocrx_word' id='word_1_566' title='bbox 2517 3912 2616 3967; x_wconf 77' lang='lat' dir='ltr'><strong><em>fuit</em></strong></span> <span class='ocrx_word' id='word_1_567' title='bbox 2646 3912 2791 3979; x_wconf 83' lang='lat' dir='ltr'><strong><em>quod</em></strong></span> <span class='ocrx_word' id='word_1_568' title='bbox 2837 3909 2981 3978; x_wconf 88' lang='lat' dir='ltr'><strong><em>apttd</em></strong></span> <span class='ocrx_word' id='word_1_569' title='bbox 3014 3909 3162 3963; x_wconf 90' lang='lat' dir='ltr'><strong><em>illam</em></strong></span> <span class='ocrx_word' id='word_1_570' title='bbox 3204 3907 3532 3978; x_wconf 70' lang='lat' dir='ltr'><strong><em>Maryande~</em></strong></span> 
     </span>
    </p>
   </div>
   <div class='ocr_carea' id='block_1_84' title="bbox 1948 4001 3522 4077">
    <p class='ocr_par' dir='ltr' id='par_1_84' title="bbox 1948 4001 3522 4077">
     <span class='ocr_line' id='line_1_84' title="bbox 1948 4001 3522 4077; baseline -0.008 -13"><span class='ocrx_word' id='word_1_571' title='bbox 1948 4025 2141 4065; x_wconf 88' lang='lat' dir='ltr'><strong><em>norum</em></strong></span> <span class='ocrx_word' id='word_1_572' title='bbox 2193 4016 2409 4077; x_wconf 77' lang='lat' dir='ltr'><strong><em>gentem</em></strong></span> <span class='ocrx_word' id='word_1_573' title='bbox 2469 4006 2659 4058; x_wconf 81' lang='lat' dir='ltr'><strong><em>funera</em></strong></span> <span class='ocrx_word' id='word_1_574' title='bbox 2714 4002 3058 4056; x_wconf 85' lang='lat' dir='ltr'><strong><em>ambitiosius</em></strong></span> <span class='ocrx_word' id='word_1_575' title='bbox 3089 4001 3522 4062; x_wconf 84' lang='lat' dir='ltr'><strong><em>celebrarentur,</em></strong></span> 
     </span>
    </p>
   </div>
   <div class='ocr_carea' id='block_1_85' title="bbox 1949 4092 3527 4162">
    <p class='ocr_par' dir='ltr' id='par_1_85' title="bbox 1949 4092 3527 4162">
     <span class='ocr_line' id='line_1_85' title="bbox 1949 4092 3527 4162; baseline -0.006 -5"><span class='ocrx_word' id='word_1_576' title='bbox 1949 4100 2308 4157; x_wconf 67' lang='lat' dir='ltr'><strong><em>maestissimo</em></strong></span> <span class='ocrx_word' id='word_1_577' title='bbox 2342 4107 2527 4158; x_wconf 84' lang='lat' dir='ltr'><strong><em>cantu,</em></strong></span> <span class='ocrx_word' id='word_1_578' title='bbox 2556 4096 2712 4149; x_wconf 87' lang='lat' dir='ltr'><strong><em>tibiis</em></strong></span> <span class='ocrx_word' id='word_1_579' title='bbox 2746 4094 2870 4148; x_wconf 87' lang='lat' dir='ltr'><strong><em>etid</em></strong></span> <span class='ocrx_word' id='word_1_580' title='bbox 2904 4109 3077 4162; x_wconf 76' lang='lat' dir='ltr'><strong><em>genus</em></strong></span> <span class='ocrx_word' id='word_1_581' title='bbox 3109 4092 3334 4161; x_wconf 59' lang='lat' dir='ltr'><strong><em>organis</em></strong></span> <span class='ocrx_word' id='word_1_582' title='bbox 3371 4092 3527 4147; x_wconf 71' lang='grc' dir='ltr'><strong><em>ωΙΙιὶσι</em></strong></span> 
     </span>
    </p>
   </div>
   <div class='ocr_carea' id='block_1_86' title="bbox 1950 4181 3529 4256">
    <p class='ocr_par' dir='ltr' id='par_1_86' title="bbox 1950 4181 3529 4256">
     <span class='ocr_line' id='line_1_86' title="bbox 1950 4181 3529 4256; baseline -0.009 -8"><span class='ocrx_word' id='word_1_583' title='bbox 1950 4194 2003 4248; x_wconf 83' lang='lat' dir='ltr'><strong><em>bi</em></strong></span> <span class='ocrx_word' id='word_1_584' title='bbox 2031 4193 2099 4247; x_wconf 92' lang='lat' dir='ltr'><strong><em>is.</em></strong></span> <span class='ocrx_word' id='word_1_585' title='bbox 2140 4189 2292 4245; x_wconf 86' lang='lat' dir='ltr'><strong><em>Unde</em></strong></span> <span class='ocrx_word' id='word_1_586' title='bbox 2337 4189 2392 4243; x_wconf 92' lang='lat' dir='ltr'><strong><em>in</em></strong></span> <span class='ocrx_word' id='word_1_587' title='bbox 2456 4185 2803 4256; x_wconf 85' lang='lat' dir='ltr'><strong><em>proverbium</em></strong></span> <span class='ocrx_word' id='word_1_588' title='bbox 2857 4182 3095 4238; x_wconf 76' lang='lat' dir='ltr'><strong><em>abierint</em></strong></span> <span class='ocrx_word' id='word_1_589' title='bbox 3138 4181 3529 4252; x_wconf 74' lang='grc' dir='ltr'><strong><em>Μαιρυανδηνδς</em></strong></span> 
     </span>
    </p>
   </div>
   <div class='ocr_carea' id='block_1_87' title="bbox 1949 4278 3100 4358">
    <p class='ocr_par' dir='ltr' id='par_1_87' title="bbox 1949 4278 3100 4358">
     <span class='ocr_line' id='line_1_87' title="bbox 1949 4278 3100 4358; baseline -0.008 -18"><span class='ocrx_word' id='word_1_590' title='bbox 1949 4286 2230 4358; x_wconf 76' lang='grc' dir='ltr'><strong><em>θρηνητήρ</em></strong></span> <span class='ocrx_word' id='word_1_591' title='bbox 2261 4294 2315 4337; x_wconf 90' lang='lat' dir='ltr'><strong><em>et</em></strong></span> <span class='ocrx_word' id='word_1_592' title='bbox 2344 4281 2710 4349; x_wconf 77' lang='grc' dir='ltr'><strong><em>Μαρυανδηνὰ</em></strong></span> <span class='ocrx_word' id='word_1_593' title='bbox 2740 4278 3100 4348; x_wconf 76' lang='grc' dir='ltr'><strong><em>θρηνητὴρια.</em></strong></span> 
     </span>
    </p>
   </div>
   <div class='ocr_carea' id='block_1_88' title="bbox 2023 4367 3529 4437">
    <p class='ocr_par' dir='ltr' id='par_1_88' title="bbox 2023 4367 3529 4437">
     <span class='ocr_line' id='line_1_88' title="bbox 2023 4367 3529 4437; baseline -0.009 -4"><span class='ocrx_word' id='word_1_594' title='bbox 2023 4379 2240 4433; x_wconf 77' lang='grc' dir='ltr'><strong>Ρ.515.</strong></span> <span class='ocrx_word' id='word_1_595' title='bbox 2277 4374 2567 4427; x_wconf 81' lang='lat' dir='ltr'><strong><em>Athanasio</em></strong></span> <span class='ocrx_word' id='word_1_596' title='bbox 2637 4371 2844 4424; x_wconf 86' lang='lat' dir='ltr'><strong><em>audita.</em></strong></span> <span class='ocrx_word' id='word_1_597' title='bbox 2902 4369 3123 4422; x_wconf 69' lang='lat' dir='ltr'><strong><em>Dixerat</em></strong></span> <span class='ocrx_word' id='word_1_598' title='bbox 3178 4367 3339 4437; x_wconf 83' lang='lat' dir='ltr'><strong><em>paulo</em></strong></span> <span class='ocrx_word' id='word_1_599' title='bbox 3403 4376 3529 4422; x_wconf 83' lang='lat' dir='ltr'><strong><em>ante</em></strong></span> 
     </span>
    </p>
   </div>
   <div class='ocr_carea' id='block_1_89' title="bbox 1955 4458 3533 4533">
    <p class='ocr_par' dir='ltr' id='par_1_89' title="bbox 1955 4458 3533 4533">
     <span class='ocr_line' id='line_1_89' title="bbox 1955 4458 3533 4533; baseline -0.011 -6"><span class='ocrx_word' id='word_1_600' title='bbox 1955 4476 2099 4527; x_wconf 87' lang='lat' dir='ltr'><strong><em>hunc</em></strong></span> <span class='ocrx_word' id='word_1_601' title='bbox 2134 4469 2304 4524; x_wconf 78' lang='lat' dir='ltr'><strong><em>fuisse</em></strong></span> <span class='ocrx_word' id='word_1_602' title='bbox 2329 4463 2764 4520; x_wconf 80' lang='lat' dir='ltr'><strong><em>Alexandrinum</em></strong></span> <span class='ocrx_word' id='word_1_603' title='bbox 2813 4462 3209 4533; x_wconf 66' lang='lat' dir='ltr'><strong><em>patriarcham.</em></strong></span> <span class='ocrx_word' id='word_1_604' title='bbox 3246 4459 3346 4514; x_wconf 84' lang='lat' dir='ltr'><strong><em>llic</em></strong></span> <span class='ocrx_word' id='word_1_605' title='bbox 3381 4458 3533 4513; x_wconf 66' lang='lat' dir='ltr'><strong><em>vide-</em></strong></span> 
     </span>
    </p>
   </div>
   <div class='ocr_carea' id='block_1_90' title="bbox 257 4551 3534 4641">
    <p class='ocr_par' dir='ltr' id='par_1_90' title="bbox 257 4551 3534 4641">
     <span class='ocr_line' id='line_1_90' title="bbox 257 4551 3534 4641; baseline -0.009 -15"><span class='ocrx_word' id='word_1_606' title='bbox 257 4582 549 4641; x_wconf 83' lang='lat' dir='ltr'><strong><em>antequam</em></strong></span> <span class='ocrx_word' id='word_1_607' title='bbox 598 4568 667 4622; x_wconf 88' lang='lat' dir='ltr'><strong><em>ad</em></strong></span> <span class='ocrx_word' id='word_1_608' title='bbox 703 4569 818 4621; x_wconf 58' lang='lat' dir='ltr'><strong><em>haec</em></strong></span> <span class='ocrx_word' id='word_1_609' title='bbox 857 4565 1234 4629; x_wconf 85' lang='lat' dir='ltr'><strong><em>adhiberetur,</em></strong></span> <span class='ocrx_word' id='word_1_610' title='bbox 1276 4551 1663 4617; x_wconf 50' lang='lat' dir='ltr'><strong><em>ohservave‘tiitt</em></strong></span> <span class='ocrx_word' id='word_1_611' title='bbox 1692 4562 1840 4615; x_wconf 84' lang='lat' dir='ltr'><strong><em>\idc-</em></strong></span> <span class='ocrx_word' id='word_1_612' title='bbox 1879 4552 1917 4601; x_wconf 78' lang='grc' dir='ltr'><strong><em>Ῑ)</em></strong></span> <span class='ocrx_word' id='word_1_613' title='bbox 1951 4580 2040 4621; x_wconf 87' lang='lat' dir='ltr'><strong><em>tur</em></strong></span> <span class='ocrx_word' id='word_1_614' title='bbox 2068 4565 2402 4621; x_wconf 79' lang='lat' dir='ltr'><strong><em>successisse</em></strong></span> <span class='ocrx_word' id='word_1_615' title='bbox 2442 4555 2686 4619; x_wconf 82' lang='lat' dir='ltr'><strong><em>Nicolao,</em></strong></span> <span class='ocrx_word' id='word_1_616' title='bbox 2722 4557 2880 4625; x_wconf 88' lang='lat' dir='ltr'><strong><em>cujus</em></strong></span> <span class='ocrx_word' id='word_1_617' title='bbox 2922 4555 3129 4609; x_wconf 82' lang='lat' dir='ltr'><strong><em>mentio</em></strong></span> <span class='ocrx_word' id='word_1_618' title='bbox 3159 4562 3242 4608; x_wconf 77' lang='lat' dir='ltr'><strong><em>est</em></strong></span> <span class='ocrx_word' id='word_1_619' title='bbox 3279 4551 3404 4606; x_wconf 80' lang='lat' dir='ltr'><strong><em>libri</em></strong></span> <span class='ocrx_word' id='word_1_620' title='bbox 3434 4555 3534 4607; x_wconf 78' lang='grc' dir='ltr'><strong><em>Ιιυ..</em></strong></span> 
     </span>
    </p>
   </div>
   <div class='ocr_carea' id='block_1_91' title="bbox 258 4654 1839 4729">
    <p class='ocr_par' dir='ltr' id='par_1_91' title="bbox 258 4654 1839 4729">
     <span class='ocr_line' id='line_1_91' title="bbox 258 4654 1839 4729; baseline -0.009 -9"><span class='ocrx_word' id='word_1_621' title='bbox 258 4666 385 4725; x_wconf 84' lang='lat' dir='ltr'><strong><em>licet</em></strong></span> <span class='ocrx_word' id='word_1_622' title='bbox 420 4666 723 4729; x_wconf 84' lang='lat' dir='ltr'><strong><em>imperator</em></strong></span> <span class='ocrx_word' id='word_1_623' title='bbox 748 4658 1172 4728; x_wconf 89' lang='lat' dir='ltr'><strong><em>propensionem</em></strong></span> <span class='ocrx_word' id='word_1_624' title='bbox 1205 4657 1325 4724; x_wconf 82' lang='lat' dir='ltr'><strong><em>ejus</em></strong></span> <span class='ocrx_word' id='word_1_625' title='bbox 1349 4656 1415 4711; x_wconf 85' lang='lat' dir='ltr'><strong><em>ad</em></strong></span> <span class='ocrx_word' id='word_1_626' title='bbox 1458 4654 1702 4716; x_wconf 82' lang='lat' dir='ltr'><strong><em>Latinos,</em></strong></span> <span class='ocrx_word' id='word_1_627' title='bbox 1742 4654 1839 4706; x_wconf 85' lang='lat' dir='ltr'><strong><em>ob-</em></strong></span> 
     </span>
    </p>
   </div>
   <div class='ocr_carea' id='block_1_92' title="bbox 256 4752 1838 4823">
    <p class='ocr_par' dir='ltr' id='par_1_92' title="bbox 256 4752 1838 4823">
     <span class='ocr_line' id='line_1_92' title="bbox 256 4752 1838 4823; baseline -0.007 -7"><span class='ocrx_word' id='word_1_628' title='bbox 256 4767 609 4816; x_wconf 76' lang='lat' dir='ltr'><strong><em>servaverunt</em></strong></span> <span class='ocrx_word' id='word_1_629' title='bbox 644 4764 698 4811; x_wconf 93' lang='lat' dir='ltr'><strong><em>et</em></strong></span> <span class='ocrx_word' id='word_1_630' title='bbox 733 4755 848 4818; x_wconf 89' lang='lat' dir='ltr'><strong><em>alii,</em></strong></span> <span class='ocrx_word' id='word_1_631' title='bbox 903 4754 999 4823; x_wconf 85' lang='lat' dir='ltr'><strong><em>qui</em></strong></span> <span class='ocrx_word' id='word_1_632' title='bbox 1035 4754 1241 4806; x_wconf 85' lang='lat' dir='ltr'><strong><em>addicti</em></strong></span> <span class='ocrx_word' id='word_1_633' title='bbox 1293 4752 1576 4806; x_wconf 64' lang='lat' dir='ltr'><strong><em>schisuvti</em></strong></span> <span class='ocrx_word' id='word_1_634' title='bbox 1637 4754 1709 4805; x_wconf 90' lang='lat' dir='ltr'><strong><em>ob</em></strong></span> <span class='ocrx_word' id='word_1_635' title='bbox 1781 4752 1838 4805; x_wconf 83' lang='lat' dir='ltr'><strong><em>id</em></strong></span> 
     </span>
    </p>
   </div>
   <div class='ocr_carea' id='block_1_93' title="bbox 258 4845 1840 4922">
    <p class='ocr_par' dir='ltr' id='par_1_93' title="bbox 258 4845 1840 4922">
     <span class='ocr_line' id='line_1_93' title="bbox 258 4845 1840 4922; baseline -0.006 -16"><span class='ocrx_word' id='word_1_636' title='bbox 258 4851 437 4922; x_wconf 81' lang='lat' dir='ltr'><strong><em>ipsum</em></strong></span> <span class='ocrx_word' id='word_1_637' title='bbox 475 4866 598 4904; x_wconf 88' lang='lat' dir='ltr'><strong><em>eum</em></strong></span> <span class='ocrx_word' id='word_1_638' title='bbox 622 4849 859 4917; x_wconf 67' lang='lat' dir='ltr'><strong><em>pessime</em></strong></span> <span class='ocrx_word' id='word_1_639' title='bbox 888 4849 1118 4901; x_wconf 85' lang='lat' dir='ltr'><strong><em>oderant</em></strong></span> <span class='ocrx_word' id='word_1_640' title='bbox 1147 4855 1199 4898; x_wconf 92' lang='lat' dir='ltr'><strong><em>et</em></strong></span> <span class='ocrx_word' id='word_1_641' title='bbox 1227 4846 1403 4898; x_wconf 85' lang='lat' dir='ltr'><strong><em>eidem</em></strong></span> <span class='ocrx_word' id='word_1_642' title='bbox 1436 4858 1620 4913; x_wconf 87' lang='lat' dir='ltr'><strong><em>postea</em></strong></span> <span class='ocrx_word' id='word_1_643' title='bbox 1660 4845 1840 4912; x_wconf 80' lang='lat' dir='ltr'><strong><em>impu-</em></strong></span> 
     </span>
    </p>
   </div>
   <div class='ocr_carea' id='block_1_94' title="bbox 259 4940 1834 5013">
    <p class='ocr_par' dir='ltr' id='par_1_94' title="bbox 259 4940 1834 5013">
     <span class='ocr_line' id='line_1_94' title="bbox 259 4940 1834 5013; baseline -0.005 -16"><span class='ocrx_word' id='word_1_644' title='bbox 259 4941 724 5013; x_wconf 81' lang='lat' dir='ltr'><strong><em>taruntquidquid</em></strong></span> <span class='ocrx_word' id='word_1_645' title='bbox 753 4940 810 4993; x_wconf 91' lang='lat' dir='ltr'><strong><em>in</em></strong></span> <span class='ocrx_word' id='word_1_646' title='bbox 835 4941 937 4992; x_wconf 88' lang='lat' dir='ltr'><strong><em>hoc</em></strong></span> <span class='ocrx_word' id='word_1_647' title='bbox 969 4954 1167 5009; x_wconf 76' lang='lat' dir='ltr'><strong><em>genere</em></strong></span> <span class='ocrx_word' id='word_1_648' title='bbox 1190 4950 1381 4990; x_wconf 84' lang='lat' dir='ltr'><strong><em>contra</em></strong></span> <span class='ocrx_word' id='word_1_649' title='bbox 1414 4953 1603 4990; x_wconf 87' lang='lat' dir='ltr'><strong><em>eorum</em></strong></span> <span class='ocrx_word' id='word_1_650' title='bbox 1646 4947 1834 4990; x_wconf 83' lang='lat' dir='ltr'><strong><em>votum</em></strong></span> 
     </span>
    </p>
   </div>
   <div class='ocr_carea' id='block_1_95' title="bbox 260 5030 1840 5104">
    <p class='ocr_par' dir='ltr' id='par_1_95' title="bbox 260 5030 1840 5104">
     <span class='ocr_line' id='line_1_95' title="bbox 260 5030 1840 5104; baseline -0.005 -15"><span class='ocrx_word' id='word_1_651' title='bbox 260 5034 511 5104; x_wconf 80' lang='lat' dir='ltr'><strong><em>contigit.</em></strong></span> <span class='ocrx_word' id='word_1_652' title='bbox 547 5032 867 5102; x_wconf 84' lang='lat' dir='ltr'><strong><em>Anonymus</em></strong></span> <span class='ocrx_word' id='word_1_653' title='bbox 913 5030 1174 5091; x_wconf 85' lang='lat' dir='ltr'><strong><em>ineditus,</em></strong></span> <span class='ocrx_word' id='word_1_654' title='bbox 1203 5030 1360 5095; x_wconf 85' lang='lat' dir='ltr'><strong><em>cujus</em></strong></span> <span class='ocrx_word' id='word_1_655' title='bbox 1396 5032 1703 5096; x_wconf 76' lang='lat' dir='ltr'><strong><em>exemplum</em></strong></span> <span class='ocrx_word' id='word_1_656' title='bbox 1746 5046 1840 5081; x_wconf 77' lang='lat' dir='ltr'><strong><em>cx—</em></strong></span> 
     </span>
    </p>
   </div>
   <div class='ocr_carea' id='block_1_96' title="bbox 260 5121 1837 5195">
    <p class='ocr_par' dir='ltr' id='par_1_96' title="bbox 260 5121 1837 5195">
     <span class='ocr_line' id='line_1_96' title="bbox 260 5121 1837 5195; baseline -0.004 -16"><span class='ocrx_word' id='word_1_657' title='bbox 260 5138 364 5181; x_wconf 72' lang='lat' dir='ltr'><strong><em>SIat</em></strong></span> <span class='ocrx_word' id='word_1_658' title='bbox 402 5126 545 5195; x_wconf 88' lang='lat' dir='ltr'><strong><em>apud</em></strong></span> <span class='ocrx_word' id='word_1_659' title='bbox 570 5126 648 5180; x_wconf 85' lang='lat' dir='ltr'><strong><em>ill.</em></strong></span> <span class='ocrx_word' id='word_1_660' title='bbox 681 5125 941 5179; x_wconf 85' lang='lat' dir='ltr'><strong><em>Allatium</em></strong></span> <span class='ocrx_word' id='word_1_661' title='bbox 986 5122 1040 5176; x_wconf 90' lang='lat' dir='ltr'><strong><em>in</em></strong></span> <span class='ocrx_word' id='word_1_662' title='bbox 1082 5137 1246 5189; x_wconf 89' lang='lat' dir='ltr'><strong><em>opere</em></strong></span> <span class='ocrx_word' id='word_1_663' title='bbox 1278 5121 1350 5174; x_wconf 76' lang='lat' dir='ltr'><strong><em>lle</em></strong></span> <span class='ocrx_word' id='word_1_664' title='bbox 1401 5122 1837 5173; x_wconf 83' lang='lat' dir='ltr'><strong><em>translationibus</em></strong></span> 
     </span>
    </p>
   </div>
   <div class='ocr_carea' id='block_1_97' title="bbox 261 5215 1839 5289">
    <p class='ocr_par' dir='ltr' id='par_1_97' title="bbox 261 5215 1839 5289">
     <span class='ocr_line' id='line_1_97' title="bbox 261 5215 1839 5289; baseline -0.003 -13"><span class='ocrx_word' id='word_1_665' title='bbox 261 5222 645 5289; x_wconf 78' lang='lat' dir='ltr'><strong><em>episcoporum,</em></strong></span> <span class='ocrx_word' id='word_1_666' title='bbox 698 5217 896 5287; x_wconf 87' lang='lat' dir='ltr'><strong><em>spiritu</em></strong></span> <span class='ocrx_word' id='word_1_667' title='bbox 964 5215 1322 5271; x_wconf 84' lang='lat' dir='ltr'><strong><em>schismatico</em></strong></span> <span class='ocrx_word' id='word_1_668' title='bbox 1377 5226 1662 5280; x_wconf 75' lang='lat' dir='ltr'><strong><em>aestuans,</em></strong></span> <span class='ocrx_word' id='word_1_669' title='bbox 1724 5218 1839 5271; x_wconf 79' lang='lat' dir='ltr'><strong><em>ilzl‘c</em></strong></span> 
     </span>
    </p>
   </div>
   <div class='ocr_carea' id='block_1_98' title="bbox 264 5310 1839 5380">
    <p class='ocr_par' dir='ltr' id='par_1_98' title="bbox 264 5310 1839 5380">
     <span class='ocr_line' id='line_1_98' title="bbox 264 5310 1839 5380; baseline -0.006 -12"><span class='ocrx_word' id='word_1_670' title='bbox 264 5315 455 5368; x_wconf 71' lang='lat' dir='ltr'><strong><em>Scribit</em></strong></span> <span class='ocrx_word' id='word_1_671' title='bbox 485 5331 499 5366; x_wconf 92' lang='lat'><strong>:</strong></span> <span class='ocrx_word' id='word_1_672' title='bbox 546 5313 607 5366; x_wconf 74' lang='grc' dir='ltr'><strong><em>ἀ)</em></strong></span> <span class='ocrx_word' id='word_1_673' title='bbox 639 5310 1133 5380; x_wconf 76' lang='grc' dir='ltr'><strong><em>Ἀδριανουπὸλεως</em></strong></span> <span class='ocrx_word' id='word_1_674' title='bbox 1153 5310 1452 5378; x_wconf 72' lang='grc' dir='ltr'><strong><em>Γερμανὸς,</em></strong></span> <span class='ocrx_word' id='word_1_675' title='bbox 1472 5312 1499 5361; x_wconf 79' lang='grc' dir='ltr'><strong>ὁ</strong></span> <span class='ocrx_word' id='word_1_676' title='bbox 1522 5310 1839 5378; x_wconf 78' lang='grc' dir='ltr'><strong><em>ἐπικληθεὶς</em></strong></span> 
     </span>
    </p>
   </div>
   <div class='ocr_carea' id='block_1_99' title="bbox 260 5402 1843 5475">
    <p class='ocr_par' dir='ltr' id='par_1_99' title="bbox 260 5402 1843 5475">
     <span class='ocr_line' id='line_1_99' title="bbox 260 5402 1843 5475; baseline -0.003 -18"><span class='ocrx_word' id='word_1_677' title='bbox 260 5404 641 5475; x_wconf 55' lang='lat' dir='ltr'><strong><em>Mollweide,</em></strong></span> <span class='ocrx_word' id='word_1_678' title='bbox 687 5403 749 5464; x_wconf 78' lang='grc' dir='ltr'><strong><em>ὃς</em></strong></span> <span class='ocrx_word' id='word_1_679' title='bbox 798 5404 891 5455; x_wconf 71' lang='grc' dir='ltr'><strong><em>καὶ</em></strong></span> <span class='ocrx_word' id='word_1_680' title='bbox 938 5402 1278 5471; x_wconf 71' lang='grc' dir='ltr'><strong><em>λατινόφρων</em></strong></span> <span class='ocrx_word' id='word_1_681' title='bbox 1308 5402 1500 5469; x_wconf 80' lang='grc' dir='ltr'><strong><em>γέγονε</em></strong></span> <span class='ocrx_word' id='word_1_682' title='bbox 1557 5405 1650 5452; x_wconf 75' lang='grc' dir='ltr'>καὶ</span> <span class='ocrx_word' id='word_1_683' title='bbox 1704 5402 1843 5453; x_wconf 81' lang='grc' dir='ltr'><strong><em>κατά</em></strong></span> 
     </span>
    </p>
   </div>
   <div class='ocr_carea' id='block_1_100' title="bbox 262 5493 1845 5562">
    <p class='ocr_par' dir='ltr' id='par_1_100' title="bbox 262 5493 1845 5562">
     <span class='ocr_line' id='line_1_100' title="bbox 262 5493 1845 5562; baseline -0.003 -11"><span class='ocrx_word' id='word_1_684' title='bbox 262 5499 369 5551; x_wconf 78' lang='grc' dir='ltr'><strong><em>τῶν</em></strong></span> <span class='ocrx_word' id='word_1_685' title='bbox 416 5497 656 5555; x_wconf 75' lang='grc' dir='ltr'>εὐσεϐῶν</span> <span class='ocrx_word' id='word_1_686' title='bbox 686 5495 920 5562; x_wconf 81' lang='grc' dir='ltr'><strong><em>διωγμὸν</em></strong></span> <span class='ocrx_word' id='word_1_687' title='bbox 956 5494 1173 5561; x_wconf 67' lang='grc' dir='ltr'><strong><em>ἐκίνησε</em></strong></span> <span class='ocrx_word' id='word_1_688' title='bbox 1206 5494 1397 5562; x_wconf 73' lang='grc' dir='ltr'><strong>μέγαν.</strong></span> <span class='ocrx_word' id='word_1_689' title='bbox 1435 5493 1845 5559; x_wconf 73' lang='lat' dir='ltr'><strong><em>Adrianopoleos</em></strong></span> 
     </span>
    </p>
   </div>
   <div class='ocr_carea' id='block_1_101' title="bbox 268 5582 1850 5656">
    <p class='ocr_par' dir='ltr' id='par_1_101' title="bbox 268 5582 1850 5656">
     <span class='ocr_line' id='line_1_101' title="bbox 268 5582 1850 5656; baseline -0.005 -11"><span class='ocrx_word' id='word_1_690' title='bbox 268 5589 581 5651; x_wconf 74' lang='lat' dir='ltr'><strong><em>Germanus,</em></strong></span> <span class='ocrx_word' id='word_1_691' title='bbox 615 5594 953 5656; x_wconf 86' lang='lat' dir='ltr'><strong><em>cognomento</em></strong></span> <span class='ocrx_word' id='word_1_692' title='bbox 982 5582 1342 5648; x_wconf 75' lang='lat' dir='ltr'><strong><em>Halchutzas,</em></strong></span> <span class='ocrx_word' id='word_1_693' title='bbox 1372 5587 1461 5653; x_wconf 84' lang='lat' dir='ltr'><strong><em>qui</em></strong></span> <span class='ocrx_word' id='word_1_694' title='bbox 1501 5598 1546 5639; x_wconf 89' lang='lat' dir='ltr'><strong><em>et</em></strong></span> <span class='ocrx_word' id='word_1_695' title='bbox 1583 5601 1705 5638; x_wconf 83' lang='lat' dir='ltr'><strong><em>cum</em></strong></span> <span class='ocrx_word' id='word_1_696' title='bbox 1741 5584 1850 5637; x_wconf 86' lang='lat' dir='ltr'><strong><em>La-</em></strong></span> 
     </span>
    </p>
   </div>
   <div class='ocr_carea' id='block_1_102' title="bbox 269 5675 1851 5752">
    <p class='ocr_par' dir='ltr' id='par_1_102' title="bbox 269 5675 1851 5752">
     <span class='ocr_line' id='line_1_102' title="bbox 269 5675 1851 5752; baseline -0.004 -17"><span class='ocrx_word' id='word_1_697' title='bbox 269 5683 392 5752; x_wconf 68' lang='lat' dir='ltr'><strong><em>jinis</em></strong></span> <span class='ocrx_word' id='word_1_698' title='bbox 440 5682 602 5734; x_wconf 81' lang='lat' dir='ltr'><strong><em>sensit</em></strong></span> <span class='ocrx_word' id='word_1_699' title='bbox 641 5687 690 5732; x_wconf 88' lang='lat' dir='ltr'><strong><em>et</em></strong></span> <span class='ocrx_word' id='word_1_700' title='bbox 729 5688 913 5731; x_wconf 85' lang='lat' dir='ltr'><strong><em>contra</em></strong></span> <span class='ocrx_word' id='word_1_701' title='bbox 956 5678 1070 5743; x_wconf 68' lang='lat' dir='ltr'><strong><em>pios</em></strong></span> <span class='ocrx_word' id='word_1_702' title='bbox 1107 5675 1298 5745; x_wconf 87' lang='lat' dir='ltr'><strong><em>(immo</em></strong></span> <span class='ocrx_word' id='word_1_703' title='bbox 1337 5676 1538 5746; x_wconf 84' lang='lat' dir='ltr'><strong><em>impios</em></strong></span> <span class='ocrx_word' id='word_1_704' title='bbox 1579 5676 1851 5733; x_wconf 83' lang='lat' dir='ltr'><strong><em>schisma-</em></strong></span> 
     </span>
    </p>
   </div>
   <div class='ocr_carea' id='block_1_103' title="bbox 269 5771 1349 5842">
    <p class='ocr_par' dir='ltr' id='par_1_103' title="bbox 269 5771 1349 5842">
     <span class='ocr_line' id='line_1_103' title="bbox 269 5771 1349 5842; baseline -0.005 -14"><span class='ocrx_word' id='word_1_705' title='bbox 269 5776 427 5842; x_wconf 82' lang='lat' dir='ltr'><strong><em>ticos)</em></strong></span> <span class='ocrx_word' id='word_1_706' title='bbox 456 5774 866 5842; x_wconf 79' lang='lat' dir='ltr'><strong><em>persecutionem</em></strong></span> <span class='ocrx_word' id='word_1_707' title='bbox 896 5771 1050 5822; x_wconf 83' lang='lat' dir='ltr'><strong><em>movit</em></strong></span> <span class='ocrx_word' id='word_1_708' title='bbox 1080 5785 1349 5838; x_wconf 83' lang='lat' dir='ltr'><strong><em>magnam.</em></strong></span> 
     </span>
    </p>
   </div>
   <div class='ocr_carea' id='block_1_104' title="bbox 336 5861 1851 5934">
    <p class='ocr_par' dir='ltr' id='par_1_104' title="bbox 336 5861 1851 5934">
     <span class='ocr_line' id='line_1_104' title="bbox 336 5861 1851 5934; baseline -0.003 -9"><span class='ocrx_word' id='word_1_709' title='bbox 336 5867 399 5925; x_wconf 84' lang='lat' dir='ltr'><strong><em>P.</em></strong></span> <span class='ocrx_word' id='word_1_710' title='bbox 422 5868 549 5924; x_wconf 75' lang='lat'><strong><em>282.</em></strong></span> <span class='ocrx_word' id='word_1_711' title='bbox 576 5867 826 5925; x_wconf 86' lang='lat' dir='ltr'><strong><em>Germani</em></strong></span> <span class='ocrx_word' id='word_1_712' title='bbox 871 5866 1114 5923; x_wconf 84' lang='lat' dir='ltr'><strong><em>alterius.</em></strong></span> <span class='ocrx_word' id='word_1_713' title='bbox 1155 5861 1285 5919; x_wconf 89' lang='lat' dir='ltr'><strong><em>Fuit</em></strong></span> <span class='ocrx_word' id='word_1_714' title='bbox 1319 5862 1410 5920; x_wconf 88' lang='lat' dir='ltr'><strong><em>hic</em></strong></span> <span class='ocrx_word' id='word_1_715' title='bbox 1442 5872 1593 5920; x_wconf 89' lang='lat' dir='ltr'><strong><em>retro</em></strong></span> <span class='ocrx_word' id='word_1_716' title='bbox 1622 5865 1851 5934; x_wconf 83' lang='lat' dir='ltr'><strong><em>quintus</em></strong></span> 
     </span>
    </p>
   </div>
   <div class='ocr_carea' id='block_1_105' title="bbox 1942 4648 3539 4735">
    <p class='ocr_par' dir='ltr' id='par_1_105' title="bbox 1942 4648 3539 4735">
     <span class='ocr_line' id='line_1_105' title="bbox 1942 4648 3539 4735; baseline -0.014 -15"><span class='ocrx_word' id='word_1_717' title='bbox 1942 4648 2034 4735; x_wconf 47' lang='lat' dir='ltr'><strong><em>j&#39;us</em></strong></span> <span class='ocrx_word' id='word_1_718' title='bbox 2066 4681 2113 4721; x_wconf 91' lang='lat' dir='ltr'><strong><em>c.</em></strong></span> <span class='ocrx_word' id='word_1_719' title='bbox 2147 4667 2201 4720; x_wconf 88' lang='lat'><strong><em>9.</em></strong></span> <span class='ocrx_word' id='word_1_720' title='bbox 2236 4664 2308 4716; x_wconf 82' lang='lat' dir='ltr'><strong><em>Ex</em></strong></span> <span class='ocrx_word' id='word_1_721' title='bbox 2349 4664 2512 4731; x_wconf 87' lang='lat' dir='ltr'><strong><em>hujus</em></strong></span> <span class='ocrx_word' id='word_1_722' title='bbox 2557 4660 2755 4729; x_wconf 79' lang='lat' dir='ltr'><strong><em>capitis</em></strong></span> <span class='ocrx_word' id='word_1_723' title='bbox 2791 4656 2973 4711; x_wconf 68' lang='lat' dir='ltr'><strong><em>vertis</em></strong></span> <span class='ocrx_word' id='word_1_724' title='bbox 3006 4655 3272 4707; x_wconf 82' lang='lat' dir='ltr'><strong><em>habemus</em></strong></span> <span class='ocrx_word' id='word_1_725' title='bbox 3327 4648 3539 4718; x_wconf 75' lang='lat' dir='ltr'><strong><em>Pachy-</em></strong></span> 
     </span>
    </p>
   </div>
   <div class='ocr_carea' id='block_1_106' title="bbox 1951 4740 3531 4826">
    <p class='ocr_par' dir='ltr' id='par_1_106' title="bbox 1951 4740 3531 4826">
     <span class='ocr_line' id='line_1_106' title="bbox 1951 4740 3531 4826; baseline -0.013 -13"><span class='ocrx_word' id='word_1_726' title='bbox 1951 4760 2085 4813; x_wconf 86' lang='lat' dir='ltr'><strong><em>tneri</em></strong></span> <span class='ocrx_word' id='word_1_727' title='bbox 2139 4759 2434 4826; x_wconf 66' lang='grc' dir='ltr'><strong><em>σύγχρονον</em></strong></span> <span class='ocrx_word' id='word_1_728' title='bbox 2495 4767 2549 4809; x_wconf 88' lang='lat' dir='ltr'><strong><em>et</em></strong></span> <span class='ocrx_word' id='word_1_729' title='bbox 2609 4751 2934 4805; x_wconf 79' lang='lat' dir='ltr'><strong><em>familiarem</em></strong></span> <span class='ocrx_word' id='word_1_730' title='bbox 2992 4746 3163 4799; x_wconf 84' lang='lat' dir='ltr'><strong><em>luisse</em></strong></span> <span class='ocrx_word' id='word_1_731' title='bbox 3233 4740 3531 4812; x_wconf 78' lang='lat' dir='ltr'><strong><em>quemdam</em></strong></span> 
     </span>
    </p>
   </div>
   <div class='ocr_carea' id='block_1_107' title="bbox 1950 4822 3601 4916">
    <p class='ocr_par' dir='ltr' id='par_1_107' title="bbox 1950 4822 3601 4916">
     <span class='ocr_line' id='line_1_107' title="bbox 1950 4822 3601 4916; baseline -0.012 -13"><span class='ocrx_word' id='word_1_732' title='bbox 1950 4850 2308 4904; x_wconf 78' lang='lat' dir='ltr'><strong><em>Athanasium</em></strong></span> <span class='ocrx_word' id='word_1_733' title='bbox 2372 4848 2735 4916; x_wconf 78' lang='lat' dir='ltr'><strong><em>patriarrham</em></strong></span> <span class='ocrx_word' id='word_1_734' title='bbox 2790 4839 3245 4899; x_wconf 75' lang='lat' dir='ltr'><strong><em>Alexatulrinutn,</em></strong></span> <span class='ocrx_word' id='word_1_735' title='bbox 3281 4834 3377 4902; x_wconf 86' lang='lat' dir='ltr'><strong><em>qui</em></strong></span> <span class='ocrx_word' id='word_1_736' title='bbox 3409 4835 3531 4889; x_wconf 76' lang='lat' dir='ltr'><strong><em>sine</em></strong></span> <span class='ocrx_word' id='word_1_737' title='bbox 3597 4822 3601 4835; x_wconf 81' lang='grc'><strong>’</strong></span> 
     </span>
    </p>
   </div>
   <div class='ocr_carea' id='block_1_108' title="bbox 1949 4926 3569 5013">
    <p class='ocr_par' dir='ltr' id='par_1_108' title="bbox 1949 4926 3569 5013">
     <span class='ocr_line' id='line_1_108' title="bbox 1949 4926 3569 5013; baseline -0.012 -15"><span class='ocrx_word' id='word_1_738' title='bbox 1949 4942 2116 4997; x_wconf 82' lang='lat' dir='ltr'><strong><em>dubio</em></strong></span> <span class='ocrx_word' id='word_1_739' title='bbox 2146 4940 2389 5013; x_wconf 17' lang='lat' dir='ltr'><strong><em>ishfuetit</em></strong></span> <span class='ocrx_word' id='word_1_740' title='bbox 2421 4940 2581 5007; x_wconf 88' lang='lat' dir='ltr'><strong><em>cujus</em></strong></span> <span class='ocrx_word' id='word_1_741' title='bbox 2632 4940 2847 4989; x_wconf 86' lang='lat' dir='ltr'><strong><em>hortatu</em></strong></span> <span class='ocrx_word' id='word_1_742' title='bbox 2875 4950 2933 4987; x_wconf 89' lang='lat' dir='ltr'><strong><em>se</em></strong></span> <span class='ocrx_word' id='word_1_743' title='bbox 2988 4930 3350 4998; x_wconf 78' lang='lat' dir='ltr'><strong><em>Pacbynteres</em></strong></span> <span class='ocrx_word' id='word_1_744' title='bbox 3410 4926 3569 5013; x_wconf 62' lang='lat' dir='ltr'><strong><em>ipso0</em></strong></span> 
     </span>
    </p>
   </div>
   <div class='ocr_carea' id='block_1_109' title="bbox 1949 5017 3531 5101">
    <p class='ocr_par' dir='ltr' id='par_1_109' title="bbox 1949 5017 3531 5101">
     <span class='ocr_line' id='line_1_109' title="bbox 1949 5017 3531 5101; baseline -0.008 -18"><span class='ocrx_word' id='word_1_745' title='bbox 1949 5034 2255 5101; x_wconf 78' lang='lat' dir='ltr'><strong><em>proﬁtetur,</em></strong></span> <span class='ocrx_word' id='word_1_746' title='bbox 2294 5030 2348 5083; x_wconf 91' lang='lat' dir='ltr'><strong><em>iu</em></strong></span> <span class='ocrx_word' id='word_1_747' title='bbox 2381 5032 2541 5083; x_wconf 86' lang='lat' dir='ltr'><strong><em>titulo</em></strong></span> <span class='ocrx_word' id='word_1_748' title='bbox 2599 5024 2951 5097; x_wconf 78' lang='lat' dir='ltr'><strong><em>paraphrasis</em></strong></span> <span class='ocrx_word' id='word_1_749' title='bbox 2985 5038 3098 5076; x_wconf 68' lang='lat' dir='ltr'><strong><em>sua:</em></strong></span> <span class='ocrx_word' id='word_1_750' title='bbox 3146 5019 3213 5073; x_wconf 82' lang='lat' dir='ltr'><strong><em>ad</em></strong></span> <span class='ocrx_word' id='word_1_751' title='bbox 3268 5017 3531 5085; x_wconf 71' lang='lat' dir='ltr'><strong><em>epistolas</em></strong></span> 
     </span>
    </p>
   </div>
   <div class='ocr_carea' id='block_1_110' title="bbox 1951 5110 3530 5192">
    <p class='ocr_par' dir='ltr' id='par_1_110' title="bbox 1951 5110 3530 5192">
     <span class='ocr_line' id='line_1_110' title="bbox 1951 5110 3530 5192; baseline -0.011 -18"><span class='ocrx_word' id='word_1_752' title='bbox 1951 5122 2193 5192; x_wconf 83' lang='lat' dir='ltr'><strong><em>Dionysii</em></strong></span> <span class='ocrx_word' id='word_1_753' title='bbox 2213 5121 2569 5189; x_wconf 66' lang='lat' dir='ltr'><strong><em>Areopagitae,</em></strong></span> <span class='ocrx_word' id='word_1_754' title='bbox 2592 5118 2677 5190; x_wconf 70' lang='grc' dir='ltr'><strong><em>[Ρ.</em></strong></span> <span class='ocrx_word' id='word_1_755' title='bbox 2705 5113 2853 5184; x_wconf 75' lang='grc'>4581,</span> <span class='ocrx_word' id='word_1_756' title='bbox 2878 5128 3014 5181; x_wconf 82' lang='lat' dir='ltr'><strong><em>Opus</em></strong></span> <span class='ocrx_word' id='word_1_757' title='bbox 3034 5110 3164 5165; x_wconf 91' lang='lat' dir='ltr'><strong><em>illud</em></strong></span> <span class='ocrx_word' id='word_1_758' title='bbox 3191 5123 3530 5180; x_wconf 71' lang='lat' dir='ltr'><strong><em>aggressum.</em></strong></span> 
     </span>
    </p>
   </div>
   <div class='ocr_carea' id='block_1_111' title="bbox 1948 5200 3532 5276">
    <p class='ocr_par' dir='ltr' id='par_1_111' title="bbox 1948 5200 3532 5276">
     <span class='ocr_line' id='line_1_111' title="bbox 1948 5200 3532 5276; baseline -0.006 -14"><span class='ocrx_word' id='word_1_759' title='bbox 1948 5209 2063 5265; x_wconf 89' lang='lat' dir='ltr'><strong><em>lloc</em></strong></span> <span class='ocrx_word' id='word_1_760' title='bbox 2118 5210 2241 5265; x_wconf 79' lang='lat' dir='ltr'><strong><em>ideo</em></strong></span> <span class='ocrx_word' id='word_1_761' title='bbox 2300 5210 2506 5273; x_wconf 84' lang='lat' dir='ltr'><strong><em>monui,</em></strong></span> <span class='ocrx_word' id='word_1_762' title='bbox 2564 5208 2692 5276; x_wconf 86' lang='lat' dir='ltr'><strong><em>quia</em></strong></span> <span class='ocrx_word' id='word_1_763' title='bbox 2738 5208 2894 5259; x_wconf 65' lang='lat' dir='ltr'><strong><em>video</em></strong></span> <span class='ocrx_word' id='word_1_764' title='bbox 2936 5213 3182 5257; x_wconf 88' lang='lat' dir='ltr'><strong><em>nostrum</em></strong></span> <span class='ocrx_word' id='word_1_765' title='bbox 3234 5200 3532 5254; x_wconf 83' lang='lat' dir='ltr'><strong><em>Antonium</em></strong></span> 
     </span>
    </p>
   </div>
   <div class='ocr_carea' id='block_1_112' title="bbox 1952 5294 3539 5373">
    <p class='ocr_par' dir='ltr' id='par_1_112' title="bbox 1952 5294 3539 5373">
     <span class='ocr_line' id='line_1_112' title="bbox 1952 5294 3539 5373; baseline -0.009 -12"><span class='ocrx_word' id='word_1_766' title='bbox 1952 5306 2305 5362; x_wconf 78' lang='lat' dir='ltr'><strong><em>Posscvinnm</em></strong></span> <span class='ocrx_word' id='word_1_767' title='bbox 2331 5313 2550 5373; x_wconf 83' lang='lat' dir='ltr'><strong><em>putasse</em></strong></span> <span class='ocrx_word' id='word_1_768' title='bbox 2577 5302 2650 5356; x_wconf 89' lang='lat' dir='ltr'><strong><em>ibi</em></strong></span> <span class='ocrx_word' id='word_1_769' title='bbox 2684 5297 2956 5354; x_wconf 78' lang='lat' dir='ltr'><strong><em>nominari</em></strong></span> <span class='ocrx_word' id='word_1_770' title='bbox 3008 5294 3539 5367; x_wconf 60' lang='lat' dir='ltr'><strong><em>tuagnumAtltanaa</em></strong></span> 
     </span>
    </p>
   </div>
   <div class='ocr_carea' id='block_1_113' title="bbox 1955 5386 3538 5466">
    <p class='ocr_par' dir='ltr' id='par_1_113' title="bbox 1955 5386 3538 5466">
     <span class='ocr_line' id='line_1_113' title="bbox 1955 5386 3538 5466; baseline -0.007 -12"><span class='ocrx_word' id='word_1_771' title='bbox 1955 5400 2224 5463; x_wconf 81' lang='lat' dir='ltr'><strong><em>sium;de</em></strong></span> <span class='ocrx_word' id='word_1_772' title='bbox 2255 5411 2364 5466; x_wconf 90' lang='lat' dir='ltr'><strong><em>quo</em></strong></span> <span class='ocrx_word' id='word_1_773' title='bbox 2398 5396 2445 5450; x_wconf 90' lang='lat' dir='ltr'><strong><em>si</em></strong></span> <span class='ocrx_word' id='word_1_774' title='bbox 2482 5404 2759 5464; x_wconf 80' lang='lat' dir='ltr'><strong><em>ageretur,</em></strong></span> <span class='ocrx_word' id='word_1_775' title='bbox 2798 5401 2945 5445; x_wconf 87' lang='lat' dir='ltr'><strong><em>recte</em></strong></span> <span class='ocrx_word' id='word_1_776' title='bbox 2972 5386 3538 5460; x_wconf 76' lang='lat' dir='ltr'><strong><em>juberetPossevinuI</em></strong></span> 
     </span>
    </p>
   </div>
   <div class='ocr_carea' id='block_1_114' title="bbox 1952 5484 3323 5557">
    <p class='ocr_par' dir='ltr' id='par_1_114' title="bbox 1952 5484 3323 5557">
     <span class='ocr_line' id='line_1_114' title="bbox 1952 5484 3323 5557; baseline -0.009 -8"><span class='ocrx_word' id='word_1_777' title='bbox 1952 5494 2123 5549; x_wconf 82' lang='lat' dir='ltr'><strong><em>deleri</em></strong></span> <span class='ocrx_word' id='word_1_778' title='bbox 2178 5494 2325 5546; x_wconf 80' lang='lat' dir='ltr'><strong><em>illum</em></strong></span> <span class='ocrx_word' id='word_1_779' title='bbox 2402 5488 2814 5557; x_wconf 82' lang='lat' dir='ltr'><strong><em>inscriptionem</em></strong></span> <span class='ocrx_word' id='word_1_780' title='bbox 2865 5497 2926 5539; x_wconf 89' lang='lat' dir='ltr'><strong><em>ut</em></strong></span> <span class='ocrx_word' id='word_1_781' title='bbox 2983 5484 3323 5539; x_wconf 85' lang='lat' dir='ltr'><strong><em>mendacem.</em></strong></span> 
     </span>
    </p>
   </div>
   <div class='ocr_carea' id='block_1_115' title="bbox 2025 5575 3539 5649">
    <p class='ocr_par' dir='ltr' id='par_1_115' title="bbox 2025 5575 3539 5649">
     <span class='ocr_line' id='line_1_115' title="bbox 2025 5575 3539 5649; baseline -0.007 -10"><span class='ocrx_word' id='word_1_782' title='bbox 2025 5586 2085 5639; x_wconf 88' lang='lat' dir='ltr'><strong><em>P.</em></strong></span> <span class='ocrx_word' id='word_1_783' title='bbox 2116 5586 2239 5639; x_wconf 71' lang='grc'><strong><em>514.</em></strong></span> <span class='ocrx_word' id='word_1_784' title='bbox 2295 5582 2352 5635; x_wconf 85' lang='lat' dir='ltr'><strong><em>Si</em></strong></span> <span class='ocrx_word' id='word_1_785' title='bbox 2400 5584 2502 5635; x_wconf 90' lang='lat' dir='ltr'><strong><em>hoc</em></strong></span> <span class='ocrx_word' id='word_1_786' title='bbox 2554 5580 2733 5649; x_wconf 85' lang='lat' dir='ltr'><strong><em>capite</em></strong></span> <span class='ocrx_word' id='word_1_787' title='bbox 2775 5588 2825 5632; x_wconf 85' lang='lat' dir='ltr'><strong><em>et</em></strong></span> <span class='ocrx_word' id='word_1_788' title='bbox 2862 5578 2997 5631; x_wconf 81' lang='lat' dir='ltr'><strong><em>alibi</em></strong></span> <span class='ocrx_word' id='word_1_789' title='bbox 3022 5577 3125 5629; x_wconf 87' lang='lat' dir='ltr'><strong><em>hoc</em></strong></span> <span class='ocrx_word' id='word_1_790' title='bbox 3156 5575 3299 5629; x_wconf 78' lang='lat' dir='ltr'><strong><em>libro</em></strong></span> <span class='ocrx_word' id='word_1_791' title='bbox 3348 5582 3539 5632; x_wconf 78' lang='lat' dir='ltr'><strong><em>noster</em></strong></span> 
     </span>
    </p>
   </div>
   <div class='ocr_carea' id='block_1_116' title="bbox 1959 5664 3541 5743">
    <p class='ocr_par' dir='ltr' id='par_1_116' title="bbox 1959 5664 3541 5743">
     <span class='ocr_line' id='line_1_116' title="bbox 1959 5664 3541 5743; baseline -0.008 -10"><span class='ocrx_word' id='word_1_792' title='bbox 1959 5677 2258 5733; x_wconf 67' lang='lat' dir='ltr'><strong><em>historicus</em></strong></span> <span class='ocrx_word' id='word_1_793' title='bbox 2303 5689 2493 5743; x_wconf 85' lang='lat' dir='ltr'><strong><em>parum</em></strong></span> <span class='ocrx_word' id='word_1_794' title='bbox 2547 5682 2861 5727; x_wconf 81' lang='lat' dir='ltr'><strong><em>reverenter</em></strong></span> <span class='ocrx_word' id='word_1_795' title='bbox 2892 5668 3218 5737; x_wconf 85' lang='lat' dir='ltr'><strong><em>loquiturde</em></strong></span> <span class='ocrx_word' id='word_1_796' title='bbox 3251 5664 3541 5723; x_wconf 77' lang='lat' dir='ltr'><strong><em>monachis</em></strong></span> 
     </span>
    </p>
   </div>
   <div class='ocr_carea' id='block_1_117' title="bbox 1957 5760 3538 5833">
    <p class='ocr_par' dir='ltr' id='par_1_117' title="bbox 1957 5760 3538 5833">
     <span class='ocr_line' id='line_1_117' title="bbox 1957 5760 3538 5833; baseline -0.009 -8"><span class='ocrx_word' id='word_1_797' title='bbox 1957 5769 2185 5833; x_wconf 71' lang='lat' dir='ltr'><strong><em>Graecis,</em></strong></span> <span class='ocrx_word' id='word_1_798' title='bbox 2223 5767 2502 5821; x_wconf 67' lang='lat' dir='ltr'><strong><em>attendere</em></strong></span> <span class='ocrx_word' id='word_1_799' title='bbox 2535 5764 2863 5819; x_wconf 85' lang='lat' dir='ltr'><strong><em>catholicum</em></strong></span> <span class='ocrx_word' id='word_1_800' title='bbox 2898 5765 3155 5817; x_wconf 89' lang='lat' dir='ltr'><strong><em>lectorem</em></strong></span> <span class='ocrx_word' id='word_1_801' title='bbox 3215 5776 3324 5815; x_wconf 91' lang='lat' dir='ltr'><strong><em>non</em></strong></span> <span class='ocrx_word' id='word_1_802' title='bbox 3354 5760 3538 5824; x_wconf 75' lang='lat' dir='ltr'><strong><em>debet,</em></strong></span> 
     </span>
    </p>
   </div>
   <div class='ocr_carea' id='block_1_118' title="bbox 1911 5851 3543 5934">
    <p class='ocr_par' dir='ltr' id='par_1_118' title="bbox 1911 5851 3543 5934">
     <span class='ocr_line' id='line_1_118' title="bbox 1911 5851 3543 5934; baseline -0.006 -13"><span class='ocrx_word' id='word_1_803' title='bbox 1911 5865 1919 5873; x_wconf 83' lang='grc'><strong>’</strong></span> <span class='ocrx_word' id='word_1_804' title='bbox 1960 5881 2085 5926; x_wconf 87' lang='lat' dir='ltr'><strong><em>cum</em></strong></span> <span class='ocrx_word' id='word_1_805' title='bbox 2116 5864 2154 5921; x_wconf 88' lang='lat' dir='ltr'><strong><em>ii</em></strong></span> <span class='ocrx_word' id='word_1_806' title='bbox 2175 5862 2421 5934; x_wconf 83' lang='lat' dir='ltr'><strong><em>plerique</em></strong></span> <span class='ocrx_word' id='word_1_807' title='bbox 2447 5858 2794 5916; x_wconf 72' lang='lat' dir='ltr'><strong><em>schismatiei</em></strong></span> <span class='ocrx_word' id='word_1_808' title='bbox 2825 5858 3027 5919; x_wconf 81' lang='lat' dir='ltr'><strong><em>iuerint</em></strong></span> <span class='ocrx_word' id='word_1_809' title='bbox 3052 5867 3113 5912; x_wconf 83' lang='lat' dir='ltr'><strong><em>et</em></strong></span> <span class='ocrx_word' id='word_1_810' title='bbox 3136 5856 3397 5914; x_wconf 67' lang='grc' dir='ltr'><strong><em>ιὶοιιιωιιυ</em></strong></span> <span class='ocrx_word' id='word_1_811' title='bbox 3434 5851 3543 5913; x_wconf 74' lang='lat' dir='ltr'><strong>EC-</strong></span> 
     </span>
    </p>
   </div>
  </div>
