3992 6536
567 408 708 477 1115

1489 409 1556 468 Ρ.
1601 405 1900 469 POSSINI
1939 404 2592 472 OBSERVATIONUM
2631 411 2779 472 LIB.
2826 410 2912 472 II.

3667 416 3806 485 'fll6

548 528 730 589 clesiae
772 525 1076 591 Latinoque
1115 520 1324 575 nomini
1357 522 1740 585 iul‘ensissimi,
1774 538 1911 590 quos
1943 525 2128 591 potius
2164 539 2202 590 Α
2234 525 2366 592 ejus.
2389 523 2671 592 Respondit
2689 525 2776 578 ille
2803 526 3131 592 imperatori,
3159 543 3176 576 ι
3204 523 3326 582 Νυη
3347 525 3672 600 agnasco.Si
3693 535 3802 601 quid

550 637 582 677 ε
613 618 804 674 Graeco
830 628 882 670 et
928 612 1284 668 schismatico
1331 612 1602 679 scriptore
1663 621 1720 664 ut
1779 613 2126 668 turbulentos

545 723 601 770 et
635 720 985 768 contumaces
1039 704 1277 765 traduci,
1330 718 1428 772 pro
1482 704 1798 758 tesdmonio
1823 719 2007 760 causze
2041 721 2129 758 or-

548 808 800 860 t..odoue
830 801 1044 853 favente
1086 795 1463 861 accipiendum
1499 805 1607 848 est.

620 895 676 948 P.
710 884 874 948 '5l6.‘
917 890 1140 956 Georgio
1203 887 1548 954 Acropolitar.
1626 885 1900 940 Habemus
1962 887 2126 959 hujus

543 985 906 1046 eruditissimi
936 983 1038 1036 viri
1070 981 1352 1035 historiam
1389 988 1442 1032 et
1475 978 1796 1044 chronicon;
1822 979 2029 1032 scimus
2059 995 2126 1033 ex

545 1084 669 1139 aliis
704 1083 868 1133 multa
909 1080 974 1131 de
998 1077 1116 1143 eius
1150 1076 1258 1128 vita
1292 1084 1346 1127 et
1384 1075 1548 1126 rebus
1582 1073 1775 1140 gestis,
1811 1089 1909 1128 nec
1940 1081 2122 1129 tamen

545 1182 759 1249 uspiam
806 1173 1120 1228 invenimus
1184 1170 1435 1222 idoneum
1497 1166 1910 1220 fundamentum
1966 1167 2122 1220 illum

543 1267 900 1328 insintnlaudi
961 1262 1188 1316 laxioris
1237 1258 1610 1312 conscientia}.
1641 1257 1823 1322 Quare
1871 1257 2125 1325 suspicor

540 1384 604 1422 ex
646 1364 774 1418 odio
805 1363 860 1416 in
917 1374 1040 1412 eum
1081 1353 1566 1410 schismaticnrum
1618 1351 1759 1404 hanc
1789 1349 2121 1403 calumniam

541 1466 751 1513 natam.
780 1454 917 1506 Cum
947 1450 1093 1505 enim
1127 1447 1219 1499 ille
1249 1445 1412 1497 homo
1443 1441 1797 1511 pereruditus
1817 1449 1872 1496 et
1909 1441 2124 1495 rectiac

542 1548 702 1607 liberi
745 1543 937 1613 judicii
969 1556 1034 1594 ex
1091 1538 1325 1591 lectione
1373 1534 1599 1589 Patrum
1654 1545 1928 1598 veterum,
1961 1533 2039 1586 uti
2070 1541 2124 1585 ct

539 1644 776 1703 Vaccus,
811 1637 1128 1704 agnovisset
1174 1643 1396 1683 causam
1439 1627 1785 1689 Latinorum,
1813 1640 1954 1694 quos
2003 1624 2123 1678 sine

537 1749 704 1792 causa
728 1729 812 1785 sui
837 1726 1010 1781 Graeci
1031 1728 1443 1780 aversarentur,
1470 1717 1759 1783 iustiorem
1780 1730 1923 1775 eSse,
1953 1714 2031 1768 uti
2066 1722 2123 1766 et

2230 630 2348 667 t'cro
2402 615 2765 684 argumentari
2807 625 2858 668 et
2909 615 3213 684 conjectura
3253 621 3497 690 persequi
3554 623 3712 673 datur
3747 640 3801 676 es

2244 709 2360 760 loco
2393 725 2445 761 ιη
2465 725 2564 776 quo
2598 711 2856 775 considet,
2889 712 3128 778 princeps
3163 723 3239 768 est
3269 715 3344 767 tui
3391 717 3570 768 sancti
3614 718 3800 786 imperil

2237 800 2522 853 honeribus
2559 801 2863 855 decoratus.
2900 802 2968 856 At
2996 806 3212 874 quinam
3245 807 3338 860 ille
3363 809 3435 861 sit
3470 809 3698 860 nondum
3730 828 3803 864 ca-

2226 891 2366 956 pio.)
2397 887 2672 957 Respondit
2692 891 3002 957 imperator,
3037 912 3056 944 ι
3083 893 3265 949 Filius
3297 905 3420 949 tuus
3452 906 3551 961 est,
3585 899 3800 951 dominus

2231 979 2532 1034 Theodorus
2555 997 2776 1052 magnus
2815 982 3131 1053 logothetaa
3193 987 3416 1052 Abiecta
3440 991 3586 1042 omni
3611 1003 3800 1043 cuncta-

2229 1075 2366 1127 tione
2390 1075 2534 1142 [ilius
2559 1091 2845 1146 assurgens
2888 1079 3086 1132 nudato
3110 1082 3296 1147 'capite
3324 1069 3538 1150 patrem
3570 1085 3792 1152 aggredi-

2228 1177 2334 1229 tur,
2365 1177 2412 1219 et
2439 1168 2664 1220 salutem
2699 1171 2840 1223 ultro
2869 1181 3102 1239 citroque
3123 1185 3272 1242 pater
3295 1187 3340 1228 et
3371 1175 3525 1242 ﬁlius
3542 1176 3641 1228 sibi
3665 1178 3798 1229 dede-

2227 1267 2373 1311 runt.
2426 1256 2558 1310 Tum
2599 1273 2786 1312 rursus
2820 1261 3106 1328 imperator
3136 1267 3433 1319 orationem
3482 1266 3552 1317 ad
3598 1284 3706 1319 eum
3734 1272 3804 1320 di-

2225 1349 2400 1402 rexit:
2423 1367 2442 1398 ι
2480 1347 2669 1417 Magne
2694 1351 2976 1419 logotheta,
2995 1369 3076 1406 res
3100 1356 3172 1408 ita
3203 1358 3508 1409 ceciderunt
3533 1373 3802 1424 coegerunt‘

2223 1456 2319 1508 que
2345 1450 2400 1492 ut
2430 1441 2523 1493 tibi
2541 1443 2651 1495 liceo
2677 1444 2853 1495 tristia
2868 1452 2918 1496 et
2939 1444 2991 1498 in
3030 1462 3278 1515 magnum
3304 1448 3508 1500 malum
3533 1449 3800 1506 evaderent.

2227 1530 2407 1594 Quare
2431 1531 2516 1602 μ’.
2542 1532 2668 1604 459]
2706 1535 2862 1587 modo
2890 1537 3052 1588 visum
3090 1547 3167 1591 est
3191 1541 3320 1592 milii
3349 1550 3401 1593 et
3464 1540 3606 1594 hisce
3653 1559 3798 1594 rerum

2224 1625 2684 1689 gubernatoribus,
2734 1635 2790 1676 ut
2848 1634 2894 1678 te
2932 1628 3034 1679 huc
3095 1629 3390 1682 adductum
3442 1632 3793 1700 alloqueremui

2227 1715 2291 1766 de
2323 1731 2384 1768 ea
2422 1731 2478 1768 re
2517 1732 2632 1785 qua:
2659 1718 2806 1770 nobis
2856 1718 2992 1772 bona
3046 1730 3203 1788 atque
3246 1723 3474 1777 honesta
3516 1729 3728 1789 vitietur,
3761 1728 3796 1779 si

538 1827 698 1882 tidem
729 1822 877 1876 circa
908 1818 1103 1882 dogma
1151 1813 1218 1866 de
1269 1808 1444 1863 sancti
1474 1807 1713 1876 Spiritus
1743 1820 1810 1859 ex
1845 1805 2004 1859 Patre
2037 1803 2124 1856 Fi-
2155 1834 2194 1888 Β
2227 1793 2402 1859 ιίιηιὲη
2439 1817 2532 1859 tua
2573 1807 2813 1861 uoluntas
2860 1826 2963 1863 non
3012 1812 3194 1866 abnuit
3245 1831 3338 1867 nos
3393 1817 3604 1876 audire.
3632 1827 3684 1868 ut
3710 1836 3797 1871 una

511 1894 722 1987 illoque
774 1907 1126 1980 processioue
1191 1899 1587 1961 orthodoxum,
1625 1905 1776 1952 totus
1807 1911 1873 1950 ex
1925 1893 2122 1987 animo

537 2004 785 2063 incubuit
805 2003 861 2055 in
891 1997 1165 2066 negotium
1181 1991 1533 2048 conﬁcienda:
1556 1987 1708 2058 pacis
1727 1986 2120 2051 Ecclesiarum,

539 2099 753 2159 ﬁdelem
788 2095 844 2147 in
879 2105 944 2145 eo
977 2105 1043 2143 ac
1087 2101 1196 2140 non
1242 2097 1435 2153 parum
1466 2081 1654 2136 utilem
1689 2093 1917 2148 operam
1955 2078 2124 2147 impe-

536 2189 709 2247 ratori
741 2198 967 2240 navans.
1003 2179 1107 2246 Qui
1133 2184 1187 2232 et
1217 2177 1275 2230 in
1307 2173 1543 2230 solemni
1565 2171 1844 2243 legatione
1869 2169 1936 2224 ad
1989 2167 2123 2224 Grc-

537 2280 748 2353 gorinm
779 2274 828 2328 Χ
870 2285 1065 2342 papam
1099 2282 1226 2323 eum
1279 2265 1425 2319 inter
1475 2264 1769 2318 saeculares
1814 2258 2118 2331 principem

536 2351 710 2436 misit,
753 2378 811 2422 ut
843 2364 1208 2432 Pachymeres
1267 2359 1450 2421 docet,
1483 2371 1538 2425 p.
1596 2353 1724 2414 584,
1780 2362 1837 2408 et
1863 2351 2114 2452 eumdem

535 2479 659 2520 cum
693 2455 1075 2530 expatriarcha
1115 2452 1391 2504 Germano
1425 2461 1748 2516 comparere
1788 2443 1904 2498 vice
1938 2443 2024 2498 sui
2062 2443 2116 2494 in

535 2548 889 2625 Lngduneusi
922 2543 1159 2617 concilio
1200 2542 1395 2607 voluit,
1435 2550 1495 2593 ut
1541 2553 1610 2593 ex
1655 2535 1807 2590 Actis
1834 2535 1953 2604 ejus
1992 2548 2119 2633 con-

536 2648 652 2703 cilii
677 2659 817 2700 sess.
853 2639 886 2694 4
916 2645 1152 2693 constat.
1183 2632 1321 2688 Hinc
1346 2631 1599 2686 videlicet
1629 2644 1834 2684 exosus
1856 2628 1946 2682 hic
1973 2627 2119 2680 schi-

537 2736 783 2796 smaticis
809 2746 917 2785 non
949 2730 1110 2782 modo
1130 2723 1495 2781 contumelias
1522 2721 1588 2775 ab
1633 2720 1726 2785 iis,
1759 2718 1853 2775 sed
1875 2717 2120 2772 vexatio-

534 2845 635 2885 nes
665 2825 828 2880 etiam
872 2820 1226 2890 gravissimas
1266 2825 1350 2870 est
1378 2827 1598 2883 passus,
1649 2819 1780 2881 post
1829 2809 2115 2864 Michaelis

533 2915 698 2992 654
729 2909 1011 2977 Ριιιωιιιιιεί
1065 2915 1296 2961 nim-tem
1339 2903 1760 2975 praevalentibus
1804 2900 1973 2992 apud,
2000 2902 2115 2953 An-

534 2991 824 3064 dronicum
863 2998 1094 3057 infensis
1122 2999 1265 3067 paci.
1311 2997 1418 3062 Qui
1454 3004 1741 3065 postquam
1779 3008 1897 3047 eam
1929 2991 1997 3044 ab
2023 2991 2115 3043 illo

538 3099 906 3170 abrOgandam
953 3093 1490 3163 abrumpendamqne
1530 3103 1818 3154 curarunt,
1861 3089 2022 3141 etiam
2065 3087 2112 3140 ei

2226 1905 2395 1950 mente
2437 1909 2590 1967 atque
2611 1901 2867 1953 sententia
2901 1903 3170 1956 nobiscum
3203 1909 3490 1960 convenias
3539 1909 3674 1960 circa
3715 1909 3777 1962 Et:

2225 1988 2397 2042 clesite
2430 1990 2684 2046 dissidia.
2720 1991 2832 2045 lloc
2856 1996 2995 2046 enim
3031 1995 3158 2048 mihi
3190 2007 3238 2050 et
3267 1997 3384 2065 ﬁlio
3412 2008 3503 2050 tuo
3537 2015 3714 2067 magno
3737 2000 3775 2050 lo

2223 2081 2446 2148 gotltetas
2477 2083 2671 2136 bonum
2706 2094 2981 2150 reputatur
3023 2096 3072 2140 et
3113 2089 3323 2151 decens,
3357 2099 3423 2141 ut
3452 2089 3600 2142 nobis
3629 2089 3774 2144 obterit

2223 2188 2366 2240 peres
2392 2188 2412 2226 :
2441 2183 2492 2226 et
2523 2177 2706 2229 omnia
2763 2177 2979 2231 vulnera
3014 2194 3076 2231 ac
3117 2183 3318 2240 tristia.
3353 2199 3480 2250 quia
3521 2185 3792 2236 necessitat:

2224 2267 2470 2334 temporis
2501 2269 2554 2320 in
2583 2278 2631 2321 te
2677 2269 2832 2322 illata
2847 2281 2994 2334 sunt,
3022 2272 3392 2326 sanabimus.)
3445 2273 3547 2328 Hic
3568 2291 3710 2342 porro
3735 2277 3791 2326 ad

2221 2362 2587 2428 imperatorem
2609 2365 2686 2416 ita
2715 2365 2911 2433 e/futur
2938 2381 2956 2420 :
2991 2366 3222 2423 «Sancte
3241 2370 3479 2435 domine,
3505 2389 3790 2442 quotcunque

2221 2454 2290 2505 ad
2298 2468 2377 2506 me
2391 2455 2684 2508 enuntiasti
2697 2458 2922 2524 percepi.
2944 2457 3127 2511 Verum
3143 2477 3278 2514 nunc
3297 2479 3374 2515 res
3384 2464 3584 2528 pendeo
3596 2475 3636 2516 et
3651 2474 3788 2530 refero

2222 2547 2364 2614 quod
2390 2547 2515 2599 mihi
2534 2550 2587 2600 in
2623 2551 2800 2602 animo
2834 2551 3002 2618 ﬁxum
3021 2566 3117 2605 est.
3137 2550 3348 2608 lustius
3368 2567 3452 2606 est
3469 2566 3517 2608 et
3541 2558 3721 2625 a'quius
3744 2570 3785 2608 ur

2221 2651 2404 2693 sancta
2421 2640 2584 2710 655
2601 2643 2741 2710 regia
2772 2653 2863 2696 tua
2884 2645 3135 2712 majestas
3157 2647 3784 2713 meidominiimperatoris

2221 2733 2394 2799 patris
2423 2735 2498 2785 tui
2518 2736 2827 2788 sententiam
2846 2737 3219 2808 subsequatur,
3244 2750 3293 2793 et
3317 2741 3469 2809 ﬁlius
3491 2759 3628 2794 meus
3643 2745 3785 2795 domi-

2221 2843 2320 2881 nus
2350 2827 2655 2881 Theodorus
2697 2845 2888 2893 meam,
2920 2848 3078 2900 quam
3137 2850 3229 2886 nos
3267 2845 3522 2887 vestram.
3562 2813 3786 2889 »Ειηὶἠίί

2225 2917 2373 2969 ultra
2408 2919 2609 2971 retulit.
2647 2917 2751 2972 Sed
2786 2937 2878 2974 nec
2909 2922 3000 2989 qui
3047 2923 3389 2990 imperatoris
3439 2937 3595 2981 nutus
3635 2944 3785 2979 secun-

2221 3011 2419 3064 dabant
2445 3013 2728 3078 principes.
2759 3028 2850 3064 nec
2893 3014 3001 3081 ipse
3043 3014 3332 3081 imperator
3362 3017 3578 3068 verbum
3605 3033 3785 3084 expres-

2165 3148 2185 3174 ;
2221 3105 2314 3162 sit,
2351 3102 2588 3169 justitia,
2615 3102 2841 3166 ratione,
2882 3109 3232 3171 generositate
3260 3118 3307 3158 et
3342 3106 3780 3174 magniﬁcentiam

537 3160 836 3250 suaserunt
889 3198 947 3242 ut
997 3188 1388 3254 Acropolttam,
1442 3199 1609 3237 unum
1639 3199 1703 3235 ex
1749 3179 2115 3234 columinibus

2226 3191 2470 3244 ruborem
2495 3192 2706 3259 stt/fusi,
2743 3195 2922 3246 omnia
2949 3195 3232 3262 siquidem,
3267 3197 3562 3250 dummodo
3603 3197 3778 3265 justum

535 3287 822 3344 catholica:
864 3282 1055 3352 partis,
1109 3281 1466 3332 incarcerem
1500 3276 1779 3329 conderet.
1811 3273 1969 3327 Istam
2025 3270 2118 3322 ille

537 3369 798 3448 iniuriam
828 3390 990 3444 quam
1029 3370 1154 3425 forti
1182 3370 1385 3430 animo,
1420 3382 1580 3435 quam
1614 3366 1818 3420 invicta
1851 3375 2118 3419 constan-

537 3475 611 3527 tia
657 3469 865 3528 tulerit,
898 3467 1058 3517 docet
1096 3462 1328 3532 epistola
1365 3460 1624 3515 Demetrii
1671 3459 1861 3513 llaulis
1890 3457 2118 3512 Cabacis

537 3563 603 3616 ad
648 3561 814 3614 ﬁlium
844 3555 1146 3610 Manuelem
1179 3554 1385 3615 Graece,
1419 3551 1512 3606 sed
1545 3554 1686 3621 ston
1703 3551 2110 3609 semibarbaro,

537 3655 762 3724 scripta,
794 3667 857 3704 cx
891 3664 995 3718 qna
1032 3663 1200 3714 nuper
1236 3647 1379 3698 edita
1413 3645 1480 3696 ab
1513 3643 1587 3698 ill.
1626 3643 1824 3695 Allatio
1877 3643 1954 3704 (in
2023 3639 2123 3692 do-

533 3747 782 3803 ctissimo
814 3757 978 3812 opere
1049 3737 1507 3793 la‘rercitationum
1583 3738 1638 3789 in
1699 3734 2114 3804 Creyghtonnm,

537 3858 588 3910 p.
619 3840 719 3894 616
750 3849 803 3891 ct
833 3835 974 3903 seq.)
1032 3831 1272 3885 auctoris
1306 3834 1509 3893 verbis,
1557 3839 1615 3882 ut
1665 3831 1732 3882 ab
1783 3831 1971 3881 eodem
2005 3827 2118 3878 viro

537 3946 732 4000 magno
763 3919 948 3981 Latine
984 3923 1307 3988 redduntur,
1345 3922 1578 3976 referam
1615 3922 1769 3989 plane
1823 3921 2110 3973 heroicum

539 4023 701 4090 hujus
729 4019 830 4071 viri
869 4017 1096 4077 factum,
1135 4030 1245 4083 quo
1290 4015 1504 4067 abunde
1554 4013 1882 4082 purgabitur
1913 4009 2120 4062 calum-

536 4117 625 4171 nia
662 4114 748 4166 hic
771 4111 820 4164 ei
847 4111 1086 4176 impacta
1130 4106 1354 4159 laxioris
1395 4105 1768 4159 conscientias.
1823 4103 1916 4156 Sic
1957 4103 2122 4172 igitur

536 4209 611 4262 ait
643 4223 655 4257 :
683 4203 808 4258 Post
845 4201 1037 4253 multos
1083 4199 1290 4267 elapsos
1330 4213 1520 4260 annos,
1571 4212 1689 4248 cum
1733 4195 1906 4248 adhuc
1944 4195 2122 4247 senior

537 4297 824 4369 (Georgius
851 4292 1163 4361 Acropolita
1191 4291 1278 4342 hic
1309 4293 1516 4358 noster)
1557 4290 1612 4340 in
1635 4289 1821 4341 exsilio
1847 4299 1894 4341 et
1914 4300 2122 4340 carcere

533 4390 846 4459 perduraret
889 4401 1050 4436 causa
1082 4383 1358 4452 legationis
1383 4393 1595 4450 propter
1614 4383 1855 4434 unionem
1887 4397 2003 4433 cum
2027 4397 2113 4432 ca-

2228 3295 2290 3330 ac
2321 3282 2506 3333 decens
2546 3279 2747 3334 salvum
2797 3291 2954 3347 esset,
2997 3285 3132 3336 nihil
3175 3285 3484 3354 reputabat.
3539 3287 3654 3340 llaec
3689 3286 3779 3347 ibi;

2219 3387 2340 3439 qua:
2369 3372 2552 3426 videat
2584 3381 2637 3426 et
2658 3372 2864 3439 judicet
2905 3390 3096 3444 aequus
3127 3377 3299 3430 lector
3327 3393 3400 3431 an
3441 3381 3550 3432 sint
3574 3378 3776 3431 hominis

2219 3463 2501 3531 κατημελη
2511 3465 2687 3530 μένως
2710 3465 2819 3518 τῶν
2841 3467 2918 3528 el;
2939 3467 3247 3534 συνείδησιν
3265 3469 3508 3538 ἔχοντος,
3539 3473 3780 3523 minimum

2221 3555 2369 3624 pensi
2401 3556 2640 3609 habentis
2695 3557 2753 3608 in
2796 3558 2948 3611 rebus
2985 3561 3223 3626 gerendis
3256 3562 3383 3630 quid
3410 3563 3494 3631 fas
3519 3571 3566 3615 et
3594 3563 3779 3631 ofﬁcium

2224 3655 2480 3711 moneret,
2519 3647 2664 3714 quod
2695 3648 2836 3702 falso
2873 3651 3119 3704 videlicet
3151 3653 3199 3706 ei
3230 3652 3434 3710 Noster
3469 3657 3682 3726 imponit
3702 3657 3780 3707 hoc

2224 3739 2366 3792 loco.
2407 3739 2512 3792 Sed
2549 3757 2622 3794 ne
2655 3743 2892 3811 cuipiam
2935 3744 3220 3800 videamur
3252 3750 3616 3808 suspiciosius
3647 3763 3778 3816 agere

2221 3845 2344 3884 cum
2381 3830 2738 3903 Pacbymere,
2779 3836 2870 3902 qui
2903 3837 3048 3904 quod
3081 3838 3216 3892 alias
3257 3837 3444 3892 fuerat
3489 3853 3666 3893 notare
3707 3856 3780 3906 pn-

2223 3924 2402 3984 tnerit.
2440 3939 2562 3977 cum
2623 3926 2916 3980 mutabiles
2954 3928 3064 3983 sint
3104 3917 3620 3988 morcs'bmninum.
3656 3930 3780 3982 dica-

2223 4029 2347 4069 tnus
2370 4030 2525 4081 sane,
2562 4017 2607 4070 si
2643 4017 3005 4085 negligentior
3037 4020 3312 4072 rationum
3346 4020 3521 4072 ofﬁcii
3552 4019 3672 4072 vixit
3701 4034 3780 4070 nu-

2222 4119 2382 4174 quam
2410 4103 3037 4176 Georgius-Acropolita,
3061 4119 3175 4161 tum
3203 4123 3431 4162 necesse
3457 4119 3540 4162 est
3565 4108 3612 4161 id
3641 4109 3780 4159 luisse

2222 4193 2446 4264 quando
2471 4195 2723 4250 addictus
2758 4196 2938 4251 adhuc
2977 4199 3259 4252 schismuti
3292 4199 3607 4252 adhaerebat
3648 4210 3778 4249 erro-

2224 4287 2376 4341 ribus
2432 4285 2744 4343 (ἔνθεοι-ειη]
2801 4305 2816 4342 :
2873 4299 3058 4359 postea
3085 4291 3306 4360 quidem
3345 4306 3510 4360 quam
3550 4289 3777 4343 Ecclesia:

2225 4377 2431 4432 Latina:
2467 4381 2852 4435 recoociliatus
2901 4389 3007 4446 est,
3063 4391 3274 4436 tantum
3330 4382 3628 4452 profecisse
3650 4381 3776 4434 illum

540 4481 734 4538 tholica
765 4477 1026 4534 Ecclesia.
1061 4474 1349 4541 alloquitur
1377 4475 1666 4540 imperator
1700 4471 2122 4524 D.Andron5cus
2157 4510 2199 4563 υ
2229 4482 2455 4537 apparet
2503 4479 2562 4523 ut
2600 4471 2816 4526 culmen
2863 4472 3039 4542 ipsum
3092 4474 3412 4542 apostolica:
3459 4471 3774 4543 perfectionis

541 4559 710 4641 filium
741 4566 884 4618 illius
902 4572 1214 4631 creterosque
1237 4574 1450 4616 senatus
1477 4565 1760 4631 principes,
1783 4573 1903 4613 ante
1931 4579 2048 4616 eum
2069 4564 2121 4614 in

537 4661 760 4719 consilio
780 4656 1090 4714 assidentes.
1117 4673 1135 4706 ι
1166 4655 1455 4722 Principes,
1484 4655 1752 4708 videturne
1773 4657 1911 4708 vobis
1933 4655 2128 4708 bonum

537 4767 594 4809 ut
627 4769 874 4822 magnum
923 4750 1244 4817 logothetant
1284 4749 1384 4802 huc
1422 4749 1712 4802 adductum
1749 4758 2125 4816 pertentemus,

541 4867 607 4903 an
629 4847 895 4901 nobiscum
919 4845 1188 4896 conveniat
1212 4841 1371 4910 ?post
1419 4852 1494 4895 tot
1520 4843 1745 4896 carceris
1771 4852 1818 4894 et
1844 4843 2130 4895 exsiliian—

541 4958 637 4996 nos
667 4942 801 5012 forte
827 4938 970 4990 nobis
1006 4934 1416 5003 obtemperabit,
1450 4945 1500 4987 et
1531 4934 1829 5002 conjunctis
1857 4935 2128 4986 sententiis

541 5029 815 5084 nobiscum
875 5025 1116 5078 concinet
1151 5025 1207 5074 in
1261 5024 1357 5074 hoc
1387 5021 1743 5075 Ecclesiarum
1789 5023 2036 5085 discidio,
2080 5032 2128 5102 cit

540 5123 726 5176 citabit
747 5133 921 5173 rerum
941 5118 1277 5184 asperitatem
1299 5126 1346 5167 et
1366 5115 1506 5184 quod
1539 5127 1618 5168 ter
1645 5127 1793 5170 tanta
1814 5116 2001 5169 melius
2024 5126 2126 5185 est,

542 5213 782 5266 libertate
809 5209 1132 5279 perfruetur,
1173 5217 1222 5260 et
1255 5206 1613 5260 addecentiari
1651 5224 1779 5260 cura
1813 5209 1960 5261 illius
1993 5210 2132 5262 rale-

541 5305 714 5358 tudini
754 5301 1138 5370 intlulgebitnr.
1178 5319 1194 5351 ι
1222 5300 1413 5354 Omnes
1437 5317 1539 5354 uno
1585 5318 1675 5355 ore
1722 5305 2126 5372 responderunt,

543 5417 561 5448 ι
596 5398 796 5450 Bonum
829 5405 927 5453 est.
962 5394 1191 5455 domine,
1221 5404 1269 5446 et
1297 5395 1618 5448 cxsecutioni
1667 5397 1966 5448 mandetur.
2011 5395 2128 5449 Iino

535 5492 690 5563 jussa
723 5503 813 5542 tua
851 5488 985 5540 nulli
1017 5489 1176 5539 noxia
1195 5499 1339 5540 sunt.
1378 5506 1395 5536 ι
1428 5486 1708 5556 Sicitaque
1753 5503 1869 5540 cum
1915 5504 2129 5558 respon-

533 5582 754 5644 dissent,
801 5581 1090 5648 imperator
1133 5580 1403 5630 mandavit
1446 5589 1501 5630 nt
1530 5580 1922 5644 adduceretur;
1967 5598 2126 5651 eoque

503 5687 513 5694 “
534 5680 812 5742 praesente,
840 5683 894 5724 ut
928 5673 1108 5724 mitius
1141 5673 1403 5740 negotium
1428 5674 1810 5742 disponeretur,
1869 5677 1946 5728 sic
1973 5691 2126 5729 exor-

533 5779 632 5818 sus
661 5770 736 5813 cst
774 5763 1067 5815 orationem
1089 5763 1414 5828 imperator:
1439 5781 1457 5814 ι
1489 5765 1812 5829 Agnoscisne
1834 5767 2123 5835 principem

538 5859 715 5920 illum,
737 5853 984 5922 quisnam
1019 5852 1109 5907 ille
1136 5855 1248 5908 sit?
1280 5873 1300 5907 ι
1333 5854 1397 5909 Et
1428 5855 1592 5924 digito
1617 5861 1926 5913 monstravit
1948 5861 2120 5928 ﬁlium

859 5976 884 5990 ο

2232 4560 2474 4631 attigisse
2504 4562 2770 4617 videatur.

2303 4650 2362 4705 ι».
2398 4652 2523 4706 517.
2561 4652 2797 4706 Eudocia
2827 4669 3015 4722 magno
3056 4657 3194 4720 apud
3228 4659 3408 4711 urbem
3444 4657 3650 4710 domino
3676 4654 3768 4707 elo-

2231 4755 2354 4798 cata
2378 4757 2473 4798 est.
2507 4746 2642 4812 Quis
2673 4749 2774 4800 iste
2803 4761 3033 4812 magnus
3064 4749 3324 4802 dominus
3359 4750 3411 4803 in
3461 4749 3629 4803 urbe?
3652 4746 3767 4799 Iule-

2233 4839 2370 4901 rius,
2417 4855 2472 4908 p.
2515 4839 2640 4902 518,
2677 4841 2941 4893 scribitur
2985 4841 3052 4894 de
3096 4840 3308 4895 Joanne
3341 4843 3501 4905 duce,
3541 4846 3656 4895 cum
3687 4837 3770 4890 ob-

2233 4947 2444 4986 sessum
2507 4933 2561 4985 in
2613 4934 2748 4986 urbe
2797 4934 2885 4986 cui
2944 4949 3142 4986 nomen
3199 4936 3399 4995 Patrae,
3460 4949 3578 4986 cum
3634 4937 3770 4983 necto

2233 5024 2541 5094 aufugisset
2565 5027 2780 5079 venisse
2804 5024 3042 5089 Thebas,
3065 5034 3119 5080 et
3159 5026 3230 5079 ibi
3259 5027 3526 5094 reperisse
3549 5036 3769 5089 magnum

2233 5116 2539 5181 dominum,
2567 5117 2659 5168 τὸν
2709 5117 2884 5186 μέγαν
2914 5117 3130 5187 κύριον.
3163 5115 3256 5171 Sic
3291 5127 3542 5172 vocatum
3579 5118 3774 5184 apparet

2233 5209 2547 5263 Thebarum
2603 5211 2902 5277 principem
2967 5210 3148 5263 Latini
3206 5211 3441 5278 generis.
3507 5208 3612 5261 Dici
3666 5218 3774 5270 ergo

2240 5314 2416 5373 potest
2461 5303 2754 5357 Entloclam
2808 5305 3022 5359 tertiam
3062 5305 3226 5358 tiliam
3282 5295 3771 5365 Lascaris~~Augttsli

2235 5411 2434 5466 magno
2479 5398 2702 5451 domino
2755 5399 2987 5467 principi
3041 5397 3392 5459 Tnebarttm,
3454 5395 3609 5463 hujus
3655 5392 3770 5443 forte

2233 5505 2395 5558 quem
2439 5489 2683 5548 Joannes
2735 5490 2843 5544 dux
2888 5491 2961 5544 ibi
3020 5493 3224 5558 reperit
3271 5487 3408 5558 patri
3450 5497 3541 5540 ant
3581 5492 3769 5553 patruo,

2233 5586 2404 5638 fuisse
2443 5584 2788 5646 collocatam,
2822 5583 3347 5652 matrimoniumque
3385 5581 3434 5634 id
3472 5581 3766 5634 celebratum

2233 5677 2287 5730 in
2324 5679 2458 5731 urbe
2487 5677 2987 5746 Cnnstantinopo‘i.
3024 5677 3113 5730 ubi
3157 5685 3270 5730 tum
3310 5679 3358 5730 is
3395 5675 3635 5744 princeps
3667 5672 3765 5721 fue-

2232 5771 2304 5822 rit
2350 5770 2404 5822 in
2437 5765 2698 5822 comitatu
2742 5770 3089 5837 imperatoris
3120 5769 3304 5822 Latini
3337 5781 3514 5822 rerum
3551 5768 3654 5820 il'lic
3684 5775 3762 5830 p0-

2232 5861 2442 5933 ticntis,
2476 5861 2550 5914 ita
2587 5871 2643 5914 ut
2674 5865 2734 5913 τὸ
2769 5863 2907 5916 κατὰ
2941 5865 3040 5932 τὴν
3078 5862 3235 5915 πόλιν
3270 5862 3335 5916 ad
3379 5863 3552 5916 locum
3573 5866 3763 5935 popinae
