3992 6534
246 424 386 490 lll'l

1742 427 1981 488 ΝΟΤίΕ.

3357 432 3495 491 1118

244 556 367 594 rum
426 539 499 595 sit
549 535 919 605 referendum,
955 552 1064 593 non
1096 537 1164 593 ad
1214 539 1394 611 magni
1421 538 1629 594 domini
1672 548 1826 610 pote-
1855 550 1897 599 Α
1930 538 2167 615 voluisse
2202 541 2557 613 μυστηριώδη
2602 540 2749 597 hunc
2779 541 3073 612 quemdam
3112 548 3166 595 et
3198 540 3497 607 lucuugam

245 640 466 692 statem,
528 632 684 700 quasi
741 629 787 684 is
841 646 961 685 eant
1030 632 1085 685 in
1143 630 1281 686 urbe
1338 632 1823 701 Constantinopoli

242 729 523 774 exerceret
554 720 603 772 ei
633 720 991 782 dominando,
1022 719 1115 774 sed
1146 721 1292 790 quod
1321 722 1394 775 ibi
1424 722 1630 787 degens
1660 723 1824 775 titulo

242 812 328 867 sui
363 812 653 880 peculiaris
687 811 914 865 dominii
952 811 1079 865 alibi
1117 810 1231 872 siti.
1255 829 1449 883 nempe
1482 813 1709 876 Thebis,
1740 814 1824 868 iu-

242 905 571 972 signiretur.
604 903 728 956 Pari
754 907 1006 974 exemplo
1030 907 1147 976 ipse
1167 906 1253 959 hic
1274 906 1571 974 imperator
1597 906 1822 960 Michael

242 1013 411 1049 unam
468 1012 510 1073 re
565 997 779 1053 liliabus
822 997 1091 1054 Theodori
1131 1000 1355 1067 Augusti
1395 999 1535 1054 Maio
1578 1000 1819 1054 Belicur-

243 1094 325 1145 tio
377 1093 609 1162 principi
650 1093 1049 1162 Peloponnesio
1090 1093 1400 1169 conjunxit,
1456 1094 1681 1147 alteram
1730 1107 1824 1145 co-

241 1185 365 1238 miti
400 1184 713 1239 Vintimilire
762 1185 1061 1249 Genuensi,
1105 1197 1164 1241 ut
1210 1187 1447 1241 vidimus
1490 1186 1528 1241 l.
1563 1202 1643 1248 ut,
1682 1200 1732 1237 c.
1766 1184 1819 1237 6.

242 1277 377 1333 Istis
415 1294 583 1347 Porro
618 1279 1020 1349 principatibus
1076 1297 1171 1348 per
1221 1280 1499 1334 Orientem
1537 1296 1600 1334 ex
1644 1278 1821 1332 ruinis

240 1370 463 1439 imperii
505 1370 734 1425 Romani
769 1373 1233 1427 subnasceutibus
1272 1388 1388 1426 sua:
1420 1373 1667 1436 quaedam
1698 1386 1823 1439 pro-

240 1463 377 1529 priae
414 1464 808 1531 appellationes
836 1474 1016 1525 erant,
1049 1479 1186 1533 quas
1218 1464 1284 1517 ab
1308 1462 1729 1530 imperatoribus
1762 1476 1821 1516 se

241 1553 530 1620 accepisse
555 1554 954 1622 gloriabantur.
987 1555 1040 1607 In
1068 1570 1176 1622 quo
1204 1554 1527 1627 all'ectabant
1556 1554 1822 1622 antiquis-

244 1645 421 1721 simos
452 1659 705 1713 quosque
737 1645 974 1713 allegare
1006 1644 1414 1713 privilegiorum
1445 1654 1497 1697 et
1546 1645 1817 1695 honorum

243 1733 560 1787 istiusmodi
614 1734 920 1803 largitores,
953 1750 1101 1790 more
1139 1734 1420 1788 hominum
1455 1748 1553 1785 sua
1605 1747 1820 1801 semper

239 1824 429 1880 facere
453 1826 773 1896 augustiora
807 1826 1194 1896 satagentinm.
1233 1824 1421 1894 Itaque
1453 1823 1516 1877 ad
1548 1822 1819 1877 Constan-

1926 632 2276 700 δετῖβιοτοηὶ,
2308 650 2467 689 sensa
2513 651 2609 691 sua
2644 638 2701 693 in
2736 651 2849 692 sua:
2881 635 3078 690 mentis
3117 632 3495 701 penetralibus

1927 725 2226 793 introspici
2270 727 2453 795 potius
2486 743 2647 797 quam
2673 728 2845 798 signis
2878 741 3141 796 expressa
3182 723 3501 793 intelligibi-

1926 816 2073 870 libus
2112 827 2333 871 exstare
2360 818 2413 872 in
2454 819 2571 874 suis
2615 819 2831 889 paginis
2868 817 3222 887 gaudentem,
3260 828 3500 885 praeser-

1925 906 2019 959 tim
2050 922 2172 960 cutn
2213 910 2347 965 alias
2377 909 2642 965 Joannem
2685 910 2966 979 despotam
3000 909 3244 977 impense
3289 923 3317 960 a
3366 906 3500 961 reli-

1925 996 2085 1064 gione
2128 1002 2620 1061 commendaverit.
2672 1010 2727 1054 et
2783 1001 3011 1053 mutatio
3072 1016 3192 1068 qua:
3245 997 3497 1065 contigit.

1923 1086 2093 1143 divini
2121 1092 2313 1144 auxilii
2352 1108 2459 1145 non
2488 1093 2687 1146 frustra
2738 1092 3015 1161 implorati
3070 1091 3230 1143 tidem
3283 1087 3491 1141 fecerit.

2000 1184 2058 1238 Ρ.
2086 1182 2211 1236 540.
2244 1177 2329 1237 Εὖ
2370 1181 2478 1251 γὰρ
2510 1182 2869 1248 Ἡρακλείτῳ
2899 1179 3195 1248 εἰρῆσθαι.
3234 1178 3310 1228 Ad
3343 1175 3501 1227 intel-

1923 1275 2196 1347 ligendam
2231 1274 2371 1327 hanc
2410 1271 2664 1326 Heracliti
2698 1272 3028 1325 sententiam
3054 1310 3067 1330 ,
3102 1281 3266 1335 quam
3298 1264 3498 1318 Noster

1923 1384 2023 1422 suo
2064 1366 2355 1435 indulgens
2400 1363 2662 1432 σκοτεινῷ
2690 1362 2872 1432 genio,
2906 1359 3214 1415 Ileraclitea
3271 1370 3501 1425 prorsus

1925 1457 2269 1513 obscuritate
2314 1456 2406 1510 hic
2459 1454 2710 1516 involvit,
2747 1453 2904 1507 fateri
2951 1453 3124 1507 debeo
3158 1450 3335 1503 lucem
3365 1446 3501 1500 mihi

1922 1558 2231 1619 opportune
2274 1548 2553 1617 praelatam
2586 1560 2615 1599 a
2662 1548 3023 1615 paraphraste
3067 1542 3356 1601 Vaticano,
3401 1539 3500 1607 qui

1924 1642 2069 1694 hunc
2104 1641 2284 1695 locum
2317 1641 2399 1695 sic
2425 1638 2683 1709 exprimit
2711 1654 2727 1694 :
2754 1636 2953 1699 Καθὼς
2993 1636 3102 1703 γὰρ
3137 1633 3503 1703 Ἡράκλειτος

1923 1734 2103 1799 ἔλεγε,
2141 1731 2211 1785 τὰ
2258 1731 2565 1800 πράγματα
2609 1730 2667 1781 ὲν
2711 1731 2808 1800 ῥοῇ
2845 1728 2939 1782 καὶ
2985 1728 3259 1797 ἀπορρυῇ.
3290 1725 3504 1792 Ὠσπερ

1921 1826 2022 1879 οὐκ
2051 1824 2199 1877 ἐστιν
2227 1823 2321 1876 ἐπὶ
2344 1822 2438 1883 τοῦ
2474 1826 2889 1896 παραρρέοντος
2916 1821 3190 1892 ῥεύματος
3220 1822 3301 1884 δὶς
3329 1819 3504 1891 βάψαι

243 1917 422 1968 tinum
467 1931 641 1985 ttsqtte
693 1916 944 1987 Magnum
1001 1915 1221 1985 quidam
1287 1925 1433 1971 retro
1471 1915 1708 1968 nitentes
1766 1917 1820 1967 in

1935 1918 2020 1970 τὸν
2066 1916 2334 1969 δάκτυλον
2384 1916 2478 1969 ἐπὶ
2510 1916 2605 1969 τοῦ
2636 1916 2801 1968 αὑτοῦ
2834 1915 2928 1967 καὶ
2960 1916 3080 1978 ἐνὸς
3121 1914 3337 1976 ὓδατος,
3378 1912 3503 1966 οὐδὲ

240 2006 354 2061 etsi
388 2008 693 2073 iactatione
741 2008 1151 2077 pertingebant,
1187 2018 1467 2061 auctorem
1502 2007 1656 2059 illum
1706 2007 1823 2060 suis

242 2100 555 2164 majoribus
591 2101 780 2155 talium
824 2100 997 2155 fuisse
1042 2102 1326 2155 nominum
1368 2101 1644 2161 ferentes;
1680 2099 1822 2167 quod

238 2191 348 2243 etsi
385 2190 679 2243 ridiculum
732 2192 903 2256 dictu,
952 2207 1076 2245 cum
1110 2191 1457 2246 Constantini
1488 2191 1667 2261 Magni
1708 2205 1824 2244 atro

240 2298 348 2337 nec
388 2284 553 2352 longe
583 2296 767 2353 postea
798 2285 913 2338 ista:
941 2284 1115 2338 adhuc
1145 2285 1367 2338 minuta:
1399 2284 1662 2354 dynastia:
1690 2298 1824 2337 con-

239 2378 453 2430 stitutus
489 2377 749 2438 fuissent,
802 2378 944 2431 haud
979 2386 1160 2429 tamen
1201 2386 1530 2446 aspernatus
1562 2382 1645 2429 est
1685 2374 1822 2429 Gre-

239 2486 428 2538 goras,
456 2472 593 2535 apud
630 2488 789 2541 quem
816 2472 929 2525 haec
952 2471 1183 2539 legimus
1210 2472 1247 2525 ι.
1285 2488 1376 2531 vn.
1407 2486 1461 2539 p.
1496 2470 1598 2523 109
1623 2487 1633 2521 :
1661 2467 1826 2538 656

252 2563 317 2615 ’0
352 2564 411 2616 δὲ
461 2565 771 2626 Ῥωσσικδς
794 2565 895 2632 τήν
940 2580 998 2615 τε
1036 2564 1228 2616 στάσιν
1280 2562 1375 2615 καὶ
1410 2562 1470 2613 τι
1520 2560 1738 2628 ἀξίωμα
1762 2560 1825 2611 τὸ

241 2657 343 2710 ἐπὶ
388 2658 487 2726 τῆς
534 2658 821 2729 τραπέζης
858 2656 1012 2726 παρὰ
1044 2655 1139 2711 τοῦ
1186 2654 1429 2723 μεγάλου
1477 2653 1825 2719 κεκλήρωται

242 2750 687 2804 Κωνσταντίνου.
724 2752 783 2804 Ὀ
811 2751 867 2803 δὲ
899 2746 1406 2818 Πελοποννησιακὸς
1438 2745 1496 2799 τὸ
1529 2744 1623 2798 τοῦ
1652 2743 1825 2813 Πρίγ⁶

194 2828 197 2829 ν
239 2859 428 2905 κιπος,
460 2843 487 2894 6
534 2843 593 2894 δὲ
643 2842 744 2911 τῆς
781 2844 1033 2912 Ἀττικῆς
1062 2859 1122 2895 τε
1153 2840 1249 2894 καὶ
1275 2838 1521 2908 Ἀθηνῶν
1580 2836 1827 2906 ἀρχηγὸς

240 2935 305 2986 το
338 2934 432 2987 τοῦ
466 2934 707 3003 μεγάλου
744 2934 959 2998 δουκδς,
992 2936 1020 2987 6
1062 2933 1120 2986 δὲ
1149 2933 1247 3000 τῆς
1282 2929 1545 2991 Βοιωτίας
1574 2928 1671 2981 κα)⁸
1704 2928 1821 2980 τῶν

240 3025 443 3095 Θηϐῶν
466 3024 524 3077 τὸ
546 3024 640 3077 τοῦ
675 3025 915 3094 μεγάλου
949 3021 1337 3094 πριμικηρίου,
1376 3021 1403 3072 6
1428 3019 1483 3071 δὲ
1513 3021 1611 3091 τῆς
1647 3016 1823 3087 μεγά-

240 3120 346 3187 λης
383 3119 549 3188 νήσου
586 3119 837 3183 Σικελίας
882 3118 940 3171 τὸ
979 3116 1074 3170 τοῦ
1108 3117 1296 3186 ῥηγὸς,
1331 3115 1427 3167 καὶ
1458 3114 1611 3167 ἄλλοι
1664 3112 1822 3165 ἄλλα.

248 3212 507 3265 Rossicus
561 3221 762 3265 statum
815 3221 865 3265 et
916 3212 1227 3281 dignitatem
1268 3208 1504 3277 prmfecti
1570 3220 1897 3303 meusteac

244 3321 442 3373 magno
502 3306 726 3358 sortitus
770 3314 846 3358 est
898 3303 1273 3365 Constantino,
1343 3288 1823 3366 Peloponnesiacus

244 3414 371 3450 vero
410 3397 663 3462 principis
700 3396 937 3456 titulum,
976 3395 1166 3448 Atticm
1197 3404 1374 3446 autem
1415 3403 1460 3445 et
1496 3392 1824 3445 Athenarum

241 3489 477 3558 dynasta
504 3504 687 3541 nomen
715 3488 893 3557 magni
917 3486 1066 3538 ducis
1098 3484 1181 3556 [P.
1211 3484 1361 3553 1.60].
1396 3485 1460 3535 At
1490 3484 1581 3551 qui
1613 3481 1826 3535 Boeotia:

240 3590 297 3633 et
334 3579 523 3634 Thebis
551 3590 762 3647 prwest,
793 3579 972 3648 magni
1000 3578 1286 3645 primicerii
1322 3576 1537 3628 titulum
1574 3575 1823 3635 obtinuit,

243 3673 329 3724 uti
369 3681 417 3723 et
457 3672 618 3739 regis,
664 3672 751 3739 qui
788 3686 1032 3739 magnam
1074 3670 1305 3721 insulam
1348 3666 1549 3721 Sicilia!
1580 3667 1735 3718 habet
1772 3666 1825 3717 in

240 3771 527 3831 potestate,
562 3770 610 3814 et
653 3762 747 3813 alii
790 3761 923 3814 alia.
966 3760 1041 3813 ita
1089 3761 1160 3813 ibi
1199 3760 1496 3828 Gregoras,
1536 3760 1626 3824 qui
1664 3757 1827 3825 paulo

246 3865 378 3924 post
404 3855 553 3907 addit
579 3853 646 3907 de
674 3853 936 3907 Thebano
961 3854 1192 3923 dynasta
1225 3867 1345 3919 qum
1371 3849 1724 3917 singulariter
1761 3848 1828 3900 ad

245 3962 368 4001 rem
392 3955 632 3999 nostram
665 3945 874 3998 faciunt
902 3962 915 3998 :
946 3944 1050 3996 Τὸν
1076 3944 1183 4013 γάρ
1206 3960 1288 3995 τοι
1308 3944 1405 4008 τῆς
1442 3942 1703 4002 Βοιωτίας
1730 3939 1829 3992 καὶ

242 4039 361 4090 τῶν
379 4037 854 4108 Θηόῶνάρχηγὸν,
882 4037 1002 4089 ἀντὶ
1027 4034 1269 4105 μεγάλου
1300 4033 1695 4103 πριμικηρίου,
1736 4032 1831 4100 μέ-

242 4147 355 4199 γαν
391 4130 580 4195 κύριον
610 4128 935 4198 ὀνομάζουσι
969 4126 1182 4190 νῦν,είς
1205 4128 1363 4178 τοῦτο
1396 4124 1829 4193 παρενεχθέντες

244 4222 315 4272 ὲκ
355 4218 451 4271 τοῦ
479 4218 887 4288 παρενεχθῆναι
907 4218 1006 4285 τὴν
1036 4216 1263 4286 πρώτην
1285 4215 1577 4284 συλλαϐήν.
1603 4212 1829 4266 Videtur

243 4308 391 4361 velle
422 4325 521 4361 ttsu
548 4316 601 4362 et
624 4310 768 4376 vulgi
796 4307 1149 4376 corruptione
1169 4316 1298 4359 tunc
1322 4305 1615 4359 iuvalnissc
1638 4314 1691 4355 ut
1718 4302 1828 4355 dux

244 4395 596 4460 Thebarum,
618 4398 709 4467 qui
734 4398 861 4449 olim
884 4412 1111 4464 magnus
1130 4394 1829 4464 primiceriuscssetdictus

244 4490 643 4558 πριμικήριος,
678 4489 882 4542 sensim
916 4487 1243 4556 compendio
1271 4490 1469 4555 κήριον
1501 4487 1701 4539 cerium
1732 4500 1831 4554 pro

244 4583 567 4651 primicerio
593 4581 918 4644 vocitatum,
970 4596 1032 4633 ac
1080 4580 1317 4649 denique
1367 4580 1421 4632 in
1453 4595 1589 4632 voce
1631 4582 1827 4647 κήριος
1862 4600 1905 4657 D

245 4672 549 4727 secundam
584 4673 819 4727 litteram
873 4680 1172 4737 mutatam,
1218 4680 1277 4723 ut
1322 4670 1514 4740 κύριος
1569 4687 1665 4738 pro
1728 4671 1829 4737 κή-

250 4779 372 4833 ριος
403 4763 703 4825 diceretur,
746 4772 802 4817 et
858 4763 1117 4830 adjuncta
1176 4778 1338 4828 quam
1389 4777 1605 4823 semper
1637 4760 1829 4813 habuit

245 4855 617 4923 appellatione
640 4856 840 4925 magni,
872 4856 1042 4925 μέγας
1061 4854 1268 4924 κύριος,
1318 4870 1535 4921 magnus
1557 4853 1825 4904 (fontium.

329 4949 391 5002 P.
423 4948 550 5001 524.
583 4947 766 5001 Videri
794 4958 974 5016 potest
1014 4948 1127 4999 haec
1162 4947 1416 5000 scribom
1458 4944 1827 5013 Paehymeres

252 5039 310 5093 in
339 5039 522 5092 animo
554 5039 816 5094 habuisse
839 5039 960 5093 illos
991 5054 1180 5093 versus
1210 5037 1484 5104 Euripidis
1517 5054 1529 5089 :

323 5174 491 5226 Φιλεῖ
524 5192 577 5226 τι
607 5175 871 5241 πόλεμος
901 5174 974 5225 οὐ
1008 5171 1181 5224 πάντ’
1204 5170 1507 5241 εὐτυχεῖν.

338 5244 612 5297 Ἐσθλῶν
643 5244 709 5296 δὲ
739 5240 931 5312 χαίρει
963 5242 1279 5312 πτώμασιν.
1306 5240 1582 5312 moritor,

325 5315 563 5378 Κακοὺς
590 5314 657 5366 δὲ
683 5306 870 5381 prosi.
907 5311 985 5377 Τῇ
1018 5306 1187 5363 πόλει
1211 5310 1327 5377 μὲν
1363 5306 1477 5362 οὖν
1504 5310 1689 5381 νόσος

330 5384 456 5437 Τόδ⁹
484 5385 637 5445 ἔστι,
667 5379 825 5437 τοῖσι
852 5382 919 5435 δὲ
947 5381 1357 5434 κατθανοῦσιν
1392 5379 1667 5444 εὐκλεές.

326 5497 389 5551 Ρ.
420 5499 545 5552 554.
582 5500 808 5563 Ἄλλως
838 5498 993 5566 ἔγνω
1038 5492 1418 5562 παρακαλεῖν
1464 5493 1561 5544 καὶ
1606 5491 1833 5559 θερμῶς

250 5592 561 5646 ἱκετεύειν.
591 5590 785 5644 Fateor
820 5590 909 5643 hic
950 5592 1098 5643 clare
1135 5603 1240 5641 nou
1264 5587 1370 5640 dici
1420 5585 1587 5639 Deum
1615 5587 1834 5639 invoca-

252 5689 370 5731 tum
401 5697 427 5731 ιι
464 5680 712 5742 despota,
751 5681 894 5749 quod
937 5679 1197 5732 tamenin
1243 5677 1701 5746 interpretatione
1731 5694 1829 5746 po-

256 5772 367 5825 sui.
423 5772 750 5840 Coniectura
808 5782 987 5826 tamen
1041 5788 1146 5825 non
1193 5785 1328 5823 vana
1378 5780 1461 5824 est
1514 5769 1562 5821 id
1613 5787 1832 5839 quoque

265 5862 445 5917 \et'bis
513 5864 619 5917 illis
673 5862 1011 5933 παρακαλεῖν
1078 5871 1129 5916 et
1198 5861 1462 5914 ἱκετεύειν
1525 5860 1831 5931 signiﬁcare

1933 2010 2123 2062 στάσιν
2153 2010 2336 2079 εὑρεῖν
2363 2008 2540 2061 ἔνεστι
2571 2008 2681 2061 τῶν
2712 2008 3055 2077 πραγμάτων
3085 2006 3244 2076 δίκην
3271 2004 3503 2076 ἀείρῤου

1931 2103 2205 2172 ῥεύματος
2230 2100 2715 2171 παρατρεχόντων.
2750 2100 2876 2154 Hzer.
2914 2100 3039 2166 ille;
3082 2115 3318 2169 quorum
3349 2098 3506 2152 auxi-

1931 2196 2004 2247 lio
2032 2193 2249 2248 confido
2279 2208 2365 2248 me
2397 2192 2556 2263 657
2593 2207 2778 2247 rerum
2806 2194 3049 2247 auctoris
3074 2206 3299 2247 sensum
3329 2190 3506 2246 inter-

1932 2285 2199 2354 pretando
2250 2284 2611 2353 expressisse.
2655 2283 2814 2336 Mitto
2870 2297 3117 2353 qtuerere
3172 2281 3317 2336 unde
3367 2281 3505 2334 istas

1934 2377 2156 2447 Diogeni
2184 2376 2409 2431 Laertio
2447 2376 2614 2445 (quod
2658 2375 2876 2443 quidem
2918 2373 3236 2443 repererim)
3290 2373 3508 2440 ignotas

1934 2470 2194 2524 Heracliti
2218 2477 2273 2525 et
2314 2469 2517 2540 Cratyli
2555 2483 2780 2538 gnomas
2827 2468 3071 2522 hauserit
3109 2465 3506 2537 l‘achymeres;

1929 2565 2019 2632 qui
2070 2563 2261 2632 utique
2292 2561 2493 2616 vidisse
2530 2562 2700 2614 multa
2738 2561 2915 2630 potuit
2945 2556 3503 2614 monumeuta‘Grre-

1929 2670 2138 2715 corum,
2165 2669 2285 2723 qua:
2317 2668 2416 2707 nos
2452 2654 2621 2706 latent
2649 2668 2664 2706 :
2688 2662 2744 2706 et
2785 2652 2957 2706 fuisse
2991 2651 3309 2721 diligentem
3357 2651 3505 2704 anti-

1930 2746 2158 2816 quitatis
2217 2745 2664 2814 investigatorem
2694 2743 2831 2797 satis
2866 2751 3116 2811 apparet.

1999 2838 2055 2892 P.
2092 2837 2215 2891 542.
2241 2835 2566 2890 Monasterio
2601 2836 2727 2899 Deo,
2760 2835 2851 2905 qui
2900 2846 3000 2899 est,
3034 2852 3189 2888 sacro
3220 2840 3367 2893 (nam
3396 2835 3511 2888 ha’c

1928 2941 2042 2984 erat
2074 2930 2359 2999 peculiaris
2400 2929 2585 2981 domus
2619 2928 2732 2995 ejus
2765 2926 3134 2993 nuncupatio).
3165 2926 3354 2980 Graece
3382 2944 3395 2979 :
3426 2926 3508 2997 Τῇ

1932 3023 2070 3090 μονῇ
2106 3019 2201 3071 τοῦ
2252 3020 2406 3082 ὄντος
2449 3018 2587 3070 Θεοῦ
2651 3018 2750 3088 (τῷ
2792 3020 2902 3088 γὰρ
2938 3020 3049 3071 ὄντι
3090 3019 3297 3086 κυρίως
3342 3034 3513 3088 προσ-

1935 3110 2234 3178 ανέκειτο).
2264 3110 2383 3172 His,
2420 3109 2473 3164 ni
2500 3109 2678 3169 fallor.
2730 3110 3094 3178 significatur,
3133 3110 3275 3163 istud
3314 3109 3365 3162 in
3401 3123 3514 3177 quo

1930 3203 2257 3257 Blemmidas
2284 3203 2532 3272 degebat,
2562 3204 2955 3258 monasterium
2983 3201 3337 3271 peculiariter
3366 3216 3511 3255 nun-

1932 3301 2190 3363 cupatum
2246 3292 2414 3347 fuisse
2461 3293 2581 3362 Θεῷ
2626 3293 2703 3362 τῷ
2752 3296 2884 3347 ὄντι.
2935 3293 3211 3347 Alluditur
3264 3293 3332 3347 ad
3372 3293 3508 3346 illud

1935 3385 2102 3438 Exodi
2132 3401 2214 3444 ιιι.
2250 3385 2335 3446 Η,
2374 3384 2525 3452 juxta
2559 3384 2717 3445 LXX,
2756 3387 2844 3439 Dei
2878 3386 2942 3439 ad
2974 3385 3193 3455 Mogsen
3221 3384 3367 3452 Ἐγώ
3394 3385 3515 3453 ειμι

1934 3472 1961 3523 6
1992 3469 2088 3524 ῶν.
2117 3470 2202 3541 [Ρ.
2234 3470 2361 3541 Mil]
2396 3470 2551 3526 Unde
2581 3484 2664 3527 est
2698 3482 2751 3527 et
2778 3475 2948 3543 Apoc.
2984 3492 3022 3539 ι,
3053 3477 3085 3529 4
3118 3493 3132 3529 :
3171 3477 3348 3545 Χάρις
3384 3475 3516 3543 ὑμῖν

1937 3562 2029 3613 καὶ
2059 3563 2249 3633 εἰρήνη
2303 3565 2409 3616 ἀπὸ
2458 3566 2550 3617 τοῦ
2596 3567 2654 3617 '0
2687 3564 2782 3625 ὢν,
2808 3580 2911 3622 etc.
2951 3567 3212 3638 Proprius
3256 3568 3514 3623 nimirum

1936 3655 2223 3709 character
2262 3666 2471 3710 naturae
2508 3657 2623 3721 Dei,
2664 3671 2937 3728 quatenus
2983 3673 3337 3730 comparatur
3383 3679 3509 3715 cum

1935 3747 2157 3808 creatis,
2187 3756 2270 3800 est
2315 3764 2532 3817 semper
2572 3757 2625 3801 et
2672 3756 2992 3805 necessario
3040 3753 3330 3806 exsistere.
3367 3753 3505 3806 llnic

1935 3855 2068 3906 ergo
2106 3839 2335 3908 principi
2372 3843 2523 3906 quasi
2552 3841 2646 3893 Dci
2683 3843 2945 3896 attrihnto
2979 3844 3331 3913 singulariter
3355 3847 3511 3900 dica-

1939 3941 2049 3983 tum
2078 3933 2326 3984 voluerat
2359 3931 2686 3984 Blemmidas
2718 3949 2878 3987 suum
2912 3936 3328 3990 monasterium.

2010 4018 2093 4090 [P.
2126 4021 2276 4092 483].
2319 4022 2379 4076 Ρ.
2408 4023 2533 4078 542.
2582 4026 2686 4089 Εἰς
2721 4026 3115 4093 περιποίησίν
3156 4044 3238 4079 τε.
3272 4028 3397 4096 Agit
3445 4027 3513 4081 de

1937 4122 2155 4165 centum
2193 4114 2354 4167 libris
2402 4115 2517 4167 auri
2559 4122 2707 4186 (nam
2742 4116 3044 4171 Vaticanus
3095 4118 3302 4173 diserte
3349 4120 3515 4173 habet

1938 4204 2131 4256 ἑκατὸν
2165 4205 2353 4274 λίτρας
2382 4206 2634 4277 χρυσίου)
2660 4222 2798 4275 quas
2830 4207 3156 4264 Blemmidas
3183 4219 3514 4265 testamento

1938 4297 2155 4365 legabat
2185 4301 2523 4383 tttgaaslerio
2556 4300 2609 4354 in
2640 4316 2749 4369 quo
2792 4300 3046 4371 degebat,
3091 4304 3174 4367 εἰς
3215 4306 3513 4374 περιποίη-

1940 4405 2057 4443 σιν’
2094 4406 2211 4459 quae
2238 4386 2423 4447 tamen
2472 4409 2687 4448 summa
2720 4404 2840 4463 post
2886 4397 3008 4462 ejus
3043 4407 3310 4460 mortem,
3356 4401 3506 4453 nulla

1940 4484 2149 4535 ratione
2180 4483 2487 4537 testamenti
2524 4483 2730 4547 habita,
2766 4487 3143 4558 προσανετέθη
3181 4492 3243 4559 τῇ
3274 4491 3508 4564 Μεγάλη

1939 4573 2209 4644 ἐκκλησίᾳ
2246 4577 2328 4638 εἰς
2356 4578 2732 4646 περιποίησιν,
2771 4587 2829 4630 ut
2864 4579 3023 4646 paqu
3051 4579 3283 4635 inferius
3308 4584 3510 4638 dicitur

1934 4667 2035 4720 hoc
2064 4666 2255 4721 eodem
2288 4667 2485 4737 capite.
2535 4668 2651 4733 Qua
2696 4671 2916 4725 notione
2964 4685 3255 4741 usurparet
3301 4673 3514 4745 Pachy-

1932 4772 2108 4812 mcres
2163 4758 2214 4811 in
2276 4758 2363 4811 his
2414 4759 2628 4814 duobus
2696 4760 2833 4815 locis
2889 4778 3076 4816 vocem
3128 4764 3503 4833 περιποίησις,

1932 4850 2195 4917 quaerenti
2259 4851 2390 4904 mihi
2457 4854 2697 4905 occurrit
2754 4851 3062 4923 Hesychius
3123 4856 3214 4922 qui
3277 4857 3504 4910 πλεονα-

1934 4942 2070 5007 σμὸν
2122 4958 2238 4993 eam
2294 4947 2705 5011 interpretatur.
2750 4943 2884 4996 Nam
2941 4946 2993 4997 in
3037 4946 3157 5014 ejus
3213 4948 3385 5001 lexico
3428 4950 3510 5003 sic

1932 5032 2162 5102 legimus
2192 5034 2352 5089 hodie
2389 5053 2401 5088 :
2450 5037 2827 5106 Περιποὶησις,
2883 5035 3251 5105 πλεονασμὸς,
3290 5041 3486 5108 κτῆσις

1936 5124 2095 5177 Forte
2128 5126 2265 5179 alias
2322 5126 2606 5193 lugebatur
2641 5128 2986 5197 πλεονασμὸς
3022 5132 3291 5199 κτήσεως,
3338 5132 3499 5185 abun-

1936 5217 2123 5269 dantia
2182 5219 2570 5286 possessionis,
2613 5235 2813 5272 novum
2861 5221 3064 5275 bonum
3115 5224 3388 5278 accedens
3440 5225 3506 5279 ad

1933 5312 2087 5378 prius
2124 5321 2299 5379 parta,
2350 5321 2404 5364 et
2454 5321 2807 5378 augmentum
2856 5316 3251 5379 superveniens
3288 5330 3502 5384 posses-

1935 5400 2075 5455 sioni
2115 5403 2376 5471 antiqurc,
2414 5404 2561 5457 velut
2614 5402 2975 5457 adventitium
3015 5404 3291 5472 peculium
3336 5406 3505 5461 veteri

1937 5492 2275 5561 patrimonio
2300 5491 2737 5558 superadditum.
2776 5494 2830 5547 ld
2877 5494 3092 5548 erudite
3135 5496 3390 5565 vulgatus
3422 5498 3507 5551 in-

1936 5593 2149 5652 terpres
2182 5585 2381 5651 Ephes.
2418 5600 2457 5649 ι,
2490 5585 2559 5639 id
2587 5586 2861 5652 expressit
2894 5587 3163 5641 vocabulo
3195 5590 3510 5658 acquisitioc

1936 5674 2038 5725 nis.
2073 5672 2228 5738 Quod
2264 5675 2335 5726 ibi
2364 5676 2592 5745 κυρίως,
2627 5675 2893 5730 instricta
2920 5680 3264 5745 proprietate,
3292 5698 3511 5737 sumen-

1936 5765 2090 5825 dum,
2162 5775 2219 5818 ut
2279 5776 2434 5820 sonet
2487 5768 2766 5838 quidpiam
2818 5772 3304 5841 superadjunctum
3350 5785 3510 5830 antea

1936 5860 2199 5930 qumsitis.
2231 5862 2413 5929 Quare
2442 5863 2646 5920 frustra
2675 5875 2961 5936 argtttatur
2986 5880 3223 5926 novator
3243 5870 3513 5942 interpres
