3992 6538
577 417 716 481 1119

1488 430 1555 494 Ρ.
1602 431 1911 496 POSSINI
1961 434 2627 504 OBSERVATIONUM
2669 445 2931 510 Liii.ii.

3685 447 3818 516 mo

563 537 624 587 οι
659 531 752 602 qui
794 549 921 632 eum
967 536 1153 592 laudat
1219 536 1492 597 Henricus
1529 544 1840 614 Stephanus
1895 545 1948 601 in
2000 547 2149 603 The-
2181 566 2223 619 Α
2257 549 2385 630 opici
2416 563 2476 607 ut
2522 553 2664 608 idem
2699 571 2820 612 esse
2855 559 3152 615 videretur.
3187 560 3356 616 Sonat
3395 567 3577 615 autem
3620 577 3824 632 μεσημ-

569 636 740 679 sauro
785 625 986 683 Graece
1035 631 1254 702 lingua,
1291 633 1422 689 dum
1471 636 1720 693 instincti
1757 651 1989 709 uterque
2024 642 2149 696 libi-

567 714 696 770 dine
735 719 1108 778 calumniandi
1154 738 1393 781 veterem
1428 745 1531 784 usu
1567 729 1833 786 Ecclesiae.
1860 733 2145 802 probatam

569 805 703 862 Novi
733 810 1076 871 Testamenti
1111 821 1447 884 versionem,
1483 825 1821 876 contendunt
1861 828 2154 896 περιποίη-

573 915 661 954 σιν
691 901 784 955 illo
810 907 1052 974 Apostoli
1081 910 1200 964 loco
1227 928 1424 967 sonare
1452 915 1793 968 assertionem
1826 917 1941 971 sive
1978 918 2152 971 vindi-

574 994 858 1058 cationem,
891 1001 1037 1067 quod
1072 1019 1236 1069 quam
1265 1005 1336 1059 sit
1370 1006 1614 1074 ineptum
1640 1007 1928 1076 patebitex
1966 1011 2151 1064 consi-

571 1082 862 1143 deratione
883 1093 1175 1147 verborum
1208 1098 1380 1150 sancti
1411 1098 1584 1152 Pauli.
1613 1098 1753 1153 Sunt
1783 1108 1964 1154 autem
1993 1102 2108 1158 haec
2134 1121 2148 1162 :

573 1175 676 1239 ’ος
704 1178 856 1231 ἐστιν
886 1182 1149 1252 ipsum
1179 1189 1279 1256 τῆς
1304 1189 1401 1255 κλῇ
1416 1193 1675 1261 ρονομιας
1709 1193 1869 1264 ἡμῶν
1901 1197 1981 1256 εἰς
2009 1196 2151 1248 ἀπο-

572 1269 850 1342 λύτρωσιν
908 1275 1012 1343 τῆς
1052 1282 1501 1350 περιποιήσεως.
1568 1285 1702 1350 Quae
1760 1286 1842 1340 sic
1894 1287 2152 1357 vulgatus

571 1366 739 1418 vertit
769 1383 784 1420 :
816 1367 922 1432 Qui
965 1371 1246 1440 (nimirum
1295 1375 1535 1444 Spiritus
1561 1379 1807 1448 sanctus)
1841 1390 1919 1432 est
1965 1381 2153 1451 pignus

571 1454 903 1512 hereditatis
960 1473 1159 1516 nostra:
1194 1465 1247 1517 in
1295 1467 1706 1534 redemptionem
1765 1471 2156 1538 acquisitionis.

570 1544 800 1618 Nempe,
833 1563 893 1606 ut
921 1563 1144 1608 enarrat
1172 1556 1606 1625 Chrysostomus
1652 1562 1796 1616 hunc
1828 1562 2035 1627 locum,
2067 1565 2153 1619 his

571 1639 665 1709 qui
695 1641 856 1698 ﬁdem
905 1652 960 1699 et
1009 1648 1334 1705 citaritatem
1385 1653 1609 1719 habent,
1649 1654 1761 1722 jam
1802 1672 1951 1722 nunc
1991 1659 2155 1711 datur

568 1731 664 1800 jus
711 1736 780 1790 ad
829 1737 1227 1804 hereditatem.
1271 1745 1431 1820 cujus
1488 1721 1915 1815 repraesentaiur
1959 1753 2154 1819 pignus

571 1837 625 1881 et
651 1829 816 1882 arrba
857 1846 871 1883 :
911 1833 1044 1900 quin
1090 1846 1142 1888 et
1174 1837 1296 1902 eius
1333 1839 1491 1905 quasi
1525 1840 1835 1895 substantia
1868 1842 2153 1896 confertur

2255 640 2384 711 6pla
2437 647 2745 703 meridiem.
2799 649 2878 703 lbi
2929 650 3057 706 latet
3102 652 3392 707 antithesis
3416 653 3480 706 ad
3523 653 3688 706 σκιὰν
3717 669 3824 704 um-

2253 739 2422 796 bram.
2488 740 2546 796 Id
2600 745 2702 798 etsi
2760 747 2906 801 dicttt
2951 763 3203 818 parvum,
3278 747 3637 802 admonuisse
3670 763 3817 819 opor-

2253 833 2379 892 tuit.
2431 847 2497 887 ne
2540 834 2798 889 lectorem
2843 838 2932 892 hic
2990 839 3287 894 oti‘enderet
3337 839 3720 908 intempestiva
3773 847 3821 894 et

2254 923 2682 993 ἀπροσδιόνυσος
2713 928 2826 982 visa
2860 931 3066 985 umbrae
3091 931 3320 985 mentio.

2326 1014 2378 1068 P.
2417 1017 2543 1072 549.
2587 1017 2649 1072 '0
2689 1019 2758 1072 es
2781 1020 3039 1088 Μύτζης.
3078 1020 3146 1075 Ut
3175 1037 3296 1090 quae
3326 1020 3430 1074 ltoc
3463 1019 3650 1088 capite
3700 1019 3822 1073 refe-

2257 1119 2455 1162 runtur
2481 1110 2881 1180 intelligantur,
2905 1115 3261 1183 repetendum
3293 1130 3358 1169 ex
3391 1114 3651 1182 superius
3680 1127 3817 1182 spar-

2256 1201 2360 1253 sim
2425 1201 2665 1258 narratis
2726 1218 2754 1256 a
2796 1204 3128 1277 Pachymere
3183 1215 3238 1261 et
3297 1222 3360 1260 ex
3415 1206 3661 1274 Gregora
3724 1214 3822 1265 est,

2255 1290 2520 1346 Joannem
2552 1293 2963 1363 imperatorem,
2999 1314 3158 1366 quem
3194 1298 3560 1368 Pacbymeres
3600 1296 3690 1350 hic
3727 1295 3819 1349 Du-

2257 1399 2374 1436 cam
2427 1396 2606 1450 vocat,
2642 1387 3085 1454 Cantacuzenus,
3125 1391 3178 1445 in
3222 1391 3552 1445 Prtefatione
3587 1389 3820 1443 Historia

2262 1475 2565 1544 Batatzam,
2617 1481 2705 1534 cui
2750 1479 3074 1538 Theodorus
3133 1484 3390 1538 Lascaris
3448 1484 3604 1554 prior
3659 1483 3820 1536 dotale

2256 1569 2546 1636 imperium
2585 1575 2995 1639 transmiserat,
3038 1575 3163 1629 data
3215 1578 3270 1650 ei
3315 1577 3370 1629 in
3406 1559 3644 1630 uxorem
3684 1574 3821 1630 Ireue

2259 1660 2389 1723 lilia,
2425 1662 2593 1717 tilium
2620 1674 2674 1718 et
2705 1680 3078 1721 successorem
3105 1667 3317 1736 imperii
3358 1668 3626 1721 habuisse
3662 1666 3820 1721 Theo-

2256 1754 2478 1821 dorum,
2518 1755 2798 1811 Lascarim
2838 1772 2865 1810 a
2900 1768 3072 1811 matre
3106 1757 3338 1822 dictum,
3376 1767 3636 1827 nepotem
3662 1755 3822 1810 Theo-

2257 1844 2379 1900 dori
2433 1845 2685 1902 Lascaris
2733 1849 2920 1919 primi.
2989 1849 3124 1904 lluic
3179 1850 3510 1919 desponsam
3580 1850 3817 1902 lielenam

569 1916 850 1979 inlusione
880 1929 1070 1993 gratiae
1109 1929 1432 1994 ltabitualis,
1471 1950 1576 2003 qua
1610 1936 2004 1989 constituimnr
2049 1939 2140 1990 lilii
2179 1929 2219 1983 Β
2248 1916 2806 2010 AsanisBulgarorum
2830 1941 2971 2008 regis
2996 1942 3158 1994 tiliam
3181 1939 3677 2009 narratGregoras.
3703 1940 3733 1990 l-
3761 1955 3815 2002 ιι.

571 2009 692 2067 Dei.
725 2011 935 2072 Desunt
964 2030 1142 2074 tamen
1175 2022 1334 2078 nobis
1365 2025 1544 2079 adhuc
1571 2027 1734 2080 tnulta
1768 2037 1824 2080 ut
1859 2031 2152 2098 pervenia-

571 2119 697 2161 mus
761 2110 826 2160 ad
877 2113 1268 2177 periectionem
1317 2125 1552 2181 speratae
1601 2118 1905 2174 felicitatis.
1961 2120 2147 2176 Gratia

567 2195 925 2271 ἥψω-658
943 2203 1238 2260 babitualis
1272 2207 1697 2281 κλρηρονομίας,
1715 2213 2041 2268 Itwreditatis
2063 2230 2151 2267 vo-

566 2293 764 2346 cabulo
845 2297 1331 2366 signatur:dona
1405 2313 1586 2357 autem
1650 2307 1895 2358 nomium
1965 2310 2145 2361 habita

569 2389 881 2441 necessaria
908 2393 1444 2458 pt-rdttce’ndisnobis
1465 2397 1530 2449 ad
1553 2398 1712 2451 linem
1740 2399 1994 2452 ultimum
2016 2416 2149 2452 con-

567 2489 854 2560 summatre
893 2480 1273 2550 beatitudinis,
1322 2491 1748 2559 περιποιήσεως.
1779 2493 2146 2561 acquisitionis

569 2570 888 2626 indicantur
925 2577 1112 2630 verbo.
1159 2577 1263 2631 ista
1313 2577 1457 2633 dona
1491 2581 1637 2634 velut
1669 2583 1721 2636 in
1765 2584 1945 2636 aliena
1981 2599 2144 2636 manu

572 2668 751 2735 posita
787 2668 1102 2722 redimenda
1136 2671 1293 2726 nobis
1341 2683 1488 2739 sunt,
1525 2675 1625 2728 hoc
1652 2684 1736 2730 est
1767 2676 2058 2730 emcrenda
2091 2683 2145 2728 et

567 2757 912 2826 impetranda
950 2761 1105 2816 bouis
1140 2765 1397 2832 operibus
1433 2774 1486 2817 et
1529 2768 1807 2834 precibus.
1849 2767 1926 2822 Ne
1958 2778 2140 2821 autem

569 2851 924 2920 desperemus
965 2869 1028 2909 ea
1067 2855 1363 2924 impetrare
1393 2873 1455 2912 ac
1486 2861 1784 2927 promereri
1821 2877 1920 2914 nos
1958 2877 2142 2930 posse,

571 2946 733 3000 tiatur
762 2948 922 3002 nobis
964 2946 1052 3020 [Ρ.
1088 2948 1215 3020 484]
1250 2967 1439 3004 eorum
1491 2967 1732 3020 praesens
1767 2953 1965 3022 pignus
2013 2971 2141 3008 san-

569 3044 693 3091 rtus
731 3034 995 3105 Spiritus,
1043 3038 1294 3108 idemque
1343 3042 1761 3099 efficacissimus
1810 3045 2031 3113 atljutnr
2075 3048 2140 3099 ad

568 3132 909 3200 operandum
943 3135 1086 3201 quod
1124 3147 1150 3184 a
1186 3135 1344 3186 nobis
1379 3136 1653 3203 exigitur,
1699 3149 1753 3191 ut
1803 3139 2013 3207 plenam
2056 3157 2144 3194 sa-

567 3221 737 3279 lutem
776 3239 1158 3292 assequamur.
1195 3225 1356 3280 Juxta
1389 3227 1533 3281 hunc
1571 3244 1792 3282 sensum
1848 3247 2011 3299 quam
2057 3249 2140 3285 re-
2167 3263 2209 3318 ο

568 3323 659 3370 rte
689 3315 1000 3369 cohaereant
1040 3317 1204 3369 verba
1241 3317 1483 3386 Apostoii
1537 3321 1679 3375 videt
1731 3321 1975 3390 profecto
2017 3340 2145 3391 pru-

569 3408 710 3461 dens
738 3408 949 3474 lector;
985 3409 1259 3478 simulque
1297 3411 1548 3480 intelligit
1577 3431 1738 3482 quam
1769 3417 1973 3469 nullam
2001 3432 2143 3470 com-

571 3497 790 3557 modam
840 3503 1168 3554 sententiam
1210 3503 1415 3557 efﬁciat
1467 3504 1802 3562 Genevensis
1849 3509 2140 3577 expositio.

567 3591 701 3658 Qum
737 3602 821 3647 est
847 3594 989 3646 enim
1046 3594 1330 3660 redemptio
1369 3599 1674 3652 assertionis
1705 3611 1798 3652 aut
1829 3602 2144 3654 vindicatio-

569 3686 693 3744 υἱεῖ
732 3688 801 3738 At
832 3688 1222 3749 acquisitionis,
1271 3691 1374 3744 hoc
1425 3700 1531 3757 est,
1586 3695 1661 3744 rei
1718 3692 1956 3746 nondum
2014 3710 2142 3763 pos-

567 3793 737 3832 sessa:
767 3779 1124 3846 azljungeudae
1165 3783 1228 3834 ad
1263 3784 1312 3834 id
1347 3783 1493 3851 quod
1522 3783 1633 3851 jam
1665 3784 1953 3849 habemus,
1983 3784 2141 3839 facile

567 3869 750 3937 quivis
792 3871 1052 3938 perspicit
1083 3870 1196 3924 fieri
1236 3873 1647 3941 redemptionem
1680 3891 1862 3942 posse,
1897 3877 2000 3928 hoc
2031 3887 2138 3937 cst,

560 3960 751 4030 parari
803 3977 920 4016 eam
971 3971 1023 4015 et
1055 3964 1214 4029 quasi
1249 3965 1354 4018 cmi
1387 3971 1670 4032 persoluto
1705 3967 1882 4036 pretio
1923 3968 2139 4022 idoneo.

572 4052 728 4105 Certe
753 4053 961 4106 Latinis
992 4054 1359 4121 scriptoribus
1389 4057 1577 4124 prima:
1609 4057 1802 4110 classis
1830 4058 2143 4127 acquirendi

566 4139 790 4198 verbum
833 4141 972 4195 hanc
1023 4142 1194 4204 ipsam
1241 4161 1403 4209 quant
1449 4137 1810 4213 exposuimus
1861 4149 2139 4201 notionem

571 4231 734 4291 habet
766 4235 1044 4298 augmenti
1078 4243 1131 4286 et
1177 4235 1478 4288 additionis
1505 4254 1672 4307 super
1711 4239 1860 4306 prius
1889 4255 2140 4309 possessa

568 4326 880 4379 cumulatas.
917 4324 1032 4380 Cic.
1085 4327 1244 4386 epist.
1274 4329 1326 4392 7,
1365 4331 1399 4383 l.
1445 4346 1502 4383 Itt
1533 4348 1546 4383 :
1578 4331 1768 4385 Postea
1820 4349 1934 4385 t'ero
1983 4350 2140 4400 quam

567 4419 647 4475 ita
679 4420 876 4483 accepi,
912 4419 986 4471 ita
1025 4423 1157 4489 gessi
1193 4422 1413 4484 inmeria
1444 4426 1702 4487 maxima,
1748 4437 1802 4478 ut
1845 4426 1974 4477 mihi
2007 4426 2142 4478 nihil

568 4526 730 4575 neque
768 4510 837 4561 ad
870 4510 1117 4563 honorem
1172 4529 1332 4578 neque
1364 4516 1432 4566 ad
1481 4515 1703 4582 gloriam
1760 4518 2142 4586 nequirent/um

2255 2048 2307 2100 p.
2341 2033 2426 2094 i3,
2457 2034 2616 2100 cujus
2637 2050 2796 2088 soror
2820 2033 3009 2105 Mytzze
3036 2035 3236 2102 conjux
3275 2033 3398 2095 fuit,
3433 2042 3495 2085 ut
3522 2047 3629 2085 nos
3681 2032 3821 2083 docet

2252 2121 2618 2196 Pachymercs
2647 2127 2750 2179 boc
2787 2127 2925 2190 loco,
2958 2126 3192 2196 Mytzatn
3215 2125 3382 2202 659
3411 2133 3461 2177 ct
3487 2123 3816 2176 Theodorum

2254 2217 2530 2270 Lascarim
2569 2217 2967 2288 συγγάμδρους
3009 2233 3234 2273 vocans.
3287 2217 3366 2272 Ex
3421 2218 3524 2272 hoc
3561 2215 3814 2271 Theodori

2251 2307 2506 2364 Lascaris
2548 2310 2778 2364 secundi
2819 2309 3170 2363 matrimonio
3206 2318 3388 2362 natam
3426 2309 3642 2362 lrenem
3691 2308 3813 2362 idm

2251 2400 2492 2458 Joannes
2542 2401 2719 2456 Ducas
2755 2401 3032 2456 Theodori
3070 2413 3223 2470 pater
3255 2402 3434 2456 adhuc
3471 2403 3663 2454 virens
3691 2399 3816 2452 Con.

2255 2497 2500 2547 stantino
2549 2494 2836 2548 collocarit
2893 2495 3044 2556 huic,
3079 2496 3144 2548 de
3180 2511 3290 2564 quo
3341 2497 3426 2548 hic
3480 2508 3690 2555 noswer,
3736 2493 3811 2558 qui

2255 2596 2461 2653 partem
2498 2587 2716 2656 generis
2754 2601 2816 2639 ex
2870 2584 3057 2640 Serbia
3115 2588 3388 2640 trahebat.
3441 2586 3613 2639 Recte
3657 2593 3814 2637 autem

2254 2686 2410 2728 vocat
2449 2675 2796 2728 Constantini
2849 2675 3133 2746 coniugem
3169 2675 3380 2729 lrenem
3419 2675 3658 2745 ἐκγόνην
3701 2672 3815 2728 Asa-

2249 2769 2359 2828 nis,
2405 2768 2506 2820 hoc
2553 2779 2637 2822 est
2690 2778 2931 2838 neptem,
2979 2771 3179 2841 quippe
3222 2785 3286 2823 ex
3322 2768 3525 2823 lleleua
3574 2767 3813 2838 genitam,

2248 2857 2450 2912 Asanis
2489 2861 2616 2913 tilia.

2317 2951 2377 3006 Ρ.
2411 2952 2534 3006 560.
2571 2952 2882 3007 Cardinales
2912 2971 3026 3024 qua:
3050 2969 3168 3018 vox,
3197 2962 3302 3007 etc.
3332 2952 3460 3007 Pius
3491 2951 3555 3014 11,
3592 2951 3813 3006 oratione

2246 3043 2310 3096 ad
2344 3045 2671 3108 cardinales,
2727 3063 2846 3115 qu:e
2879 3055 3060 3101 exstat
3088 3054 3386 3099 comment.
3446 3045 3486 3099 1.
3524 3061 3599 3106 tv,
3635 3044 3709 3096 sic
3735 3056 3813 3095 eos

2245 3137 2576 3203 co-npellat:
2639 3137 2739 3192 Vos
2773 3140 2879 3191 veri
2922 3138 3109 3191 mundi
3139 3140 3410 3198 cardines,
3438 3153 3605 3205 supra
3647 3135 3811 3205 quibus

2245 3227 2526 3282 militantis
2546 3231 2737 3281 ostium
2765 3229 3012 3283 Ecclesia
3033 3228 3329 3282 rolcendum
3352 3243 3414 3280 ac
3438 3226 3708 3297 regendam
3729 3234 3812 3277 est.

2244 3318 2454 3373 Ostium
2489 3327 2669 3372 autem
2707 3334 2842 3388 papa
2876 3327 3098 3372 vocatur
3127 3327 3187 3374 ut
3218 3317 3422 3374 Christi
3458 3318 3706 3377 vicarius,
3735 3314 3810 3382 qui

2245 3413 2311 3465 de
2363 3429 2419 3467 se
2468 3411 2587 3480 ipso
2641 3411 2772 3465 dicit
2823 3409 3074 3475 Joannis,
3112 3427 3164 3472 ιι.
3196 3411 3270 3464 9:
3310 3409 3420 3477 Ego
3449 3425 3565 3461 sum
3619 3407 3807 3460 ostium.

2252 3504 2409 3571 Quod
2449 3504 2516 3559 de
2555 3519 2688 3557 auro
2720 3503 2807 3558 hic
2837 3504 3104 3558 scribitur
3136 3503 3200 3554 ad
3237 3499 3546 3555 cardinales
3579 3501 3736 3552 tnisso
3763 3505 3810 3548 ut

2246 3616 2439 3670 papam
2469 3615 2578 3669 quo
2611 3598 2822 3652 volebat
2874 3597 3171 3665 imperator
3206 3593 3510 3654 ﬂecterent,
3549 3592 3734 3660 accipe
3761 3597 3808 3640 ut

2246 3693 2502 3758 scriptum
2551 3706 2581 3744 a
2633 3689 2986 3744 schismatico
3023 3704 3110 3741 res
3139 3687 3456 3741 Latinorum
3485 3695 3539 3739 et
3598 3681 3809 3753 negotia-

2249 3787 2446 3837 tionem
2480 3799 2600 3853 qurc
2633 3799 2779 3836 nunc
2817 3781 3176 3834 inclinabatur
3215 3777 3619 3832 conciliationis
3653 3772 3806 3828 Eccle-

2247 3875 2454 3927 siarum
2493 3873 2759 3928 infamare
2793 3882 3027 3927 conante
3087 3870 3498 3939 suspicionibus
3534 3864 3806 3921 calumnio-

2249 3969 2352 4021 sis.
2390 3965 2568 4032 Quare
2607 3968 2651 4020 is
2684 3965 3066 4018 auctoritatem
3101 3963 3153 4016 in
3188 3963 3290 4015 hoc
3341 3961 3562 4030 quidem
3610 3973 3706 4010 non
3732 3955 3807 4006 lia-

2248 4057 2360 4119 bet,
2394 4057 2483 4110 cui
2539 4063 2656 4110 tuto
2699 4055 2855 4110 inniti
2895 4053 3170 4110 credendo
3212 4054 3454 4123 prudens
3489 4052 3677 4122 possit.
3715 4049 3804 4102 Nec

2244 4163 2382 4216 opus
2412 4157 2534 4202 erat
2586 4147 2994 4215 imperatorem,
3059 4145 3202 4198 haud
3267 4145 3465 4213 alioqui
3528 4144 3805 4213 prodigum,

2246 4241 2473 4310 pecunia
2510 4254 2690 4293 cmcre
2725 4253 3048 4292 consensum
3106 4235 3381 4303 pontificis
3430 4244 3527 4289 aut
3579 4232 3804 4288 cardina-

2246 4331 2377 4384 liutn
2436 4331 2488 4384 in
2545 4331 3041 4384 reconciliationem
3084 4329 3481 4392 Ecclesiarutn,
3522 4343 3678 4395 quant
3736 4323 3799 4376 illi

2244 4440 2478 4491 semper,
2516 4433 2574 4476 ut
2609 4424 2770 4477 etiam
2806 4431 2991 4476 noster
3022 4421 3150 4474 alibi
3183 4437 3290 4474 non
3323 4419 3650 4482 dissimulat,
3673 4432 3798 4472 Sunt-

2245 4517 2345 4570 mis
2403 4517 2547 4570 votis
2576 4526 2916 4585 optaverant,
2955 4515 3100 4568 ultro
3146 4515 3317 4582 parati
3359 4529 3455 4580 pro
3506 4528 3573 4566 ea
3621 4509 3804 4580 quidvis

566 4609 831 4668 putarem.
864 4599 1006 4652 idem
1056 4601 1108 4654 itt
1149 4601 1372 4658 Catilin.
1422 4603 1562 4658 Nam
1619 4607 1746 4658 mihi
1783 4606 1991 4675 quidem
2040 4607 2141 4673 ipsi
2169 4593 2220 4651 D
2250 4609 2470 4678 pacisci.
2506 4607 2585 4661 Ad
2625 4607 3022 4675 impetrandum
3060 4620 3188 4658 vero
3219 4621 3247 4658 a
3280 4604 3535 4674 pontiﬁce
3567 4613 3624 4657 ut
3656 4601 3799 4653 Caro-

560 4693 693 4761 quid
714 4705 790 4746 est
826 4694 965 4768 quod
991 4695 1109 4762 jam
1141 4697 1210 4748 ad
1241 4698 1363 4750 vita?
1403 4698 1634 4765 fructum
1699 4700 1862 4764 possit
1911 4700 2139 4767 acquiri.

565 4786 641 4842 Ut
669 4787 870 4841 similia
905 4789 1156 4841 omittam
1192 4791 1361 4844 multa
1390 4794 1593 4861 passim
1625 4793 1806 4845 obvia.
1845 4793 1971 4847 iimc
2004 4794 2142 4848 satis

567 4888 700 4935 ευιιι
747 4878 812 4932 ad
857 4880 1218 4934 θνίιιριιιιάιιιιι
1253 4894 1441 4938 ςοηιιιι
1486 4885 1872 4958 εεινίιιέιιίωηιξδ.
1912 4900 2142 4939 novato-

567 4991 716 5036 rutn,
748 4983 987 5028 veterem
1038 4976 1393 5042 interpretem
1430 4977 1709 5048 vulgatum
1756 4993 1864 5030 non
1900 4979 2142 5045 potuisse

564 5064 764 5119 melius
808 5067 1117 5134 exprimere
1167 5069 1272 5118 vim
1318 5065 1521 5122 διαδοίη
1576 5067 1726 5122 vocis
1789 5069 2140 5138 περιποίησις

564 5171 731 5226 quam
757 5157 832 5222 ei,
862 5165 920 5210 ut
945 5156 1094 5220 iet-it,
1127 5161 1454 5226 opponendo
1480 5160 1800 5215 vocabulum
1827 5159 2141 5226 acquisitio;

566 5259 669 5299 nec
701 5261 801 5300 nos
827 5248 970 5314 quod
1003 5255 1193 5300 noster
1224 5247 1329 5300 hoc
1378 5249 1497 5302 loco
1533 5249 1824 5303 hismricus
1869 5251 1948 5310 εἰς
1981 5265 2140 5315 περι-

563 5332 788 5404 ποίησιν
827 5336 1154 5390 attributum
1200 5337 1356 5401 dicit,
1403 5340 1544 5391 male
1601 5339 1910 5392 declarasse
1959 5337 2140 5392 verbis

563 5425 676 5480 illis
709 5426 764 5480 ia
795 5438 1132 5496 augmentum
1161 5429 1514 5496 fundationis,
1541 5438 1649 5482 etc.

636 5514 723 5588 [Ρ.
747 5517 874 5590 461]
905 5535 957 5588 ρ.
993 5518 1118 5573 548.
1155 5517 1238 5573 Ne
1277 5521 1520 5572 umbram
1568 5521 1780 5590 quidem
1814 5520 1975 5572 ullius
2015 5537 2135 5572 mu-

561 5608 896 5665 nitiuneulw.
952 5609 1009 5664 in
1060 5611 1252 5666 Graeco
1301 5613 1435 5681 μηδὲ
1479 5614 1739 5683 φρουρίου
1791 5613 1972 5665 σκιάν.
2011 5611 2134 5665 Haec

561 5698 816 5753 alludunt
838 5701 903 5754 ad
932 5717 1122 5755 vocem
1157 5705 1536 5773 μεσημϐρείας
1569 5721 1688 5757 mox
1719 5707 1976 5773 positam.
2007 5707 2136 5770 Qua:

563 5805 760 5844 nomen
783 5793 1004 5860 quidem
1034 5805 1153 5848 erat
1189 5803 1330 5849 notzc
1356 5795 1528 5859 urbis,
1561 5795 1628 5850 de
1668 5813 1771 5866 qua
1813 5799 1898 5852 hic
1925 5798 2133 5866 agitur.

559 5881 668 5938 {Sed
711 5885 855 5955 quod
902 5895 1009 5942 tam
1045 5902 1215 5960 prope
1263 5887 1546 5946 accederet
1577 5888 1643 5943 ad
1697 5904 1880 5945 vocem
1921 5908 2134 5962 μεσημ-

2247 4701 2281 4754 ii
2353 4699 2497 4768 regis
2562 4698 2848 4751 adversum
2912 4714 2970 4751 se
3030 4698 3430 4767 expeditionem
3497 4695 3800 4765 prohiberet,

2246 4791 2391 4860 quod
2453 4789 2608 4844 facile
2645 4790 2966 4844 crediderim
2996 4805 3106 4858 pra:
3146 4789 3400 4841 omnibus
3437 4790 3668 4842 voluisse
3717 4782 3798 4836 ΜΞ-

2247 4884 2511 4945 cbaeient,
2562 4884 2696 4937 satis
2728 4882 2841 4947 ipse
2899 4881 3235 4948 iutelligebat
3289 4879 3404 4932 fore
3434 4895 3624 4932 verum
3655 4889 3789 4941 suum

2247 4976 2299 5030 in
2335 4990 2519 5042 pacem
2569 4973 2928 5029 Ecclesiarum
2971 4970 3364 5040 procurandam
3390 4971 3687 5026 dcc'arasse
3711 4976 3800 5019 stu-

2244 5065 2420 5122 dium.
2460 5067 2700 5131 Denique
2758 5065 2841 5118 ltic
2893 5071 3102 5119 tantum
3159 5063 3533 5130 qualicunque
3586 5061 3678 5113 title
3709 5057 3796 5107 Pa-

2243 5159 2524 5230 chymcres
2553 5155 2785 5214 aﬂirmat
2829 5156 3067 5209 oblatum
3102 5154 3169 5206 ad
3217 5155 3548 5220 imperatore
3577 5148 3798 5204 cardina-

2245 5251 2390 5304 libus
2439 5266 2657 5312 aurum,
2703 5255 2986 5316 acceptum
3043 5246 3108 5298 ab
3169 5245 3236 5298 iis
3271 5259 3378 5297 non
3449 5243 3659 5296 asserit.
3736 5234 3794 5288 Et

2243 5341 2411 5396 fuisse
2453 5342 2660 5396 scimus
2701 5340 2920 5394 aiiuntle
2970 5339 3064 5390 illo
3119 5351 3234 5391 aevo
3273 5335 3578 5389 cardinales
3613 5332 3797 5398 aliquos

2245 5439 2352 5486 tam
2390 5440 2631 5493 sant-tos,
2670 5432 2762 5500 qui
2795 5428 3178 5483 abstinentiam
3215 5426 3472 5486 Fabricii,
3521 5424 3793 5477 Samnitum

2245 5538 2439 5576 aurum
2481 5521 2848 5589 aspernantis.
2899 5521 2952 5572 in
2985 5536 3044 5572 se
3078 5518 3375 5572 desiderari
3419 5532 3528 5570 non
3561 5517 3794 5568 sinerent.

2315 5613 2379 5686 [Ρ
2413 5612 2540 5684 462]
2575 5613 2634 5666 Ρ.
2688 5614 2810 5666 561.
2841 5610 2986 5678 Regii
3051 5611 3449 5663 archidiaconus
3507 5606 3650 5662 cirri.
3700 5599 3795 5656 se

2243 5707 2366 5775 pius
2397 5706 2451 5758 in
2489 5707 2589 5758 hac
2638 5706 2864 5758 historia
2899 5706 3259 5774 l‘aebynicrcs
3305 5702 3508 5754 indicat
3540 5698 3698 5751 fuisse
3717 5693 3796 5744 du-

2243 5801 2501 5854 mestieos
2560 5802 2736 5854 cit-ros
2808 5798 3136 5868 principum.
3201 5795 3290 5849 Sic
3345 5794 3613 5857 superius,
3644 5804 3688 5839 c.
3718 5784 3792 5846 2‘3,

2243 5893 2282 5949 Ῑο
2319 5907 2391 5960 ιν»
2432 5892 2625 5947 scribit
2680 5890 2998 5960 Joscpbum,
3039 5901 3329 5956 antequam
3390 5891 3680 5939 monachus
3710 5876 3786 5930 lic-
