3992 6528
170 404 297 468 1121

1556 480 1571 495 κ
1616 400 1858 468 NUT/E.

3219 396 3222 401 λ
3299 398 3443 476 1ης]

162 530 257 581 ret,
292 514 519 571 lectoris
559 508 794 569 officium
874 513 1191 570 exercuiSSe
1238 515 1292 570 in
1358 514 1508 571 clero
1561 516 1826 577 dome-A
1920 517 1983 572 P.
2014 517 2141 576 566.
2205 520 2348 587 Quia
2415 522 2749 593 contingebat
2808 510 3067 593 frequenti
3127 522 3441 590 pontiﬁcum

166 613 298 666 stico
339 608 577 661 domina
611 607 816 665 lreucs.
850 605 973 662 llac
1024 608 1125 662 fuit
1153 608 1304 677 prior
1345 624 1485 663 uxor
1524 609 1757 675 impera-

164 704 292 755 toris
340 700 577 756 Joannis
635 699 793 753 Duca
832 702 1036 768 sapius
1072 703 1356 756 memorati
1410 702 1463 754 in
1515 702 1755 757 Ilistoria

165 791 371 859 Georgii
402 790 748 858 Acropolita.
777 788 869 843 Sic
893 792 959 845 de
992 792 1187 844 Piuaca
1217 791 1553 855 llcracleota,
1579 793 1755 862 capite

167 902 281 939 tuos
324 885 413 945 ει,
481 885 556 938 ibi
617 895 825 947 narrat,
885 888 1106 955 quando
1162 888 1209 941 ei
1291 898 1513 957 ereptus
1578 890 1755 943 honor

167 982 261 1036 est,
315 972 417 1041 ipsi
470 972 673 1038 alioqui
727 972 967 1034 debitus,
1017 974 1374 1029 consecrandi
1434 977 1756 1043 patriarcha

165 1062 398 1131 Juseplti,
451 1063 638 1116 datum
698 1064 749 1116 in
811 1065 1064 1118 solatium
1116 1076 1172 1118 ιιι
1215 1067 1266 1119 in
1329 1067 1531 1135 palatio
1583 1069 1756 1122 sacris

166 1165 498 1224 operaretur;
559 1171 681 1224 qua
727 1171 837 1216 res.
897 1166 954 1209 ut
1006 1156 1202 1211 ibidem
1230 1167 1471 1221 notatur,
1544 1158 1755 1228 magnis

167 1245 590 1300 auctoramentis
655 1255 962 1312 quiastuosa
1027 1256 1163 1300 erat.
1215 1246 1305 1301 Sic
1362 1259 1417 1303 et
1473 1249 1528 1302 in
1612 1251 1755 1305 aulis

166 1335 599 1391 Christianorum
650 1337 1017 1393 Occidentalis
1056 1340 1312 1394 Ecclesia
1366 1342 1751 1410 imperatorum

168 1444 226 1485 ac
277 1445 465 1498 regum
541 1431 791 1486 videmus
850 1433 1049 1501 templa
1118 1433 1360 1501 ipsorum
1450 1434 1753 1488 domestica

171 1536 295 1577 suos
348 1522 478 1575 item
515 1522 693 1578 cleros
724 1532 778 1577 et
823 1527 1002 1578 omnis
1053 1524 1261 1579 ordinis
1311 1525 1596 1580 ministros
1641 1525 1751 1594 jam

169 1613 288 1665 olim
349 1612 576 1667 habere.
627 1611 697 1666 Ut
740 1616 807 1666 de
863 1615 985 1667 aliis
1040 1615 1253 1676 sileam,
1301 1614 1351 1669 id
1394 1617 1603 1684 prolixe
1653 1617 1752 1668 do-

168 1712 247 1758 cet
302 1702 543 1758 Historia
600 1705 814 1759 Sancta
864 1706 1128 1775 Cappella
1159 1707 1353 1760 domus
1389 1708 1533 1775 regis
1583 1704 1753 1760 Fran-

171 1797 261 1850 cia
306 1795 515 1850 dudum
566 1796 709 1850 edita
764 1813 963 1867 magno
1012 1800 1311 1853 volumine.

233 1886 290 1943 P.
323 1889 449 1943 365.
502 1888 756 1956 Defuncti
784 1890 1011 1943 cadaver
1044 1906 1140 1959 pro
1172 1893 1357 1944 merito
1388 1893 1601 1954 anima,
1645 1902 1750 1947 etc.

175 1978 310 2033 Satis
338 1980 455 2033 hac
493 1990 861 2035 consentanea
920 1982 986 2036 iis
1022 1999 1143 2050 qua
1202 1981 1394 2037 Franci
1453 1986 1752 2052 scriptores

173 2070 381 2126 tradunt
402 2073 471 2128 de
490 2084 667 2127 morte
685 2075 850 2145 660
868 2085 921 2128 et
944 2074 1131 2129 furere
1156 2076 1326 2129 Sancti
1353 2077 1491 2145 regis
1521 2076 1755 2129 Ludovi—

174 2166 237 2220 ci.
287 2180 351 2218 ex
399 2166 608 2233 quibus
647 2167 971 2235 compendio
1025 2168 1187 2222 refert
1222 2169 1548 2236 Sponilanus
1606 2182 1753 2222 anno

173 2254 320 2317 ηπ).
354 2272 508 2309 num.
536 2258 594 2311 4:
627 2256 791 2311 Sacra
819 2257 934 2326 ejus
966 2275 1087 2313 ossa
1120 2275 1278 2313 carne
1307 2259 1573 2312 denudata
1603 2260 1756 2312 lotio-

175 2362 232 2399 ne
259 2348 612 2423 mundissima
637 2390 649 2411 ,
686 2352 878 2419 pannis
909 2353 1090 2405 sericis
1123 2368 1240 2405 cum
1300 2354 1632 2406 aromatibus
1666 2353 1753 2404 in-

174 2437 359 2499 uoluta,
404 2439 459 2491 in
508 2440 681 2494 loculo
704 2445 976 2496 reservata
1003 2443 1187 2510 fuisse,
1228 2442 1510 2504 deferenda
1568 2443 1636 2495 ad
1669 2459 1753 2496 ec-

176 2526 372 2579 rlesiant
404 2527 467 2583 S.
514 2531 940 2600 Dionysii.ete.,
981 2532 1205 2589 Carnem
1239 2550 1353 2587 vero
1393 2546 1438 2587 et
1473 2535 1741 2597 intestina,

182 2634 211 2671 a
237 2636 327 2674 suo
356 2632 537 2690 nepote
579 2623 818 2694 Philippo
858 2642 974 2696 rege
1005 2630 1309 2695 impetrata,
1346 2645 1376 2679 a
1407 2625 1598 2682 Carolo
1637 2626 1752 2690 eius

177 2713 332 2783 fratre
389 2717 685 2788 honoriﬁce
740 2721 797 2772 in
856 2718 1097 2773 Siciliam
1149 2720 1353 2783 delata,
1409 2729 1457 2773 et
1524 2719 1753 2788 reposita

176 2810 225 2862 in
263 2810 475 2865 ecclesia
527 2810 727 2865 Montis
776 2811 989 2882 Regalis
1042 2814 1350 2866 monasterii
1409 2813 1612 2866 ordinis
1691 2808 1748 2865 S.

180 2899 432 2955 Benedicti
472 2918 640 2972 prope
692 2903 1041 2958 Panorntum.
1100 2905 1215 2959 lluc
1252 2906 1475 2972 respicit
1547 2904 1749 2957 mentio

178 3007 204 3044 a
238 3005 421 3048 nostro
470 2995 615 3049 facta
676 2996 974 3050 toculorum
1012 2999 1365 3066 pretiosorum
1447 2996 1499 3048 iu
1555 2996 1749 3060 plurali

180 3099 408 3142 numero:
459 3086 572 3142 duo
609 3089 754 3142 enim
794 3089 1034 3153 fuerunt,
1084 3107 1314 3159 quorum
1350 3092 1522 3143 altero
1558 3090 1613 3143 S.
1646 3090 1753 3142 Lu-

1862 623 2029 666 morte
2080 615 2217 668 alios
2267 630 2332 669 ex
2405 615 2526 669 aliis
2578 633 2745 683 papas
2795 617 2937 685 ﬁeri.
3019 613 3154 669 Vere
3208 615 3313 669 hoc
3359 614 3444 669 di-

1859 714 2029 759 ctum.
2087 704 2220 757 Nam
2273 708 2512 776 periure
2566 715 2809 777 tempora
2871 708 3321 779 βραχυόιώτεροι,
3385 708 3445 760 ut

1859 798 1940 849 sic
1994 797 2206 864 loquar.
2256 814 2418 864 quam
2481 798 2591 853 fere
2641 800 2775 854 alias
2851 798 3083 853 Romani
3152 798 3444 869 pontif'ces

1860 890 2031 951 fuere,
2083 891 2349 959 siquidem
2400 892 2709 946 Alexander
2758 892 2821 945 IV
2871 908 2967 947 sex
3014 901 3220 944 tantum
3270 903 3446 945 annos

1857 984 2014 1048 vixit,
2071 983 2323 1039 Urbanus
2348 1001 2475 1038 vero
2516 984 2584 1038 ιν
2638 996 2768 1045 tres,
2804 1001 2901 1039 nec
2954 985 3124 1038 multo
3156 986 3276 1052 plus
3318 982 3444 1036 Cle—

1859 1091 2013 1130 nteus
2042 1075 2134 1141 IV,
2162 1076 2459 1146 Gregorius
2490 1076 2536 1129 Χ
2570 1088 2682 1130 tres
2717 1092 2840 1128 cum
2876 1076 3126 1138 dimidio,
3170 1074 3444 1128 Innocen-

1861 1170 1966 1221 tius
1990 1167 2028 1220 V
2057 1178 2293 1238 quatuor
2329 1168 2631 1229 mensibus,
2659 1167 2966 1220 Hadrianus
2993 1165 3034 1219 V
3061 1166 3445 1233 sesquimeuse

1857 1274 1966 1312 non
2022 1267 2157 1321 toto,
2216 1261 2452 1313 Joannes
2506 1258 2627 1312 XXI
2672 1274 2865 1312 novem
2916 1258 3236 1317 mensibus,
3276 1255 3444 1311 Nico-

1859 1351 1979 1404 laus
2012 1350 2079 1404 ill
2114 1368 2222 1404 non
2257 1352 2387 1405 totis
2418 1353 2593 1405 tribus
2627 1351 2803 1405 annis.
2836 1349 2941 1403 Sed
2973 1359 3027 1403 et
3072 1349 3125 1402 in
3175 1349 3277 1402 hoc
3327 1357 3446 1401 erat

1857 1443 2059 1509 aliquid
2118 1458 2228 1512 quo
2287 1441 2458 1497 Graci
2510 1457 2813 1512 agnoscere
2867 1449 3090 1506 possent
3162 1441 3441 1493 meliorem

1855 1533 2114 1588 Ecclesia
2162 1532 2533 1587 conditionem
2590 1547 2653 1586 ac
2733 1541 2935 1588 statum
2972 1534 3143 1599 apud
3221 1531 3444 1585 Latinos

1856 1639 2019 1692 quam
2054 1625 2196 1692 apud
2246 1628 2416 1693 ipsos.
2484 1626 2698 1679 Etenim
2759 1640 2883 1678 cum
2947 1624 3131 1677 minus
3182 1623 3293 1677 fere
3324 1637 3444 1676 cre-

1854 1714 1984 1769 bras
2035 1715 2477 1784 patriarcharum
2564 1714 2899 1769 mutationes
2965 1709 3441 1779 Constantinopoli

1856 1808 2198 1877 contingeret
2246 1808 2358 1861 fieri
2410 1821 2572 1876 quam
2622 1822 2884 1876 paparum
2958 1804 3163 1869 Roma,
3242 1804 3443 1859 discri-

1861 1915 1982 1953 men
2023 1908 2142 1953 erat
2190 1910 2397 1963 tamen,
2468 1900 2613 1969 quod
2666 1914 2818 1967 papa
2868 1898 3063 1952 mortis
3118 1895 3447 1951 necessitate

1860 1992 2230 2057 mutabantur,
2288 1990 2610 2060 patriarcha
2661 1987 3250 2055 Constantinopolitani
3298 1986 3446 2041 arbi—

1860 2085 1967 2137 trio
2018 2084 2367 2150 imperatoris
2424 2082 2816 2138 amovehantur
2869 2090 2922 2135 et
2982 2081 3440 2149 subrogabantur.

1859 2174 2048 2246 itaque
2082 2177 2282 2246 paucis
2330 2175 2495 2244 hujus
2553 2176 2893 2244 principatus
2947 2174 3107 2227 annis
3175 2170 3444 2226 Arsenius

1860 2268 2058 2336 primo,
2098 2267 2222 2321 dein
2268 2265 2631 2336 Nicephorus,
2713 2273 2827 2319 tum
2909 2264 3089 2318 denuo
3155 2261 3441 2325 Arsenius,

1862 2375 1985 2413 mox
2039 2361 2140 2413 hoc
2187 2360 2427 2427 relegato
2477 2357 2801 2419 Germanus,
2851 2356 2953 2411 hoc
3011 2357 3234 2409 detruso
3287 2351 3448 2406 Jose-

1861 2455 2022 2521 phus,
2066 2463 2189 2523 post
2232 2454 2396 2507 istum
2450 2452 2757 2521 depositum
2809 2450 3020 2504 Veccus
3076 2447 3294 2501 fuerunt
3344 2460 3445 2515 pa-

1860 2545 2133 2598 triarcha.
2190 2543 2261 2599 Ut
2299 2543 2411 2598 fere
2461 2560 2569 2598 non
2620 2544 2801 2597 minus
2849 2540 3098 2595 llichaeli
3140 2536 3447 2607 Palaologo

1860 2639 2169 2698 conveniat,
2220 2637 2365 2705 quod
2419 2636 2756 2701 Ephramius
2813 2634 2865 2686 in
2891 2633 3144 2700 catalogo
3202 2628 3441 2701 patriar-

1859 2730 2084 2781 charum
2130 2727 2792 2795 Coustantinopolitarum
2845 2725 2914 2778 de
2968 2722 3175 2779 lsaacio
3233 2719 3445 2790 Angelo

1863 2804 2109 2888 scripsit:

1945 2934 2313 2998 ’Exu.1no'/ac
2362 2932 2534 3006 ἔθιμα
2570 2928 3233 3006 καινουργῷνηςεύριιιν,

1933 3008 2041 3055 Ὃν
2082 3005 2199 3071 μὲν
2226 2999 2925 3071 καθιστάτ,νῌπατριαρχῶν
2968 2999 3025 3062 ἐς
3066 3000 3320 3071 (moror,

1934 3076 2044 3126 ‘Or
2082 3065 2137 3126 δ’
2182 3072 2416 3141 ἐξάγων
2458 3067 2559 3133 αὖ,
2614 3071 2712 3123 και
2759 3065 2924 3139 'pdm
2966 3065 3331 3135 προαιρέσει.

180 3174 343 3231 dovici
390 3196 518 3236 ossa
580 3181 633 3235 in
680 3180 909 3235 Galliam
961 3188 1170 3248 perlata
1231 3190 1381 3245 sunt,
1441 3183 1613 3238 alero
1666 3184 1751 3237 in-
1780 3205 1823 3264 ο
1928 3184 1986 3239 P.
2018 3185 2141 3239 568.
2193 3182 2378 3236 Verum
2434 3181 2545 3234 illis
2592 3189 2781 3233 utnon
2822 3177 3063 3247 placebat
3097 3175 3440 3245 --principt.

181 3270 361 3323 tcstina
413 3281 467 3325 et
526 3287 721 3326 carnes
752 3273 805 3325 in
866 3272 1109 3326 Siciliam
1152 3278 1436 3328 translati.

245 3360 301 3416 P.
331 3364 451 3419 565.
488 3364 645 3420 Verti
707 3374 989 3435 argentum
1039 3366 1222 3420 vivum
1279 3366 1519 3437 ἄργυρον
1583 3368 1747 3438 ὑγρὸν

180 3455 344 3522 χυτόν,
380 3457 627 3511 imitatus
685 3458 993 3513 Aristotelis
1033 3459 1379 3527 interpretes,
1418 3461 1455 3513 l.
1484 3476 1499 3512 ι
1528 3459 1602 3513 De
1630 3462 1748 3513 aui-

184 3562 279 3612 ma,
323 3550 408 3617 qtti
444 3551 527 3605 sic
562 3549 755 3604 Latine
790 3549 1020 3604 reddunt
1080 3552 1321 3619 ἄργυρον
1350 3554 1535 3622 χυτόν.
1591 3551 1746 3617 Quod

181 3646 226 3691 et
272 3639 430 3707 ὑγρόν
487 3654 637 3696 recte
681 3658 711 3697 a
763 3654 956 3697 nostro
999 3643 1221 3699 dicitur:
1258 3653 1341 3697 cst
1375 3644 1519 3697 enim
1551 3645 1749 3698 humor

181 3727 426 3798 liquidos,
483 3744 534 3787 et
586 3733 759 3803 liquor
806 3743 1056 3799 alemus,
1117 3742 1174 3788 ut
1225 3733 1437 3791 Plinius
1488 3737 1746 3804 loquitur,

184 3820 302 3876 Nat.
335 3822 476 3879 Hist.
520 3826 559 3880 Ι.
593 3841 787 3892 χχχιιι,
820 3840 870 3880 c.
911 3828 943 3879 6
977 3836 1030 3880 et
1063 3826 1117 3888 8,
1179 3827 1340 3898 guttis
1380 3828 1544 3881 dividi
1573 3828 1751 3897 facilis

179 3918 223 3962 et
249 3910 440 3966 lubrico
471 3914 693 3968 humore
726 3916 1016 3983 confluens.
1057 3914 1409 3988 Hydrargyri,
1459 3918 1601 3986 quod
1636 3918 1753 3971 vul-

182 4015 295 4067 gare
319 4004 478 4071 hujus
513 4007 591 4060 rei
629 4012 827 4061 nomen
875 4009 1012 4072 scio,
1043 4009 1307 4063 vocabulo
1348 4010 1586 4065 abstinui
1627 4025 1752 4079 pro-

182 4100 351 4157 pterea
376 4096 522 4165 quod
550 4113 674 4151 cum
715 4097 876 4167 hujus
896 4099 1128 4168 liquoris
1155 4098 1354 4167 duplex
1383 4115 1554 4168 genus
1579 4099 1649 4154 sit
1681 4115 1748 4153 ex

182 4178 343 4239 Plinio
379 4188 606 4252 ibidem,
639 4187 871 4243 alterum
906 4190 1172 4255 naturale,
1201 4191 1433 4244 alterum
1452 4189 1748 4254 factitium,

183 4270 482 4347 hydrargyri
540 4278 836 4349 appellatio
888 4283 1091 4347 potius,
1150 4280 1379 4351 utidem
1419 4282 1583 4336 tradit
1615 4297 1665 4336 c.
1695 4283 1749 4345 8,

183 4361 375 4421 factitio
412 4370 698 4426 tribuitur.
739 4369 816 4426 De
846 4372 1015 4441 priori
1067 4387 1194 4425 vero
1223 4373 1309 4426 hic
1346 4387 1506 4441 agere
1544 4374 1752 4444 Pachy-

183 4469 391 4525 merem,
442 4462 712 4518 suadetur
749 4478 813 4517 ex
855 4463 1047 4517 effectu
1082 4464 1416 4534 deprimeudi
1447 4465 1598 4520 fundi
1631 4480 1747 4518 ma-

182 4549 272 4617 ris,
324 4569 481 4623 quem
529 4558 575 4611 ei
629 4555 822 4609 tribuit
856 4566 1221 4610 consentanee
1264 4557 1331 4610 iis
1382 4572 1503 4625 qua
1545 4557 1611 4612 de
1648 4572 1743 4611 eo-
1781 4543 1823 4598 Ῑ)

90 4722 93 4725 Α
183 4640 293 4696 dem
324 4647 483 4725 tradit
517 4646 726 4703 Plinius
755 4647 1006 4718 locojam
1040 4649 1281 4714 laudato,
1312 4663 1363 4704 c.
1392 4649 1446 4713 6,
1481 4649 1518 4705 l.
1547 4665 1744 4713 xxrttr,

185 4732 265 4787 ubi
297 4735 373 4791 sic
402 4728 688 4793 scribitur:
739 4737 834 4793 Est
884 4750 933 4793 et
970 4739 1105 4806 lapis
1144 4742 1196 4793 in
1226 4741 1307 4795 his
1353 4743 1491 4795 uenis
1527 4741 1748 4813 (argen-

185 4821 262 4892 ti),
306 4828 453 4896 cujus
503 4831 708 4883 vomica
747 4830 967 4899 liquoris
1014 4833 1197 4885 aterni
1254 4841 1528 4901 argentum
1579 4833 1747 4886 vivum

185 4920 485 4983 appellatur,
535 4937 783 4975 uenenum
828 4937 1002 4975 rerum
1046 4923 1301 4977 omnium.
1346 4923 1506 4977 Exest
1537 4939 1599 4975 ac
1627 4938 1747 4989 per-

191 5006 368 5073 rumpit
396 5012 641 5065 universa
669 5027 939 5075 permeans
972 5015 1088 5067 tabe
1117 5013 1258 5066 dira.
1319 5012 1395 5067 Ita
1451 5014 1562 5079 ille;
1604 5013 1751 5069 unde

190 5090 337 5149 facile
380 5110 560 5167 potest
594 5104 826 5174 intelligi
863 5120 962 5158 cur
997 5114 1179 5175 aptum
1212 5105 1516 5174 iudicatum
1549 5106 1621 5162 sit
1649 5122 1747 5162 ex.

187 5184 378 5242 edendo
425 5196 933 5265 perrumpendoque
971 5205 1024 5249 et
1080 5198 1158 5251 sic
1214 5198 1379 5254 altius
1435 5200 1749 5254 excavando

190 5271 347 5333 fundo
376 5295 589 5351 portus,
624 5287 689 5340 de
718 5302 826 5356 quo
874 5289 961 5341 hic
998 5288 1317 5353 historicus,
1377 5292 1470 5360 qui
1520 5294 1747 5361 gratiam

192 5364 389 5427 iuiisset
432 5391 460 5429 a
500 5378 825 5444 lectoribus,
871 5381 915 5434 si
970 5382 1282 5438 distinctius
1338 5387 1560 5439 modum
1596 5396 1751 5439 ena‘r-

192 5473 374 5530 rasset,
449 5486 558 5540 quo
609 5473 721 5526 hac
776 5472 1056 5542 depressio
1094 5474 1244 5529 fundi
1291 5487 1481 5544 portus
1528 5493 1624 5545 per
1656 5491 1750 5531 ar-

195 5564 394 5620 gentum
442 5564 622 5616 vivum
676 5565 815 5617 facta
847 5575 950 5620 cst.
1006 5567 1274 5623 Credibile
1306 5571 1507 5639 quippe
1547 5577 1633 5625 est
1658 5585 1751 5639 pe-

194 5646 434 5706 culiarem
484 5659 776 5723 quamdam
818 5659 885 5711 ad
944 5659 994 5712 id
1049 5667 1223 5713 artem
1279 5668 1335 5715 et
1385 5670 1564 5717 certas
1610 5661 1751 5716 forte

193 5739 452 5827 machinas
506 5749 801 5814 adhibitos,
842 5766 961 5820 quae
1006 5751 1199 5822 ignota
1241 5754 1573 5827 hodiesint,
1625 5755 1749 5812 usui

194 5824 377 5889 futura
418 5839 461 5892 si
503 5842 798 5897 scirentur.

1856 3277 1979 3331 llac
2026 3288 2079 3331 et
2134 3291 2253 3346 qua
2305 3291 2427 3328 mox
2490 3273 2714 3342 Sttbjieit
2782 3272 3101 3338 superbam,
3160 3268 3445 3338 ignavam,

1851 3378 2231 3424 contumacem
2292 3368 2603 3421 Graecorum
2661 3363 2971 3417 antistitum
3040 3365 3093 3416 in
3146 3360 3448 3417 schismate

1853 3462 2210 3531 pertinaciam
2257 3460 2579 3519 declarant;
2635 3471 2773 3523 quos
2840 3463 2896 3509 et
2946 3470 3005 3508 se
3050 3467 3173 3507 cum
3216 3452 3325 3507 illis
3353 3466 3454 3521 pa-

1852 3534 1934 3609 ria
1995 3555 2239 3609 sentiens
2290 3552 2381 3605 hic
2434 3550 2734 3603 historicus
2812 3546 3073 3609 traducit,
3136 3545 3266 3600 dum
3343 3544 3451 3598 obv

1853 3646 2047 3700 noxios
2103 3645 2333 3714 principi
2394 3644 2487 3697 vili
2545 3640 2940 3703 assentatione,
3020 3646 3211 3690 contra
3293 3651 3448 3690 men-

1855 3745 1960 3790 tem
2016 3742 2073 3789 et
2132 3748 2354 3789 sensum
2426 3732 2703 3793 intimum,
2764 3728 3105 3797 significasse
3186 3727 3263 3780 ait
3340 3727 3449 3781 sibi

1851 3829 1935 3882 vel
1994 3826 2227 3897 maxime
2284 3824 2349 3897 [P
2382 3822 2509 3895 465]
2552 3824 2763 3892 placere
2807 3821 2860 3874 id
2904 3822 3083 3891 ipsum
3114 3835 3144 3873 a
3177 3835 3288 3889 quo
3339 3819 3445 3873 imo

1860 3930 2108 3991 potenter
2148 3918 2540 3981 abhorrebant;
2585 3915 2736 3985 quod
2789 3914 3029 3967 immane
3068 3921 3334 3982 quantum
3371 3914 3451 3967 ab

1861 4012 2178 4082 evangelica
2213 4011 2536 4065 sinceritate
2565 4022 2628 4061 ac
2659 4004 3029 4075 generositate
3055 4003 3291 4057 alienum
3336 4012 3443 4064 est.

1924 4103 2062 4158 lhid.
2092 4102 2155 4156 In
2181 4103 2337 4156 semel
2361 4102 2509 4154 adita
2552 4099 2882 4167 possessione
2911 4098 3251 4150 auctoritatis
3294 4097 3429 4150 indo-

1853 4196 2148 4264 pemlentis,
2201 4205 2305 4249 etc.
2361 4192 2467 4247 Per
2523 4192 2729 4262 gradus
2783 4191 2848 4245 ad
2900 4190 3058 4245 istam
3125 4189 3442 4256 usurpatio-

1855 4302 1980 4343 nem
2037 4287 2379 4341 auctoritatis
2425 4283 2849 4351 independentis
2900 4281 3073 4337 Graeci
3127 4280 3445 4336 Constanti-

1855 4378 2153 4446 nopolitani
2207 4383 2617 4447 processerunt.
2673 4375 2917 4431 Primum
2964 4374 3177 4443 pertasi
3229 4370 3444 4442 Byzan-

1857 4472 1985 4525 tina
2038 4470 2387 4533 humilitatis,
2436 4484 2543 4537 qua
2589 4468 2719 4521 olim
2767 4467 2822 4521 in
2882 4464 3241 4520 ecclesiarum
3293 4464 3447 4520 ordio

1854 4579 1921 4618 ne
1950 4562 2135 4617 intimo
2167 4561 2570 4630 metropolitani
2593 4558 2870 4615 Heraclea
2902 4556 3151 4611 Thracia
3192 4559 3443 4626 superio-

1856 4672 1970 4711 rem
2006 4663 2360 4726 agnoverant,
2414 4666 2471 4708 ut
2519 4653 2636 4723 ipse
2681 4653 2841 4724 661
2889 4650 3035 4704 ultro
3082 4646 3444 4721 Pachymeres

1856 4747 2076 4812 fatetur,
2134 4762 2187 4816 p.
2232 4746 2357 4809 505,
2394 4747 2552 4801 facile
2584 4747 2948 4815 impetrarunt
2991 4743 3244 4812 ﬂagranti
3296 4743 3441 4811 apud

1858 4856 2021 4895 omne
2081 4840 2453 4895 Christianum
2535 4854 2731 4893 nomen
2798 4838 2921 4891 novi
2981 4838 3065 4891 sui
3137 4834 3444 4890 conditoris

1854 4931 2201 4985 Constantini
2250 4931 2424 5000 Magni
2491 4930 2689 5000 gratia,
2762 4936 2818 4982 ut
2886 4927 2939 4980 in
2999 4940 3224 4979 censum
3274 4924 3446 4995 majo-

1853 5039 1973 5077 rum
2029 5024 2412 5089 ecelcsiurum,
2471 5038 2591 5093 qua
2649 5031 2837 5092 postea
2899 5018 3242 5089 frequentius
3275 5018 3445 5089 patri-

1854 5115 2104 5169 archaics
2157 5125 2362 5171 vocata
2405 5126 2559 5180 sunt,
2612 5114 2972 5172 referrentur.
3036 5116 3211 5183 Quem
3279 5125 3445 5165 nemo

1847 5213 1986 5275 ipsis
2049 5208 2310 5261 honorem
2374 5206 2592 5271 invidit,
2671 5206 2849 5276 quoad
2920 5208 3023 5263 sibi
3080 5206 3439 5278 prascriptos

1853 5297 1908 5353 in
1982 5298 2106 5370 ejus
2153 5315 2256 5352 usu
2323 5299 2526 5352 limites
2605 5312 2958 5369 perrumpere
3023 5311 3115 5355 aut
3163 5297 3445 5354 transilire

1857 5402 1985 5445 sunt
2041 5392 2247 5446 conati.
2317 5390 2453 5444 Cum
2509 5390 2654 5443 enim
2719 5405 2875 5445 sacra
2920 5390 3137 5446 Nicana
3199 5386 3445 5460 synodus

1859 5482 2038 5535 locum
2092 5481 2225 5550 ipsis
2272 5491 2526 5550 quartum
2584 5484 2728 5537 inter
2774 5483 3016 5553 quinque
3066 5481 3306 5551 majores
3353 5494 3445 5534 as.

1856 5572 2148 5644 signasset.
2202 5575 2305 5642 ipsi
2358 5589 2574 5643 aequum
2606 5584 2894 5630 censentes
2962 5590 3157 5630 novam
3209 5572 3444 5627 Romam

1859 5678 1913 5720 et
1971 5666 2179 5736 imperii
2235 5666 2419 5720 sedem
2470 5667 2696 5721 alteram
2748 5670 2913 5722 etiam
2964 5668 3019 5722 in
3073 5663 3443 5723 ecclesiasdca

1860 5757 2125 5827 dignitate
2159 5758 2383 5829 ἁμέσως
2413 5760 2691 5815 admoveri
2727 5758 2911 5816 Roma
2943 5762 3131 5825 veteri,
3164 5758 3299 5815 nihil
3331 5772 3441 5813 non

1850 5858 2145 5906 moverunt
2200 5867 2312 5918 quo
2370 5863 2796 5918 asscqucrentur
2855 5863 2913 5911 ut
2970 5853 3344 5909 Alexandrino
3384 5850 3451 5912 et
