3992 6526
599 377 735 441 11⁵3

1539 379 1602 440 Ρ.
1642 379 1945 440 POSSINI
1985 325 2641 444 ΟΒδὲιινΑΤιοΝυΜ
2686 384 2836 444 LIB.
2880 385 2964 444 II.

3694 390 3805 453 1124

589 492 936 550 Antiochcno
966 491 1309 560 patriarclds,
1351 505 1586 560 quorum
1635 493 1726 548 ille
1777 496 2054 548 secundus
2089 492 2173 548 llic
2201 491 2448 558 Aluum,
2508 514 2598 549 nec
2658 498 2948 566 privilegiis
3019 498 3313 568 antiquitus
3363 499 3615 553 institutis
3653 515 3809 557 metro-

590 587 784 640 tertius
827 599 856 638 a
910 584 1153 637 Romano
1192 584 1497 650 patriarcha
1547 583 1615 638 ab
1661 585 1808 639 omni
1865 595 2013 638 retro
2071 601 2168 638 an-

592 677 846 747 tiquitate
919 677 1183 729 numerati
1263 674 1502 738 fuerant,
1592 685 2056 746 praeponerentur,
2118 684 2171 730 et

592 767 895 821 secundum
958 768 1206 834 protinus
1241 781 1268 818 a
1326 783 1459 834 papa
1513 769 1857 820 auctoritatis
1908 767 2169 821 ecclesia-

593 860 744 914 stica:
787 859 1012 927 gradum
1082 861 1420 914 insisterent.
1469 859 1645 928 Atque
1701 863 1800 914 hoc
1865 861 2044 928 ipsum
2078 876 2172 929 pa-

597 950 704 1002 lam
748 951 921 1018 primo
983 960 1163 1018 petere
1203 964 1307 1002 non
1347 949 1488 1014 ausi,
1528 959 1735 1003 tantum
1767 962 2172 1019 expugnarunt,

594 1058 752 1095 suum
823 1042 966 1095 nacti
1033 1053 1248 1108 tempus
1302 1057 1408 1106 quo
1461 1054 1582 1096 erat
1633 1041 2170 1113 Constantinopolim

596 1151 742 1189 anno
821 1135 1024 1187 Christi
1055 1133 1148 1186 581
1212 1135 1453 1204 synodus
1500 1146 1711 1199 coacta,
1771 1145 1826 1188 ut
1873 1138 1939 1190 ab
1985 1152 2046 1190 ea
2083 1137 2176 1191 dc-

597 1237 954 1280 cernerentur
999 1227 1118 1278 sedi
1159 1226 1778 1296 Constantinopolitanzc
1814 1229 1880 1281 τὰ
1914 1231 2176 1299 πρεσϐεῖα

528 1309 536 1329 ’
595 1319 697 1386 τῆς
739 1321 934 1388 τιμῆς.
993 1317 1046 1371 ld
1095 1319 1395 1374 univcrsim
1446 1327 1501 1373 et
1530 1321 1782 1388 ambigue
1814 1321 2019 1374 dictum
2052 1338 2174 1376 cum

597 1410 760 1477 longo
805 1419 1046 1477 tempore
1082 1424 1242 1462 nemo
1288 1419 1532 1477 putasset
1583 1412 1854 1478 pertinere
1905 1413 1971 1465 ad
2015 1413 2177 1466 abro-

597 1500 870 1568 gationetn
907 1497 1106 1552 Nucem
1160 1500 1408 1564 canonis,
1451 1517 1560 1567 quo
1599 1510 1736 1568 erat,
1803 1511 1860 1556 ut
1915 1503 2176 1566 diximus,

598 1588 875 1644 secundus
944 1599 999 1643 et
1047 1590 1243 1644 tertius
1311 1608 1339 1644 a
1417 1593 1663 1645 Romana
1714 1593 1846 1648 sede
1897 1593 2179 1664 dignitatis

599 1683 752 1739 locus
821 1681 1194 1737 Alexandrino
1270 1695 1324 1737 et
1400 1685 1744 1739 Antioclteno
1793 1687 2006 1741 thronis
2082 1687 2182 1743 rite

599 1775 869 1836 sancitus,
927 1773 1143 1827 tandem
1200 1775 1252 1826 in
1315 1774 1752 1831 Cltalcedonensi
1811 1793 2006 1847 magna
2057 1795 2183 1844 syn-

599 1865 707 1918 odo
736 1865 1025 1921 Anatolius
1055 1865 1694 1936 Constantinopolitanus
1727 1873 2036 1940 patriarcha
2064 1887 2179 1926 ma-

596 1950 706 2026 gno
737 1957 938 2012 ambitu
987 1961 1253 2024 obtinuit,
1313 1962 1512 2016 frustra
1558 1965 1987 2020 reclamantibus
2037 1966 2180 2022 sedis

595 2049 916 2115 apostolica
966 2049 1184 2119 legatis,
1241 2062 1298 2106 ut
1347 2061 1682 2108 statueretur
1727 2055 2184 2124 CostantinOpoli-

596 2151 740 2197 tanae
796 2143 911 2197 sedi
959 2145 1196 2213 primum
1267 2156 1389 2216 post
1440 2145 1743 2203 Romanam
1822 2151 1999 2204 locum
2061 2166 2182 2205 esse

595 2235 970 2290 tribuendum.
1000 2237 1114 2302 Qua
1152 2239 1218 2292 de
1253 2255 1310 2294 re
1349 2239 1525 2294 factus
1551 2241 1756 2295 certior
1798 2253 2024 2299 sanctus
2074 2243 2182 2298 Leo

596 2340 729 2384 tunc
775 2331 1016 2399 pontifex
1085 2332 1364 2390 Romanus
1431 2335 1868 2406 intempestivam
1927 2342 2182 2398 ambitio-

595 2435 720 2474 nem
774 2423 917 2475 haud
959 2421 1331 2490 perfunctorie
1394 2427 1618 2491 retudit,
1668 2431 1887 2499 scriptis
1933 2432 1999 2486 ad
2035 2434 2183 2488 Ana-

597 2514 792 2568 tolium
851 2515 1072 2580 litteris,
1129 2517 1334 2587 quibus
1389 2519 1471 2574 sic
1535 2521 1685 2574 illurn
1729 2523 1997 2592 increpat:
2056 2524 2183 2580 Post

596 2607 695 2661 i.la
735 2608 913 2674 itaque
956 2609 1309 2664 ordinationis
1367 2623 1472 2664 tute
1519 2629 1620 2665 non
1674 2615 1947 2683 inculpata
1986 2618 2184 2684 princi-

597 2700 709 2764 pia,
741 2711 855 2767 post
885 2703 1335 2756 consecrationem
1381 2704 1697 2760 Antiocheni
1730 2709 1980 2776 episcopi.
2023 2725 2181 2777 quam

603 2793 805 2846 tibimet
832 2803 1014 2847 contra
1063 2801 1372 2849 canonicam
1428 2797 1660 2867 regulam
1719 2799 2030 2861 vindicasti,
2077 2802 2179 2852 do-

597 2883 680 2937 leo
711 2886 869 2937 etiam
905 2887 958 2939 in
1013 2886 1108 2939 hoc
1141 2887 1475 2942 dilectionem
1529 2898 1676 2942 tuam
1727 2906 1838 2944 esse
1874 2892 2180 2960 prolapsam

596 2985 653 3028 ut
696 2979 1096 3031 sacratissimas
1147 2978 1486 3033 Nictenorum
1539 2997 1800 3034 canonum
1852 2984 2184 3036 constitutio-

597 3085 688 3122 nes
727 3070 998 3123 conareris
1037 3070 1343 3139 infringere,
1396 3082 1647 3139 tanquam
1687 3085 1976 3140 opportune
2001 3091 2053 3127 se
2088 3076 2183 3128 tibi

2272 587 2501 654 politani
2552 589 2874 656 fraudentur
2924 591 3211 644 antistites.
3280 588 3430 644 Nihil
3483 593 3807 648 Alexandrina

2270 679 2404 742 sedi,
2451 697 2610 750 quant
2645 696 2735 746 per
2782 691 3024 734 sanctum
3055 682 3292 736 Marcum
3321 682 3677 751 evangelistam
3701 685 3807 740 beati

2274 771 2421 825 Petri
2469 773 2783 841 discipulum
2816 775 3025 838 meruit,
3055 783 3230 841 pereat
3262 772 3555 842 dignitatis,
3577 791 3660 827 nec
3695 776 3810 828 Dios-

2275 880 2398 917 coro
2444 865 2730 930 impietatis
2777 881 2887 918 sua:
2932 865 3229 930 pertinacia
3267 873 3560 929 corruente,
3606 867 3807 930 splendor

2279 963 2441 1004 tanta:
2473 952 2729 1008 Ecclesia:
2777 956 2998 1007 tenebris
3050 955 3355 1007 obscuretur
3387 955 3589 1007 alienis.
3634 954 3687 1024 [P
3709 957 3804 1027 itii]

2276 1043 2600 1098 Antiocltena
2643 1062 2845 1114 quoque
2888 1044 3150 1108 Ecclesia,
3199 1046 3253 1098 in
3304 1061 3411 1112 qua
3462 1046 3674 1113 primum
3705 1063 3806 1112 pra-

2279 1132 2493 1186 dicante
2551 1133 2705 1186 beato
2768 1134 3010 1201 apostolo
3058 1133 3215 1186 Petro
3255 1133 3613 1186 Christianum
3665 1152 3808 1189 nomen

2277 1237 2517 1279 exortum
2563 1235 2658 1288 est,
2713 1225 2765 1278 in
2813 1234 3047 1293 paterna:
3098 1224 3496 1296 constitutionis
3532 1225 3699 1279 ordine
3723 1242 3809 1292 pcr-

2279 1329 2497 1380 severet,
2560 1328 2608 1370 et
2661 1318 2715 1369 in
2763 1317 2934 1386 gradu
2993 1318 3142 1370 tertio
3183 1316 3444 1370 collocata
3494 1333 3731 1384 nunquam
3771 1336 3809 1373 ξε

2280 1411 2377 1478 ﬁat
2433 1410 2675 1475 inferior.
2734 1409 2847 1464 Nec
2897 1417 3186 1462 contentus
3233 1419 3462 1463 sanctus
3523 1408 3620 1463 Leo
3673 1410 3809 1476 ipsum

2282 1502 2592 1556 Anatolium
2671 1500 3029 1571 redarguere,
3096 1499 3319 1569 scripsit
3390 1500 3458 1553 ad
3530 1499 3810 1556 Marcianum

2282 1594 2596 1664 Augustum
2633 1593 2901 1647 instanter
2932 1605 3097 1647 orans
3127 1599 3186 1644 ut
3214 1591 3590 1645 auctoritatem
3616 1607 3814 1660 Operam-

2283 1699 2392 1754 que
2459 1699 2612 1738 suam
2679 1683 3050 1752 interponeret
3101 1683 3167 1736 ad
3239 1681 3601 1736 coercendum
3655 1684 3814 1736 Anato-

2286 1777 2417 1829 lium
2472 1790 2540 1830 ne
2577 1775 2658 1830 sic
2714 1774 2768 1828 in
2825 1774 3042 1828 illicita-
3115 1773 3418 1841 prosiliret.
3483 1772 3557 1828 Ex
3605 1773 3697 1829 ists
3731 1778 3814 1843 epi-

2285 1867 2449 1931 stola,
2491 1881 2612 1935 quae
2656 1867 2709 1920 in
2751 1867 2840 1921 ed.
2879 1865 3037 1920 Rom.
3074 1843 3517 1931 57‘nutneratur,
3563 1881 3756 1934 qumque
3772 1867 3813 1920 in

2284 1959 2498 2030 synodo
2547 1958 2791 2013 ltomana
2867 1960 2968 2012 sub
3029 1957 3310 2012 Bonifacio
3359 1957 3405 2010 ll
3457 1957 3526 2011 ab
3588 1955 3814 2011 llolstenio

2284 2051 2434 2105 edita
2489 2065 2615 2120 pag.
2669 2049 2772 2103 107
2816 2057 2870 2104 et
2908 2064 3028 2119 seq.
3071 2050 3290 2118 legitur,
3345 2049 3465 2103 haec
3519 2059 3653 2103 sunt:
3701 2050 3812 2113 Aput

2284 2143 2646 2198 Christianum
2695 2152 2744 2196 et
2780 2159 2894 2196 vere
2924 2142 3227 2211 religiosum
3267 2156 3486 2210 vereque
3528 2140 3816 2193 orthodoxam

2284 2237 2574 2303 principem
2614 2234 2820 2303 loquor.
2857 2232 3090 2287 Multum
3130 2233 3419 2287 Anatolius
3449 2233 3700 2301 episcopus
3725 2247 3817 2299 pro-

2285 2329 2401 2394 prio
2450 2329 2682 2383 detrahit
2719 2328 2927 2388 merito,
2959 2327 3008 2380 si
3054 2325 3246 2378 illicito
3283 2340 3520 2378 crescere
3567 2333 3695 2392 optat
3719 2342 3816 2387 uag-

2286 2428 2478 2474 mento.
2537 2417 2769 2482 Habeat,
2805 2418 2941 2470 sicut
2975 2425 3242 2484 optamus,
3279 2413 3812 2478 Constantinopolitano

2283 2509 2470 2563 civitas
2525 2510 2751 2578 gloriam
2825 2523 3000 2572 suam,
3060 2522 3122 2559 ac
3167 2514 3468 2573 protegente
3515 2504 3706 2558 dextera
3748 2503 3815 2556 Dei

2283 2605 2537 2659 diuturno
2583 2603 2872 2658 clementia:
2919 2611 3101 2656 vestras
3149 2602 3371 2668 fruatur
3428 2600 3655 2666 imperio.
3722 2597 3813 2651 Alia

2285 2706 2458 2749 tamen
2494 2696 2632 2747 ratio
2662 2702 2738 2746 est
2771 2708 2944 2746 rerum
2992 2690 3365 2752 stecularium,
3401 2688 3513 2740 alia
3553 2689 3811 2745 άίι-ἰητιηιιι.

2288 2804 2380 2840 nec
2412 2797 2605 2854 praeter
2653 2785 2803 2838 illam
2854 2783 3094 2850 Petram,
3146 2798 3307 2851 quam
3374 2781 3618 2835 Dominus
3661 2780 3702 2831 in
3727 2779 3814 2845 fun-

2284 2881 2533 2933 damento
2583 2878 2780 2944 posuit,
2822 2875 3032 2930 stabilis
3079 2875 3178 2929 erit
3213 2873 3323 2927 ulla
3384 2873 3685 2926 constructio
3727 2883 3816 2938 pro-

2284 2973 2424 3041 pria.
2477 2969 2661 3023 Perdit
2717 2969 2806 3037 qui
2871 2964 3106 3020 indebita
3169 2963 3521 3032 concupiscit.
3593 2959 3716 3016 Satis
3763 2973 3814 3012 stt

2285 3062 2421 3131 quod
2449 3061 2704 3131 prwdtcto
2736 3066 2923 3113 vestra:
2955 3057 3169 3125 pietatis
3211 3055 3448 3118 auxilio,
3490 3062 3539 3107 et
3591 3053 3676 3106 mei
3706 3051 3795 3121 faro

597 3158 695 3213 hoc
724 3169 922 3225 tempus
971 3162 1218 3216 obtulerit
1281 3179 1382 3230 quo
1436 3165 1650 3216 secundi
1705 3165 1920 3218 ltonoris
1976 3167 2180 3234 ρνὶυίιε.
2207 3161 2248 3217 C
2282 3157 2356 3210 ris
2392 3170 2632 3215 assensu,
2662 3152 3022 3219 episcopatum
3068 3157 3236 3202 tanta:
3277 3149 3433 3201 urbis
3468 3146 3695 3200 obtinuit.
3724 3139 3812 3195 Non

596 3253 744 3324 giunt
791 3252 936 3305 sedes
977 3252 1350 3306 Alexandrina
1406 3253 1695 3322 perdiderit
1747 3267 1798 3307 et
1854 3256 2180 3311 Antias/lena

599 3341 839 3395 Ecclesia
893 3341 1262 3406 proprietatem
1304 3341 1472 3393 tertia:
1501 3341 1776 3410 dignitatis
1827 3344 2082 3405 amiserit,
2124 3356 2178 3398 ut

601 3433 683 3486 his
729 3431 858 3485 locis
888 3431 1004 3499 juri
1036 3449 1130 3484 suo
1158 3431 1385 3486 subditis
1422 3449 1600 3486 omnes
1643 3437 2034 3502 metropolitani
2065 3439 2178 3504 epi-

599 3527 746 3586 scopi
797 3527 1010 3593 praprio
1065 3528 1262 3578 honore
1324 3527 1610 3595 priventur.
1671 3529 1872 3592 Quibus
1926 3531 2180 3584 inauditis

597 3627 646 3670 et
686 3633 951 3686 nunquam
974 3626 1096 3672 ante
1141 3618 1355 3670 tentatis
1401 3619 1478 3672 ita
1526 3619 1834 3685 prmveniris
1863 3623 2177 3684 excessibus,

597 3715 658 3761 ut
687 3719 928 3762 sanctam
963 3708 1245 3776 synodum,
1293 3710 1361 3761 ad
1391 3710 1828 3780 exstinguendam
1865 3715 2033 3765 solum
2078 3715 2183 3766 Iuv-

598 3801 760 3853 resim
815 3810 863 3854 et
914 3801 982 3853 ad
1031 3800 1480 3868 conﬁrmationem
1544 3804 1675 3871 ﬁdei
1735 3805 2012 3858 catholica!
2064 3817 2180 3858 stu-

599 3893 689 3945 dio
737 3891 1182 3947 Cltristianissimi
1212 3893 1464 3964 principis
1502 3907 1893 3965 congregatum,
1939 3899 1994 3950 in
2025 3913 2182 3952 occa-

599 3986 801 4038 sionem
854 3987 1090 4039 ambitus
1135 3986 1342 4049 traltas,
1387 3998 1435 4041 et
1485 3997 1541 4039 ut
1599 3991 1982 4042 conniventiam
2031 4005 2181 4044 suam

601 4079 698 4130 tibi
731 4078 816 4132 det
852 4079 1115 4146 impellas,
1152 4087 1407 4147 tanquam
1439 4078 1671 4148 refutari
1703 4089 1926 4148 nequeat
1952 4082 2087 4148 quod
2115 4081 2183 4134 il-

601 4170 742 4223 licite
792 4171 1011 4224 voluerit
1072 4170 1380 4227 multitudo.
1425 4181 1475 4223 et
1535 4171 1631 4223 illa
1693 4170 2032 4226 Nica'norum
2089 4191 2183 4227 ca-

600 4281 793 4317 nonum
831 4279 922 4329 per
976 4263 1235 4330 Spiritum
1299 4281 1413 4318 vere
1469 4274 1710 4318 sanctum
1761 4265 2006 4319 ordinata
2062 4283 2182 4320 con-

599 4359 734 4411 ditio
785 4357 838 4409 in
900 4357 1077 4425 aliqua
1130 4374 1360 4427 unquam
1420 4358 1488 4410 sit
1554 4367 1705 4426 parte
1759 4358 2026 4422 solubilis,
2074 4372 2180 4414 etc.

600 4451 785 4518 Pergit
831 4451 974 4502 enim
1029 4449 1102 4502 ibi
1147 4450 1262 4503 lose
1326 4449 1383 4503 S.
1438 4449 1681 4517 pontifex
1739 4453 1851 4519 pari
1922 4451 2186 4519 gravitate

2289 3246 2597 3315 dedignatur
2625 3244 2823 3312 regiam
2856 3242 3144 3301 civitatem,
3175 3255 3333 3309 quam
3374 3237 3695 3305 apostolicam
3734 3249 3809 3284 ttalt

2289 3343 2460 3404 potest
2511 3336 2686 3404 facere
2730 3329 2931 3395 sedem;
2987 3343 3079 3382 nec
3133 3326 3243 3380 ullo
3295 3337 3471 3394 speret
3517 3325 3673 3384 modo,
3713 3319 3813 3388 quod

2288 3445 2379 3497 per
2426 3427 2655 3479 aliorum
2711 3423 2876 3492 possit
2957 3421 3269 3488 offensiones
3319 3419 3526 3488 augeri.
3593 3412 3814 3479 PririlegTa

2291 3521 2432 3574 enim
2462 3517 2820 3572 Ecclesiaruns
2853 3524 3158 3567 sanctorum
3202 3511 3435 3566 Patrum
3479 3507 3732 3562 canonibus
3759 3505 3814 3553 ta-

2287 3613 2500 3674 stituta,
2529 3619 2578 3664 et
2603 3605 2909 3661 venerabilis
2947 3604 3188 3657 Nicwnat
3229 3601 3428 3670 synodi
3476 3599 3581 3668 ﬁxa
3623 3593 3814 3652 decretis,

2291 3704 2439 3756 nulla
2482 3708 2699 3769 possunt
2756 3699 3096 3767 improbitate
3147 3693 3394 3758 cancelli,
3449 3692 3593 3743 nulla
3641 3687 3814 3740 novitate

2291 3795 2516 3849 mutari.
2571 3791 2638 3845 In
2691 3807 2794 3861 quo
2834 3804 3002 3851 opere,
3037 3785 3332 3840 auxiliante
3392 3781 3610 3842 Christo,
3641 3777 3816 3849 ﬁdeliter

2288 3887 2644 3954 exsequendo,
2689 3898 2895 3938 necesse
2928 3892 3002 3934 est
3047 3896 3127 3934 nte
3179 3886 3591 3950 perseverantem
3626 3873 3815 3926 exhibere

2291 3978 2642 4047 famulatum,
2696 3975 2944 4044 quoniam
2997 3973 3323 4042 dispensatio
3379 3970 3507 4023 milii
3551 3967 3718 4020 credita
3741 3971 3811 4021 est,

2289 4079 2339 4124 et
2381 4069 2450 4122 ad
2503 4084 2584 4120 me
2635 4067 2804 4120 tendit
2861 4073 3089 4126 reatum,
3149 4063 3196 4117 si
3265 4072 3604 4131 paternarum
3667 4054 3816 4124 regale

2290 4161 2648 4222 sanctionum,
2699 4171 2818 4227 quis
2865 4156 2918 4208 in
2951 4154 3154 4226 synodo
3193 4151 3421 4207 Nil-aena
3463 4153 3529 4204 ad
3563 4148 3704 4202 totius
3738 4141 3814 4196 Ειο

2292 4254 2464 4307 clesite
2514 4251 2738 4316 regimen
2786 4247 2978 4316 spiritu
3027 4245 3121 4299 Dei
3167 4247 3464 4317 instruente
3511 4250 3624 4296 sunt
3675 4235 3814 4289 condi-

2295 4356 2382 4410 taz,
2434 4359 2534 4407 me,
2579 4344 2717 4410 quod
2749 4337 2908 4400 absit,
2963 4339 3266 4389 connivente
3318 4335 3592 4396 violentur,
3621 4339 3664 4382 et
3687 4325 3818 4393 major

2294 4438 2362 4490 sit
2410 4436 2549 4504 apud
2590 4449 2668 4486 me
2700 4432 2856 4484 unius
2916 4429 3102 4496 fratris
3151 4428 3398 4481 voluntas
3463 4441 3612 4494 quam
3657 4419 3817 4484 univer-

603 4559 768 4612 prave
795 4550 1110 4595 attentatam
1147 4543 1417 4610 Castigare
1449 4543 1764 4596 novitatem.
1803 4543 1879 4597 At:
1920 4545 2180 4610 quOniam
2217 4513 2263 4568 Ι)
2288 4544 2362 4581 δίε
2424 4525 2612 4578 dom“
2667 4523 2878 4576 Domi“.
2943 4521 3230 4573 θο²¹¹¹¹¹¹⁴⁷¹ί⁸
3309 4519 3538 4571 πέπωκ’
3593 4513 3673 4612 _E‘_
3711 4510 3814 4610 ’ἄξεθ’

600 4633 891 4686 Anatolius
945 4633 1046 4685 sibi
1106 4633 1376 4686 faventem
1436 4633 2030 4702 Constantinopolitani
2099 4650 2190 4688 su-

603 4741 700 4793 pra
753 4724 1037 4776 memorati
1097 4727 1327 4778 canonis
1372 4723 1886 4794 interpretationem
1935 4725 2190 4780 ambitio-

603 4819 656 4871 ni
682 4817 846 4886 662
875 4831 988 4870 sua!
1013 4815 1408 4884 pra‘tendebal,
1437 4819 1580 4870 hunc
1612 4827 1928 4883 praetextum
1955 4817 2033 4872 sic
2060 4832 2192 4886 pau-

601 4912 655 4966 lo
691 4920 810 4980 post
850 4911 1154 4964 submovet:
1204 4909 1552 4964 Persuasioni
1597 4913 1733 4964 enim
1793 4923 1898 4966 tua:
1949 4913 2003 4966 in
2044 4911 2189 4966 nullo

601 5005 810 5070 penitus
871 5003 1204 5070 suffragatur
1265 5003 1617 5072 quorumdam
1678 5004 2041 5071 episcoporum
2100 5019 2190 5054 an-

603 5110 651 5150 te
681 5097 977 5166 sercaginta,
1006 5105 1061 5147 ut
1085 5096 1289 5163 jactas.
1321 5112 1490 5148 annos
1525 5097 1674 5165 facta
1704 5096 2019 5162 subscriptio
2051 5111 2192 5149 nun-

600 5205 859 5258 quamque
888 5205 918 5240 a
943 5187 1414 5256 pratdrcessoribus
1446 5189 1548 5241 tuis
1584 5189 1651 5240 ad
1701 5187 2000 5255 apostolica:
2057 5186 2196 5240 sedis

608 5281 921 5330 tnmsmissa
973 5277 1328 5335 notitiam,cui
1368 5279 1433 5330 ab
1471 5277 1621 5334 initio
1667 5291 1779 5330 siue
1822 5276 2036 5330 caduca:
2089 5276 2190 5329 du-

608 5372 834 5439 dumque
883 5369 1134 5437 collapsa:
1196 5385 1313 5422 sera
1348 5386 1485 5422 nunc
1523 5379 1572 5422 et
1641 5369 1861 5423 inutilia
1927 5368 2191 5436 subjicere

612 5466 843 5531 fomenta
879 5464 1117 5528 voluisti,
1171 5462 1428 5516 eliciendo
1461 5477 1489 5514 a
1523 5462 1778 5529 fratribus
1820 5463 2036 5527 speciem
2073 5477 2196 5514 con-

613 5555 897 5614 sensionis.
931 5571 1086 5623 quam
1138 5555 1234 5606 tibi
1290 5554 1344 5606 in
1385 5570 1538 5607 suam
1595 5552 1851 5621 injuriam
1884 5551 2196 5606 verecundia

618 5649 845 5718 fatigata
879 5647 1150 5716 prn'beret.
1185 5645 1318 5699 Post
1353 5661 1475 5714 quae
1509 5643 1668 5711 quasi
1704 5641 2030 5697 sententiam
2065 5657 2196 5710 pro-

621 5741 885 5793 nuntians
932 5738 1176 5793 nltimam
1223 5747 1277 5790 el.
1309 5739 1454 5790 litem
1497 5735 1799 5790 decretorie
1836 5734 2049 5797 ﬁniens,
2080 5733 2197 5788 haec

624 5829 796 5886 addit:
846 5831 967 5886 Non
1001 5829 1359 5885 convellantur
1402 5827 1800 5898 provincialium
1833 5825 1960 5895 jura
1996 5825 2198 5894 prima—

2287 4621 2455 4675 sciens
2504 4618 2789 4688 gloriosam
2848 4614 3177 4666 clementiam
3214 4622 3441 4666 vestram
3507 4601 3815 4663 ecclesiastica?

2287 4713 2498 4767 studere
2544 4709 2707 4780 663
2760 4707 3080 4769 concordiae,
3117 4719 3165 4759 et
3203 4705 3285 4758 Itis
3333 4719 3455 4773 qua:
3491 4699 3702 4768 paciﬁca
3726 4706 3815 4745 catt-

2291 4811 2486 4874 gruunt
2565 4800 2760 4854 unitati
2825 4800 3119 4867 piissimum
3183 4803 3439 4864 prtestare
3521 4795 3812 4843 consensum,

2290 4912 2474 4963 precor
2507 4903 2555 4947 et
2596 4892 2780 4946 sedula
2823 4891 3148 4959 suggestione
3189 4903 3277 4940 vos
3325 4885 3556 4945 obsecro,
3599 4889 3648 4931 ut
3691 4883 3814 4926 ausas

2297 4989 2582 5060 improbos,
2617 4985 2810 5040 unitati
2842 4983 3159 5038 Christiana:
3191 4980 3408 5049 pacique
3444 4973 3728 5066 contrarios,
3770 4967 3817 5066 alt

2302 5085 2443 5139 omni
2499 5080 2714 5148 pietatis
2775 5090 2960 5131 vestra:
3009 5072 3266 5126 abdicatis
3311 5085 3548 5130 assensu,
3589 5075 3630 5118 et
3673 5061 3818 5148 fratris

2303 5179 2404 5233 mei
2449 5146 2686 5230 Anatolii
2736 5169 3028 5222 nocituram
3073 5164 3194 5232 ipsi,
3231 5163 3275 5215 si
3307 5159 3604 5227 perstiterit,
3653 5146 3819 5218 cupidi-

2294 5281 2452 5328 tatem
2485 5263 2770 5319 salubriter
2803 5256 3186 5327 comprimatis.
3224 5251 3500 5307 Annuisse
3528 5258 3675 5316 porro
3724 5253 3822 5292 san-

2292 5365 2370 5422 cti
2427 5359 2626 5416 Leonis
2679 5353 2954 5424 postulato
2995 5347 3334 5403 Marcianum
3397 5343 3681 5409 Augustum
3731 5332 3820 5427 ipse

2298 5459 2526 5511 sanctus
2552 5449 2661 5502 Leo
2695 5443 2986 5515 significat,
3034 5439 3138 5491 alia
3190 5445 3312 5507 post
3362 5433 3430 5486 ad
3468 5428 3694 5485 eumdem
3728 5433 3821 5484 ept-

2295 5547 2437 5603 stola
2486 5541 2712 5608 scripta,
2767 5545 2887 5605 quae
2931 5538 3069 5586 intcr
3138 5530 3337 5592 editas,
3389 5525 3598 5594 opinor,
3635 5515 3695 5572 00
3735 5519 3817 5569 est.

2301 5652 2356 5696 et
2390 5607 2627 5692 refertur
2678 5630 2730 5683 in
2785 5624 3118 5681 (iollectione
3169 5621 3410 5674 Romana
3463 5607 3700 5668 liolstenii
3730 5615 3817 5698 all-

2305 5733 2427 5786 127.
2481 5724 2696 5793 Incipit:
2757 5720 3077 5774 Litterarum
3126 5712 3410 5768 clementia:
3470 5714 3643 5761 vestrm
3674 5695 3817 5793 mulli-

2306 5824 2426 5879 plcx
2467 5789 2642 5889 gratia
2692 5815 2864 5869 debita
2908 5828 2939 5864 a
2984 5826 3063 5864 me
3112 5805 3436 5862 veneratione
3482 5801 3699 5866 suscepta
3741 5789 3814 5845 εδει
