3992 6530
206 368 345 433 ιὶἓῧ

1695 362 1738 421 Ν
1749 363 1842 420 ΟΤ
1850 362 1914 421 .E
1924 407 1938 421 .

3334 362 3475 425 11%

205 496 251 538 ct
311 480 649 551 gratulantcr
705 476 889 546 cgnovi
940 490 1096 544 quam
1132 473 1275 543 piam
1325 490 1507 527 curam
1540 472 1795 528 C/tristia-
1826 479 1865 534 Α
1898 473 2155 528 omnibus
2184 474 2356 527 .Anna
2393 471 2697 537 Comnena,
2746 469 2783 524 ι.
2820 470 2838 525 l
2868 462 3256 539 Alexiadisfp.
3287 471 3348 524 ‘il
3387 469 3472 526 ed.

204 591 285 629 na:
341 573 633 641 religionis,
682 582 733 623 ut
786 568 1097 630 consuestis,
1156 565 1414 629 habeatis,
1477 582 1596 618 cum
1653 566 1786 617 inter

210 662 419 716 Domini
458 656 754 711 sacerdotes
796 671 909 708 eam
963 654 1122 706 uultis
1173 654 1390 721 ﬁrmare
1418 652 1787 715 concordiam,

204 768 319 823 qua:
375 762 422 804 et
477 746 762 801 universali
818 745 1065 799 Ecclesia:
1109 754 1158 797 et
1205 745 1378 797 divino
1415 754 1539 810 apta
1571 746 1641 798 sit
1676 744 1790 796 cul-

204 844 302 895 tui.
357 842 531 894 Paulo
588 848 734 909 past:
791 836 933 890 Nam
984 845 1033 889 et
1083 847 1256 889 vestra
1311 837 1655 888 mansuetudo
1707 838 1789 890 in-

205 932 568 985 sinuatiunent
630 945 799 983 meam
832 938 938 980 tant
971 927 1191 981 libenter
1222 928 1442 994 accepit,
1480 934 1537 978 ut
1571 936 1618 979 et
1650 942 1789 979 sem-

204 1004 297 1091 per
363 1022 594 1075 scribere
649 1019 985 1088 dignaretur,
1048 1027 1098 1070 et
1152 1018 1262 1069 lucc
1309 1026 1503 1085 ageret,
1558 1026 1615 1068 ut
1675 1031 1791 1085 quin

206 1107 342 1166 nunc
388 1122 625 1166 correcta
678 1118 799 1164 sunt
848 1118 1034 1163 vestris
1068 1108 1251 1178 gloria:
1300 1107 1609 1161 debeantur.
1659 1110 1794 1161 Cor-

205 1214 416 1258 rectum
453 1218 575 1257 esse
603 1202 719 1268 jam
760 1208 1011 1264 testatur,
1059 1206 1354 1268 c00perato
1396 1202 1449 1252 in
1517 1200 1569 1251 id
1607 1198 1791 1269 Augu-

202 1301 315 1355 sto,
361 1299 417 1345 et
474 1299 786 1344 revocatum
841 1288 988 1357 quod
1040 1298 1242 1343 temere
1287 1288 1571 1343 Anatolius
1619 1299 1792 1342 atten-

202 1390 419 1435 taverat
479 1381 855 1449 perturbando
887 1380 1136 1433 ordinem
1178 1381 1390 1433 sedium
1428 1389 1482 1433 et
1520 1362 1790 1433 Constan-

203 1471 627 1539 tinopolitauam
685 1468 985 1522 secundam
1041 1482 1070 1520 a
1124 1467 1367 1520 Romana
1425 1468 1786 1521 numerando.

207 1558 288 1614 Ex
345 1562 431 1615 his
485 1568 712 1628 apparet
787 1560 1117 1612 sententiam
1188 1559 1439 1627 rescripti
1503 1558 1787 1625 Marciani,

204 1652 351 1720 quod
412 1667 519 1705 non
553 1660 747 1716 exstat,
774 1665 892 1705 eam
927 1648 1099 1704 fuisse
1137 1650 1374 1719 qualem,
1412 1651 1505 1719 qui
1556 1650 1788 1714 viderat,

203 1745 477 1815 expressit
512 1744 787 1799 Gelasius:
816 1743 1046 1796 Probari
1073 1743 1176 1796 sibi
1195 1742 1588 1796 observantiam
1615 1744 1789 1796 sancti

202 1840 395 1894 Leonis
442 1838 507 1890 de
559 1836 806 1891 custodia
855 1852 1118 1888 canonum
1168 1818 1534 1903 paternorum,
1576 1843 1625 1889 et
1690 1836 1792 1889 sibi

200 1932 413 2000 placere
443 1940 501 1982 ut
535 1937 584 1980 et
618 1927 749 1996 ﬁdes
791 1925 1016 1981 Nicasna
1061 1944 1214 1981 suam
1273 1928 1505 1981 obtineat
1562 1930 1793 1996 firmita-

205 2035 308 2078 tem
340 2032 389 2077 et
422 2022 700 2091 privilegia
740 2020 1101 2074 Ecclesiarum
1153 2019 1362 2073 illibata
1406 2028 1792 2087 permanerent.

204 2115 324 2182 Qua
372 2131 430 2168 re
464 2115 765 2168 deterritus
816 2111 1106 2166 Anatolius
1150 2110 1429 2166 humiliter
1471 2119 1526 2165 et
1557 2110 1796 2165 obnoxie

207 2216 413 2260 sancto
447 2205 613 2259 Leoni
635 2204 876 2271 scripsit,
917 2203 1231 2270 significans
1254 2218 1313 2257 se
1337 2202 1603 2257 desistere
1627 2218 1656 2255 a
1674 2216 1798 2271 pro-

208 2301 417 2370 posito.
475 2299 667 2351 Exstat
727 2296 842 2350 haec
892 2295 1123 2365 epistola
1166 2296 1220 2348 in
1268 2294 1494 2349 Collect.
1551 2291 1712 2349 Rom.
1764 2309 1794 2348 a

205 2408 261 2455 p.
314 2389 440 2453 152,
490 2404 556 2442 ex
609 2403 715 2458 qua
770 2387 859 2441 hic
904 2387 1212 2441 exscribam
1265 2401 1387 2455 quae
1429 2386 1494 2440 ad
1572 2386 1799 2440 demon-

206 2482 497 2540 strandum
536 2481 681 2551 quod
708 2478 817 2532 dixi
869 2479 1163 2547 pertinent.
1215 2476 1460 2532 Primum
1522 2479 1593 2533 ibi
1637 2478 1798 2549 profi-

206 2585 356 2630 tetur
406 2572 705 2627 universim
758 2585 838 2633 se,
893 2585 1234 2639 quaecunque
1302 2571 1565 2640 imperata
1619 2573 1666 2625 ci
1719 2571 1799 2623 fo-

205 2673 331 2717 rent
380 2661 612 2716 Romani
667 2656 942 2729 pontificis
974 2660 1192 2724 litteris,
1233 2671 1484 2728 paratum
1521 2674 1642 2713 esse
1670 2658 1800 2713 obe-

207 2755 429 2810 dienter
474 2755 725 2822 exsequi;
783 2754 839 2808 in
900 2766 1010 2820 quo
1069 2753 1211 2807 inest
1277 2753 1440 2806 tacita
1497 2751 1795 2806 deolaratio

206 2846 451 2902 revocati
496 2847 695 2916 prioris
742 2847 828 2901 sui
870 2846 1088 2901 consilii
1134 2846 1281 2898 circa
1315 2845 1645 2899 desiderium
1676 2859 1798 2914 gra-

209 2936 315 2992 dus
360 2937 589 2991 secundi
642 2945 764 3007 post
814 2935 1118 2990 Romanam
1173 2937 1384 2999 sedem,
1428 2935 1571 3003 quod
1602 2935 1655 2989 id
1688 2937 1797 2988 cla-

208 3044 269 3083 re
327 3028 697 3099 improbatum
772 3027 825 3080 in
886 3027 1061 3081 sancti
1112 3026 1313 3083 Leonis
1349 3027 1569 3097 scriptis
1633 3027 1699 3080 ad
1737 3042 1795 3081 se

206 3121 410 3177 litteris
463 3121 699 3176 viderat.
758 3120 896 3190 Ejus
955 3118 1071 3173 haec
1118 3120 1283 3173 verba
1335 3127 1487 3175 sunt:
1538 3121 1676 3173 Nam
1709 3135 1793 3187 pe-

209 3214 357 3266 nitus
408 3211 547 3267 absit
579 3220 636 3265 ut
692 3228 783 3281 ego
828 3212 942 3278 eis,‘
982 3226 1310 3280 quiscunque
1365 3212 1491 3264 milii
1565 3212 1787 3279 fuissent

208 3307 472 3359 mandata
524 3321 616 3374 per
669 3304 899 3369 litteras,
943 3309 1277 3359 adversarer.
1341 3303 1546 3359 Deinde
1595 3304 1791 3359 distin-

212 3398 362 3453 ctius
404 3398 551 3452 circa
610 3396 839 3465 factum,
880 3397 947 3450 de
1004 3411 1113 3465 quo
1164 3399 1449 3466 agebatur,
1475 3404 1701 3451 excusat
1734 3398 1787 3450 in

204 3491 362 3545 hunc
397 3489 638 3543 modum:
696 3488 776 3543 De
829 3487 910 3541 his
964 3497 1140 3541 autem
1189 3504 1305 3557 qute
1338 3487 1792 3556 Constantinopo-

211 3585 404 3639 litanae
458 3582 634 3651 gratia
677 3580 816 3636 sedis
865 3582 1070 3635 sancita
1129 3589 1251 3634 sunt
1299 3581 1372 3635 in,
1404 3578 1791 3635 Chalcedonen-

209 3677 260 3729 si
292 3690 460 3744 nuper
489 3674 776 3727 universali
808 3674 1031 3741 synodo,
1066 3688 1161 3741 pro
1217 3681 1358 3724 certo
1410 3670 1675 3725 beatitudo
1707 3687 1792 3725 ve-

206 3778 326 3824 stra
359 3768 470 3819 haec
505 3764 713 3829 habeat,
747 3764 950 3816 nullam
997 3779 1108 3817 esse
1129 3763 1339 3832 culpam
1385 3764 1439 3817 in
1469 3780 1572 3828 me,
1621 3766 1791 3819 homi-

215 3875 282 3913 ne
317 3857 408 3928 qui
461 3870 665 3923 semper
699 3855 864 3907 otium
900 3864 947 3908 et
983 3857 1229 3924 quietem,
1272 3854 1326 3908 in
1372 3855 1670 3911 humilitate
1711 3875 1792 3913 me

207 3951 505 4014 continens,
541 3947 604 4000 ab
637 3948 846 4001 ineunte
877 3963 992 4001 mea
1010 3956 1165 4001 tetate
1185 3948 1495 4001 dilexerim:
1528 3952 1618 4002 sed
1646 3947 1792 4004 Con-

206 4041 704 4111 stantinopolitanae
720 4038 782 4109 [Ρ
798 4036 924 4109 465]
948 4037 1195 4093 Ecclesia:
1216 4042 1663 4096 reuerentissimus
1681 4043 1790 4096 cleo

208 4156 304 4193 rus
357 4147 456 4203 est,
496 4138 586 4208 qui
635 4139 731 4188 hoc
776 4134 957 4187 habuit
995 4135 1251 4201 studium,
1293 4145 1342 4189 et
1390 4137 1615 4190 istarum
1668 4154 1793 4207 par-

208 4234 344 4286 tium
396 4230 775 4301 religiosissimi
838 4228 1153 4292 sacerdotes,
1218 4233 1308 4300 qui
1368 4232 1421 4284 in
1489 4233 1587 4285 hoc
1649 4234 1793 4302 fuere

208 4323 499 4379 concordes
552 4331 602 4375 et
642 4319 741 4375 sibi
799 4323 999 4389 pariter
1057 4320 1351 4389 adjutores.
1432 4322 1550 4378 Mox
1609 4336 1790 4379 autem

208 4415 583 4487 quodcunque
656 4419 921 4465 tentatum
974 4413 1026 4464 in
1077 4412 1179 4466 hoc
1243 4428 1440 4479 genere
1491 4412 1668 4468 fuerat
1721 4417 1793 4469 ir-

1892 564 2055 633 Beg.:
2092 566 2197 619 Καὶ
2221 564 2451 635 μάλιστα
2486 565 2518 633 ἡ
2549 566 2605 618 ὲν
2629 563 2938 630 Χαλκηδόνι
2973 563 3190 625 σύνοδος
3220 564 3300 626 εἰς
3328 581 3478 621 πεοισ-

1892 658 2047 724 ωπὴν
2099 655 2368 724 μεγίστην
2424 644 2518 705 καὶ
2547 653 2863 723 πρωτίστην
2902 654 2993 704 τὸν
3034 653 3488 705 Κωνσταντιωυ-

1892 748 2101 806 πόλεως
2148 746 2334 816 ορὸνον
2362 743 2847 812 ἁναϐιὸασαμένη,
2887 744 2983 806 τὰς
3016 743 3115 796 ἀνὰ
3164 742 3263 812 τὴν
3297 744 3485 795 οἶκοι.-

1896 840 2064 908 μένην
2104 838 2321 890 ἃπασαν
2353 835 2655 904 διοικήσεις
2699 834 2804 886 ὑπὸ
2852 833 3046 886 τοῦτον
3094 834 3344 901 ἐποίησε.
3390 833 3477 887 S‘c

1892 930 2049 981 Anna
2108 943 2173 981 ex
2226 926 2424 980 codice
2454 925 2711 995 pleniori,
2747 925 2903 993 cujus
2958 924 3089 977 mihi
3136 937 3258 993 post
3288 925 3476 979 editio-

1892 1035 2015 1075 nem
2071 1020 2231 1089 copia
2277 1019 2529 1086 contigit.
2591 1016 2778 1085 Itaque
2838 1017 2891 1069 itt
2939 1023 3050 1069 tota
3102 1017 3205 1069 ista
3255 1030 3467 1084 prensa

1896 1113 2041 1166 tione
2089 1112 2290 1166 summi
2338 1109 2564 1162 honoris
2608 1116 2771 1177 caput
2816 1107 2993 1176 ipsum
3039 1108 3151 1176 spei
3207 1122 3270 1160 ac
3318 1123 3473 1160 sum~

1894 1218 1982 1257 ma
2025 1202 2237 1257 fiducia:
2286 1198 2914 1268 Conslantinopolitanis
2965 1197 3017 1249 in
3055 1198 3264 1251 canone
3300 1196 3464 1253 Chai-

1892 1293 2185 1348 cedonensi
2246 1292 2548 1361 repositum
2614 1291 2736 1344 fuit.
2811 1289 3263 1358 Desperatissima
3315 1289 3479 1357 igitur

1892 1401 2061 1440 causa
2106 1386 2352 1454 ipsorum
2387 1391 2552 1438 estet
2585 1398 2815 1452 prorsus
2857 1382 3055 1435 insana
3099 1381 3313 1449 petitio,
3352 1395 3478 1434 cum

1892 1486 2018 1531 ante
2046 1478 2226 1531 omnia
2272 1475 2338 1529 de
2378 1476 2617 1544 primatu
2663 1476 2713 1526 in
2780 1473 3096 1525 universum
3162 1474 3349 1524 orbem
3410 1484 3483 1528 ne

1891 1585 1990 1640 per
2043 1568 2316 1623 somnium
2370 1568 2590 1637 quidem
2646 1564 3114 1619 Chalcedonensis
3168 1579 3343 1618 canon
3388 1578 3483 1617 co-

1893 1662 2046 1732 gitet;
2087 1671 2200 1715 tum
2260 1660 2313 1713 id
2376 1660 2555 1729 ipsum
2591 1657 2734 1727 quod
2785 1656 3170 1726 agerexoluit,
3206 1663 3264 1707 ut
3296 1656 3471 1709 sedem

1892 1751 2564 1820 Constantinopolitanam
2605 1766 2671 1802 ex
2698 1755 2896 1817 quarto
2935 1747 2987 1799 in
3019 1746 3320 1801 secundum
3349 1759 3467 1813 pro-

1822 1826 2139 1900 Bmoveret
2203 1844 2458 1915 gradum,
2521 1841 2854 1897 reclamante
2902 1838 3150 1891 Romano
3221 1836 3476 1905 pontifice

1898 1939 2111 1992 irritum
2163 1946 2217 1991 et
2257 1936 2451 1990 eﬂ'ectu
2500 1948 2716 1987 cassum
2752 1930 3034 1985 manserit.
3071 1930 3148 1983 Ac
3188 1929 3313 1986 licet
3346 1939 3474 1982 tem-

1898 2026 2126 2098 poribus
2175 2024 2469 2079 Justiniani
2518 2021 2629 2078 seri
2675 2034 3027 2074 successores
3062 2017 3320 2082 Anatolii,
3368 2031 3478 2085 quo

1893 2118 2020 2189 jure
2076 2132 2252 2186 quave
2298 2115 2522 2184 injuria,
2597 2112 2972 2166 Alexandrino
3025 2110 3478 2177 Antiochenoque

1900 2209 2227 2281 patriarchis
2287 2205 2569 2277 praepositi
2630 2205 2879 2271 legantur
2928 2202 2983 2254 in
3035 2200 3277 2256 Novellis
3329 2202 3476 2255 illius

1901 2301 2267 2371 imperatoris,
2303 2309 2479 2352 tamen
2514 2296 2568 2351 id
2601 2296 2738 2348 citra
2766 2294 3143 2364 praeiudicium
3210 2297 3477 2365 primatus

1900 2392 2160 2447 Romana:
2213 2391 2325 2445 sedi
2364 2389 2728 2457 competentis
2778 2391 2979 2441 factum
3044 2386 3332 2442 manifeste
3386 2390 3481 2441 de-

1902 2487 2074 2538 clarat
2131 2484 2247 2554 ipse
2316 2481 2666 2537 Justinianus
2726 2480 2781 2534 in
2842 2495 2945 2537 suo
3009 2480 3200 2533 codice
3250 2478 3311 2533 L.
3376 2480 3476 2535 Co-

1899 2594 2162 2648 gnoscere,
2208 2577 2298 2630 ubi
2342 2578 2407 2630 de
2452 2578 2698 2631 Romano
2766 2575 3023 2642 pontifice
3088 2574 3328 2643 loquitur
3392 2574 3479 2627 his

1898 2666 2101 2722 verbis:
2148 2664 2259 2718 Nec
2288 2668 2427 2719 enim
2461 2666 2697 2732 patimur
2727 2674 2783 2716 ut
2813 2662 3101 2733 quidquam
3135 2679 3316 2716 eorunt
3362 2680 3479 2733 qui:

1909 2759 1980 2812 ad
2032 2758 2446 2812 ecclesiasticum
2493 2759 2754 2826 pertinent
2812 2766 3035 2817 statum,
3068 2772 3171 2809 non
3212 2756 3372 2809 etiam
3408 2764 3475 2808 ad

1905 2850 2143 2919 ejusdem
2191 2847 2456 2915 referatur
2505 2847 2902 2910 beatitudinem,
2953 2862 3073 2897 cum
3116 2862 3177 2898 ea
3221 2847 3288 2899 sit
3323 2856 3478 2913 caput

1898 2943 2131 2993 omnium
2183 2939 2636 2993 sanctissimorum
2690 2936 2781 2990 Dei
2832 2937 3192 2990 sacerdotum.
3255 2935 3382 2989 liazc
3418 2935 3480 2989 il-

1899 3034 1970 3095 le;
2010 3033 2079 3086 ad
2117 3047 2238 3100 qua:
2287 3030 2368 3085 sic
2413 3029 2660 3093 adnotat,
2711 3029 2913 3097 alioqui
2968 3043 3163 3096 expers
3218 3028 3479 3083 Romana:

1899 3125 2322 3189 communionis,
2362 3123 2512 3190 Hugo
2547 3120 2785 3186 Grotius,
2820 3122 2876 3175 in
2913 3118 3201 3189 Sparsioue
3234 3118 3477 3185 Florum,

1898 3233 1951 3289 p.
1984 3219 2108 3273 5H:
2148 3218 2277 3271 lltec
2318 3224 2569 3285 perpetua
2617 3217 2719 3284 fuit
2760 3216 2968 3283 piorum
3017 3214 3312 3283 principum
3363 3230 3479 3265 seu.

1900 3313 2069 3365 tentia
2129 3311 2196 3363 ad
2252 3311 2501 3363 tuendam
2570 3306 2833 3361 Ecclesia:
2895 3309 3151 3360 unitatem
3229 3319 3476 3373 perquam

1896 3402 2210 3457 necessaria.
2248 3399 2395 3454 Idem
2440 3400 2622 3452 dicunt
2673 3397 3081 3451 Valentinianus
3131 3406 3181 3451 et
3228 3394 3481 3449 Placidia

1895 3499 1948 3551 in
2003 3496 2144 3549 Actis
2187 3504 2308 3547 ante
2359 3493 2644 3546 concilium
2691 3489 3134 3550 Chalcedonense,
3193 3488 3406 3558 judices
3445 3504 3482 3542 a

1895 3582 2166 3638 Martiano
2220 3581 2353 3643 dati,
2407 3589 2452 3632 et
2505 3580 2618 3647 ipsa
2651 3577 2882 3647 synodus
2926 3576 3366 3631 Chalcedonensis
3402 3592 3478 3640 tv,

1894 3683 1998 3729 act.
2055 3674 2141 3729 16.
2202 3672 2353 3724 Adde
2417 3668 2696 3721 Novellum
2766 3668 2888 3721 151.
2948 3667 3127 3731 Quare
3167 3667 3329 3720 aliam
3367 3682 3479 3721 suat

1894 3765 2233 3821 auctoritatis
2263 3761 2659 3832 independentis
2697 3759 3296 3828 Constantinopolitani
3345 3775 3481 3815 con-

1893 3861 2252 3915 lirmationem
2282 3866 2549 3929 quaarant.
2581 3856 2717 3909 Nam
2753 3857 2867 3910 hinc
2892 3856 3114 3925 quidem
3144 3870 3254 3925 qua
3282 3869 3340 3910 se
3372 3869 3472 3908 uas

1893 3954 1992 4008 niti
2021 3951 2281 4014 fatentur,
2311 3966 2340 4003 e
2379 3964 2589 4003 canone
2625 3948 3089 4016 Chalcedonensi,
3124 3950 3304 4020 palam
3334 3949 3474 4019 οἴχε-

1893 4063 1999 4107 ται,
2032 4060 2100 4099 ne
2124 4044 2256 4113 ipsis
2292 4042 2510 4111 quidem
2539 4044 2715 4111 (tanta
2751 4042 2833 4097 vis
2871 4042 3117 4097 veritatis
3147 4041 3275 4112 est),
3308 4042 3475 4100 etiam

1895 4141 2183 4202 postquam
2258 4130 2527 4184 Photiano
2601 4129 2900 4185 schismate
2976 4129 3213 4185 frontem
3282 4131 3475 4201 perfri-

1895 4234 2152 4285 cuerunt,
2204 4223 2558 4277 dissimulare
2620 4222 2895 4277 ihterdum
2960 4224 3293 4277 valentibus.
3331 4222 3474 4289 Quid

1894 4317 2038 4370 enim
2070 4316 2216 4370 aliud
2252 4314 2459 4370 indicat
2514 4317 2563 4369 id
2612 4315 2756 4384 quod
2798 4317 3048 4385 superius
3090 4317 3194 4370 hoc
3231 4317 3348 4387 ipso
3392 4325 3476 4372 est

1895 4408 2073 4477 capite
2122 4415 2430 4468 narratum,
2488 4416 2878 4477 congregatam
2934 4407 3035 4461 sub
3084 4405 3295 4464 Joanne
3334 4407 3477 4464 Duc:

204 4512 381 4561 ritum
435 4503 681 4572 agnoscit
742 4518 805 4555 ex
863 4516 969 4571 quo
1025 4501 1154 4555 illud
1204 4502 1483 4557 Romanus
1546 4506 1785 4575 pontifex
1823 4524 1866 4577 υ
1898 4500 2222 4569 imperatore
2277 4497 2591 4553 Graecorum
2643 4499 2913 4569 synodum
2968 4498 3277 4554 decrevisse
3337 4501 3481 4571 lega-

206 4594 605 4667 improbasset.
663 4591 754 4645 Sic
784 4591 926 4644 enim
963 4593 1222 4646 continuo
1253 4594 1551 4662 snbjungit:
1591 4593 1720 4651 Cum
1750 4607 1799 4649 et

207 4689 291 4741 sic
329 4694 593 4756 gestorum
624 4686 700 4736 ris
734 4682 902 4735 omnis
940 4694 983 4734 et
1014 4683 1346 4750 conﬁrmatio
1385 4688 1689 4740 auctoritati
1719 4703 1800 4741 re-

212 4783 351 4830 straz
393 4772 739 4826 beatitudinis
800 4772 959 4840 fuerit
1017 4771 1182 4843 664
1238 4789 1526 4829 reservata.
1582 4776 1657 4830 Ita
1708 4777 1795 4833 ille

208 4866 352 4924 satis
412 4866 668 4935 judicans
721 4863 858 4916 nihil
919 4873 1272 4918 consecutam
1334 4867 1459 4920 novi
1503 4868 1646 4937 juris
1701 4880 1796 4923 aut

207 4960 321 5016 loci
371 4955 1042 5025 Constantinopolitanam
1106 4957 1290 5010 sedem
1348 4973 1443 5026 per
1495 4941 1794 5015 Chalcedo-

208 5066 443 5108 nensem
496 5064 782 5112 canonem,
819 5048 936 5117 qui,
972 5056 1029 5100 ut
1060 5046 1166 5101 vim
1198 5048 1441 5114 haberet,
1478 5052 1791 5107 confirmari

207 5143 470 5199 debuerit
536 5156 563 5193 a
628 5140 879 5193 Romano
923 5140 1202 5209 pontifice.
1248 5155 1371 5194 cum
1412 5156 1533 5195 eum
1614 5153 1792 5198 tamen

214 5238 312 5292 ille
363 5233 764 5302 reprobaverit.
812 5230 915 5285 Ubi
947 5241 1031 5285 est
1092 5246 1221 5301 ergo
1265 5231 1353 5285 illa
1382 5235 1658 5303 possessio
1709 5236 1794 5290 in-

204 5324 574 5396 dependentis
629 5322 993 5387 auctoritatis,
1045 5332 1135 5375 aut
1188 5339 1297 5393 quo
1338 5324 1462 5393 jure
1510 5341 1575 5380 ac
1624 5317 1797 5397 quan-

204 5417 282 5471 do
341 5416 499 5479 inita,
533 5428 695 5484 qnam
743 5429 802 5468 se
862 5415 1002 5468 tueri
1053 5426 1233 5469 certos
1274 5416 1359 5470 his
1416 5416 1589 5472 Graeci
1623 5419 1795 5474 schis-

206 5508 397 5564 matici
419 5506 723 5559 affirmant?
744 5504 885 5559 Sane
916 5506 991 5558 illi
1015 5506 1240 5559 fundunt
1270 5512 1490 5562 unicum
1518 5519 1612 5564 aut
1652 5527 1792 5580 prte-

205 5603 436 5672 cipuum
471 5599 800 5668 αὐτονομίας
834 5599 1018 5663 istius,
1064 5608 1118 5652 ct
1154 5600 1337 5655 liberae
1370 5601 1437 5656 ab
1481 5602 1630 5656 omni
1684 5604 1793 5657 Ro-

208 5708 387 5748 mana:
436 5691 585 5747 sedis
655 5691 1044 5762 jnrisdictionc
1097 5694 1401 5761 potestatis,
1493 5696 1796 5752 Chalcedo-

210 5794 437 5841 nens’em
489 5785 652 5839 istum
708 5800 970 5840 canonem
1022 5784 1346 5856 praedicant.
1384 5787 1650 5844 Audialur
1692 5806 1792 5861 pro

1898 4591 2101 4645 tionem
2156 4590 2225 4645 ad
2275 4605 2494 4660 papam,
2534 4605 2645 4659 qua
2698 4590 2870 4644 functi
2912 4607 2969 4645 re
3018 4591 3133 4659 ipsa
3184 4593 3296 4647 sint
3364 4593 3474 4662 cpi-

1897 4684 2049 4752 sc0pi
2099 4683 2231 4747 duo,
2291 4681 2583 4737 Sardensis
2644 4680 3021 4748 Andronicus,
3068 4692 3125 4735 et
3171 4682 3475 4753 Cyziceuus

1897 4773 2190 4844 Georgius,
2217 4789 2314 4842 per
2333 4789 2493 4843 quam
2523 4772 2909 4843 profiterentur
2939 4790 2993 4827 se
3019 4784 3235 4842 paratos
3265 4776 3473 4842 obsequi

1896 4869 2136 4939 pontiﬁci
2197 4867 2431 4921 Romano
2491 4867 2708 4937 ejusque
2769 4868 2824 4921 in
2864 4884 3021 4919 sacra
3051 4866 3213 4937 665
3259 4867 3473 4936 lituigia

1900 4962 2217 5014 mentionem
2239 4962 2339 5014 rite
2357 4962 2550 5030 facere,
2567 4961 2611 5012 si
2629 4962 2674 5012 is
2693 4960 2994 5013 societatem
3012 4960 3341 5026 abrumperet
3360 4977 3471 5015 cum

1896 5053 2102 5106 Latinis
2176 5053 2353 5105 urbem
2429 5050 2944 5119 ConstantinOpolim
2997 5051 3314 5117 tenentibus,
3365 5062 3473 5106 etc.

1896 5143 2083 5213 Neque
2111 5143 2280 5210 enim,
2311 5145 2438 5198 dum
2496 5144 2599 5198 hoc
2633 5145 3061 5213 pollicebantur,
3081 5159 3279 5198 novum
3301 5144 3388 5212 jus
3416 5158 3473 5200 se

1896 5239 2142 5294 conferre
2198 5237 2449 5294 Romano
2506 5236 2742 5291 antistiti
2812 5244 3104 5306 putabant,
3162 5237 3258 5293 sed
3319 5251 3474 5294 vetus

1896 5340 1951 5385 et
2010 5332 2079 5384 ab
2152 5330 2342 5384 ultima
2404 5329 2678 5382 firmatum
2755 5331 3083 5398 antiquitate
3155 5344 3475 5399 agnoscere.

1896 5419 2035 5485 Quid
2069 5420 2215 5474 aliud
2265 5421 2607 5475 demonstrat
2658 5420 2827 5489 quod,
2864 5437 2916 5489 p.
2952 5420 3078 5487 214,
3111 5408 3346 5475 Michael
3374 5425 3477 5476 Pa-

1895 5514 2161 5583 lzeologus
2210 5512 2493 5583 Augustus
2526 5513 2592 5567 ad
2651 5514 2916 5583 synodum
2962 5514 3281 5569 Grascorum
3334 5518 3477 5570 amt.

1898 5606 2090 5661 stitum
2130 5622 2415 5676 perorans,
2464 5607 2552 5660 ubi
2581 5616 2727 5662 esset
2773 5619 3000 5677 questus
3039 5608 3107 5663 de
3137 5609 3337 5664 duritie
3382 5624 3476 5664 ca-

1896 5698 2139 5753 nonibus
2192 5692 2444 5751 damnata
2478 5699 2803 5768 patriarchae
2842 5696 3055 5755 Arsetiii
3093 5701 3343 5769 negantis
3371 5702 3477 5757 sibi

1896 5789 2184 5860 pmnitenti
2221 5791 2750 5861 reconciliationem,
2799 5804 3055 5864 tanquam
3111 5812 3176 5851 ex
3226 5796 3469 5851 doctrina
