3992 6536
567 382 710 463 1127

556 514 680 572 quae
722 498 776 554 in
827 496 1082 553 confesso
1137 493 1278 568 apud
1331 509 1524 550 omnes
1560 504 1724 562 esset,
1791 496 1869 548 ait
1932 503 2132 564 tempus
2171 501 2210 552 Α

556 611 668 650 esse
692 591 998 664 procidendi
1047 589 1117 643 ad
1161 589 1313 658 pedes
1368 602 1516 657 papa:
1567 585 1746 642 Romw
1799 587 2046 648 sedentis,
2097 590 2147 636 et

557 687 623 742 ab
657 704 716 742 eo
741 685 1045 756 suppliciter
1073 682 1277 750 petendi
1313 681 1550 736 salutare
1592 681 1790 748 peccati
1830 679 2141 740 remedium,

559 780 669 834 nisi
736 786 944 831 certum
1024 783 1078 828 et
1128 772 1328 825 nemini
1391 769 1688 824 dubitabile
1737 770 1827 834 jus
1890 781 2030 828 esse,
2099 765 2144 817 si

562 868 786 941 quando
833 861 1475 930 Constantinopolitanns
1521 858 1824 928 patriarcha
1878 869 1904 905 a
1963 851 2146 920 regula

557 961 858 1030 disciplina!
894 955 1092 1010 veteris
1141 951 1442 1011 deﬂexerit,
1495 947 1824 1017 provocandi
1862 944 1926 996 ad
1967 942 2150 1012 ponti-

562 1053 718 1106 licem
771 1047 1078 1100 Romanum
1135 1050 1188 1097 et
1247 1043 1311 1095 ab
1357 1055 1420 1093 eo
1474 1039 1577 1091 rite
1628 1036 1840 1106 petendi
1877 1032 2150 1088 sumendi-

561 1157 670 1213 que
693 1155 815 1212 quae
843 1137 1047 1205 injuste
1083 1148 1110 1186 a
1143 1128 1749 1198 Constantinopolitano
1785 1127 1894 1180 sint
1928 1133 2143 1193 negata.

565 1235 680 1290 Non
719 1233 885 1302 igitur
915 1227 1153 1298 legitima
1187 1223 1463 1294 possessio
1492 1223 1606 1274 haec
1635 1220 1754 1280 fuit,
1789 1217 1883 1272 sed
1920 1217 2152 1286 iniquis-

560 1327 696 1382 sima
749 1321 1034 1390 usurpatio
1073 1316 1407 1370 auctoritatis
1440 1311 1855 1381 independentis.
1895 1307 1982 1380 [Ρ.
2018 1304 2146 1376 466]

561 1430 724 1484 quam
759 1430 818 1469 se
863 1424 1046 1465 tenere
1080 1410 1145 1463 ad
1178 1416 1480 1461 extremum
1514 1405 1648 1457 velle
1681 1403 1768 1455 hic
1815 1400 2148 1456 schismatici

561 1515 856 1564 testantur.
913 1501 1019 1556 Sed
1070 1501 1163 1568 qui
1210 1509 1284 1551 ‘ex
1343 1497 1475 1567 ipsis
1527 1503 1619 1548 aut
1671 1508 1861 1547 corum
1917 1491 2152 1560 posteris

563 1606 755 1669 postea
809 1593 1182 1662 resipueruut,
1231 1604 1349 1643 eam
1405 1587 1751 1646 abdicarunt,
1805 1593 1860 1634 ut
1917 1581 2150 1650 professi

563 1691 762 1747 deinde
791 1695 921 1744 sunt
953 1687 1008 1739 in
1052 1682 1288 1739 concilio
1319 1679 1660 1742 Florentino,
1697 1691 1836 1731 sess.
1865 1676 1957 1737 25,
1988 1672 2152 1740 p.5l6

565 1784 652 1838 ed.
687 1781 818 1851 Reg.
855 1779 938 1833 his
965 1776 1168 1832 verbis:
1194 1773 1328 1844 napi.
1348 1773 1445 1844 τῆς
1471 1772 1647 1842 ἀρχῆς
1669 1769 1764 1821 τοῦ
1793 1768 1994 1820 πάππα
2023 1767 2150 1834 ὁμσ-

564 1873 835 1943 λογοῦμεν
870 1870 1037 1924 αὐτὸν
1086 1868 1256 1937 ἄκρον
1289 1864 1553 1937 ἀρχιερέα
1599 1863 1694 1914 καὶ
1727 1859 2024 1926 ἐπίτροπον
2055 1861 2148 1910 καὶ

562 1963 947 2034 τοποτηρητὴν
979 1962 1074 2014 καὶ
1107 1959 1357 2029 βικάριον
1385 1955 1476 2008 τοῦ
1520 1955 1567 2007 Χ
1578 1950 1790 2025 ριστοῦ.
1826 1949 2060 2018 ποιμένα
2091 1964 2149 1999 τε

566 2063 661 2113 καί
689 2055 1013 2110 διδάσκαλον
1055 2051 1278 2104 πάντων
1312 2045 1686 2118 Χριστιανῶν,
1739 2042 1944 2096 ἰθύνειν
1971 2057 2027 2093 τε
2057 2039 2152 2092 καὶ

565 2149 839 2219 κνσερνᾷν
861 2147 960 2215 τὴν
1001 2141 1337 2211 Ἐκκλησίαν
1363 2139 1459 2192 τοῦ
1488 2136 1657 2191 Θεοῦ.
1700 2135 1773 2189 De
1801 2136 2034 2202 primatu
2060 2148 2154 2200 pa-

565 2258 646 2311 pw
675 2239 985 2308 conﬁtemur
1002 2237 1170 2306 ipsum
1189 2248 1452 2287 summum
1478 2229 1776 2298 pontiﬁcem
1805 2237 1853 2278 et
1881 2227 2156 2292 dispensa-

570 2347 760 2391 torem.
794 2341 842 2385 et
878 2331 1047 2384 locum
1086 2335 1345 2381 tenentem
1376 2339 1436 2376 ac
1467 2321 1724 2375 vicarium
1789 2317 2006 2381 Christi.
2060 2331 2156 2384 pa-

569 2436 868 2492 storemque
917 2431 967 2474 el
1000 2420 1268 2472 doctorem
1291 2415 1526 2467 omnium
1575 2411 2022 2470 Christianorum,
2074 2421 2156 2459 re-

570 2529 790 2587 gereque
820 2529 882 2566 ac
914 2510 1208 2582 gubernare
1248 2506 1547 2561 Ecclesium
1591 2504 1713 2558 Dei.
1763 2501 1900 2558 Cum
1935 2516 2046 2572 quo
2078 2504 2157 2572 ip-

571 2610 650 2662 sis
702 2604 1032 2674 permissum
1066 2609 1170 2661 est,
1225 2595 1610 2652 dissimulante
1667 2603 1886 2664 prapter
1950 2592 2153 2646 bonum

572 2698 728 2771 pacis
764 2693 1026 2758 Ecclesia,
1066 2699 1126 2745 ut
1162 2703 1322 2744 suum
1351 2685 2020 2754 ConstantinOpolitanum
2061 2697 2156 2752 pa-

575 2789 868 2846 triarcham
902 2783 1269 2838 Alexandrino
1313 2787 1710 2849 praeponerent,
1758 2784 1920 2846 prout
1957 2775 2152 2827 ibidem

580 2883 769 2939 statim
809 2879 1038 2932 addunt:
1074 2873 1409 2943 Σωζομένων
1437 2871 1547 2924 τῶν
1579 2869 1894 2940 προνομίων
1924 2867 2016 2918 καὶ
2047 2864 2154 2916 τῶν

573 2972 797 3029 δικαίων
832 2968 941 3022 τῶν
994 2964 1354 3035 πατριαρχῶν
1389 2963 1490 3031 τῆς
1525 2961 1848 3027 Ἀνατολῆς,
1875 2957 1964 3010 τὸν
2002 2959 2156 3010 Κων-

577 3051 1072 3112 σταντινουπόὶεως
1100 3048 1354 3117 δεύτερον
1405 3042 1546 3099 εἶναι
1606 3045 1744 3112 μετὰ
1773 3043 1865 3094 τὸν
1898 3041 2154 3102 πάππαν,

575 3145 696 3200 εἶτα
741 3145 833 3197 τὸν
884 3138 1319 3207 ’Δλεξανδρείας,
1373 3146 1480 3190 etc.
1527 3133 1699 3190 Salvis
1761 3131 2050 3200 privilegiis
2107 3141 2155 3186 et
2187 3155 2230 3211 ο

577 3236 785 3301 iuribus
830 3229 1261 3302 patriarcharum
1312 3225 1567 3290 Orientis,
1611 3234 1667 3278 ut
1719 3223 2163 3291 Constantinopo-

577 3333 776 3386 litanus
797 3327 1054 3381 sacrandus
1077 3324 1145 3377 sit
1170 3341 1201 3377 a
1222 3338 1383 3391 papa,
1400 3322 1586 3374 deinde
1607 3320 2026 3384 Alexandrinus,
2053 3328 2160 3374 etc.

649 3421 779 3490 Pag.
805 3417 933 3473 568.
961 3415 1272 3483 Cauponem
1299 3423 1346 3467 et
1374 3411 1651 3466 illiberalis
1669 3413 1830 3465 sortis
1855 3410 2164 3465 homuncio-

580 3527 726 3567 num.
779 3509 981 3562 ldiotas
1032 3505 1258 3560 Latinos
1297 3515 1352 3559 et
1387 3519 1498 3573 prae
1541 3518 1602 3559 se
1652 3503 1786 3557 viles
1841 3503 2164 3572 supercilio-

577 3603 785 3658 sisslmi
829 3609 884 3656 et
936 3599 1080 3653 fastu
1137 3597 1286 3651 inani
1345 3595 1544 3665 turgidi
1594 3592 1931 3649 Schismatici
1993 3595 2161 3648 habe-

581 3697 737 3757 bant,
785 3693 1016 3761 ideoque
1066 3689 1174 3744 illis
1214 3690 1460 3758 quamvis
1513 3688 1804 3742 manifesto
1851 3687 1976 3756 jure
2010 3685 2164 3740 debi-

582 3799 691 3840 tam
726 3785 1117 3852 subjectionem
1150 3789 1366 3850 negant,
1392 3780 1627 3834 immane
1650 3789 1914 3848 quantum
1957 3777 2165 3831 aChri-

580 3880 760 3934 stiana
784 3875 1091 3929 humilitate
1129 3872 1513 3936 abhorrentes,
1565 3886 1686 3939 quae
1737 3873 2039 3938 piscatores
2093 3868 2162 3922 ab

583 3972 744 4027 initio
779 3967 1126 4040 philosophis
1183 3963 1438 4033 praetulit.
1477 3963 1582 4017 Sed
1630 3962 1792 4016 istam
1853 3961 2160 4031 superbiam

577 4065 728 4135 justa
752 4064 884 4116 ultio
916 4061 1152 4128 excepit,
1180 4056 1353 4125 utqui
1380 4055 1578 4125 subjici
1603 4053 1924 4125 apostolicis
1951 4053 2158 4108 Christi

583 4158 811 4212 vicariis
857 4155 1258 4208 contumaciter
1307 4151 1638 4217 spreverint,
1682 4148 1930 4218 tyrannis
1963 4147 2163 4202 barba-

592 4249 669 4302 ris
722 4245 1030 4300 miserrime
1085 4255 1229 4295 nunc
1277 4224 1540 4294 serviant.

655 4337 822 4409 666
846 4334 906 4389 P.
932 4333 1060 4388 572.
1089 4334 1376 4385 Attentatw
1406 4329 1693 4384 auditionis
1739 4330 1808 4384 ad
1840 4328 2159 4402 symbolum.

587 4428 911 4499 Magnopere
939 4441 999 4480 se
1020 4431 1297 4478 ostentant
1319 4423 1370 4476 in
1398 4422 1497 4474 hac
1519 4423 1720 4490 passim
1742 4421 1969 4476 historia
1989 4422 2164 4476 schis-

589 4521 776 4576 matici
804 4518 980 4574 Graeci
1007 4532 1071 4571 ex
1106 4517 1209 4570 hoc
1239 4516 1384 4580 loco,
1413 4515 1594 4584 quasi,
1627 4514 1892 4585 quidquid
1928 4515 1997 4569 de
2031 4515 2163 4586 dog-

590 4621 735 4669 mate
789 4609 1167 4681 processionis
1215 4607 1452 4676 Spiritus
1503 4609 1680 4663 sancti
1728 4623 1794 4662 ex
1825 4606 1984 4662 Patre
2015 4608 2162 4677 pari-

587 4715 674 4761 ter
724 4719 788 4758 ac
843 4701 982 4756 Filio
1048 4710 1346 4766 statuatur,
1416 4699 1603 4770 fugere
1651 4698 1830 4754 Latini
1889 4707 2166 4770 nequeant

589 4798 725 4869 quin
760 4796 952 4851 saltem
986 4792 1310 4848 temeritatis
1342 4792 1644 4846 manifesta
1675 4799 1985 4856 teneantur,
2021 4791 2166 4862 quod

589 4891 856 4961 Symbolo
892 4884 1504 4953 Constantinopolitano
1555 4897 1743 4938 vocem
1779 4880 2024 4952 Filioque
2058 4897 2168 4937 non

591 4982 960 5035 dubitaverint
997 4977 1314 5048 adiungere.
1355 4973 1537 5040 Quare
1567 4977 1938 5029 necessarium
1979 4975 2171 5031 existi-

591 5089 683 5128 mo
729 5072 1132 5132 demonstrare,
1184 5068 1329 5138 quod
1365 5068 1513 5122 clare
1556 5081 1643 5121 me
1676 5067 1948 5122 facturum
1981 5082 2169 5138 spero,

592 5166 799 5220 nullam
835 5165 888 5216 in
947 5165 1049 5216 hoc
1103 5161 1472 5236 temeritatem
1525 5159 1719 5214 fuisse.
1774 5160 1853 5225 Id,
1899 5161 1956 5214 ni
1988 5160 2168 5224 fallor,

595 5271 863 5325 assequar
924 5256 1140 5308 duobus
1206 5252 1480 5320 capitibus
1554 5252 1877 5316 tractandis,
1935 5266 2170 5322 quorum

589 5352 746 5420 prius
785 5349 1063 5402 historiam
1110 5353 1164 5399 et
1202 5344 1425 5412 factum,
1476 5343 1704 5397 alterum
1736 5344 1829 5410 jus
1877 5345 2033 5412 facti,
2085 5363 2173 5400 ra-

593 5439 773 5493 tiones
815 5439 1026 5493 scilicet
1079 5437 1148 5489 ob
1186 5449 1325 5504 quas
1381 5433 1558 5488 Latini
1623 5435 1674 5488 id
1713 5438 1849 5489 citra
1889 5438 2054 5491 ullam
2083 5439 2174 5508 ju-

591 5543 735 5588 stam
773 5529 1248 5602 reprehensionem
1289 5542 1450 5598 agere
1485 5537 1806 5599 potuerunt,
1834 5529 2072 5586 dilucide
2105 5546 2172 5586 ac

597 5624 836 5679 breviter
891 5628 1146 5691 exponet.
1649 5639 1652 5642 η

595 5793 599 5797 Ι
668 5714 752 5785 [IL
807 5713 1211 5786 4671llistoria
1259 5710 1379 5780 ejus
1417 5710 1712 5767 additionis
1745 5714 1825 5767 sic
1878 5727 1939 5769 se
1991 5713 2170 5770 habet.

591 5804 733 5876 Cum
786 5810 990 5865 exortis
1039 5814 1163 5878 post
1207 5806 1408 5859 Ariana
1482 5814 1731 5876 tempora
1789 5809 1946 5864 novis
2001 5807 2174 5871 haere-

2192 4482 2242 4540 D

1496 384 1563 448 P.
1598 381 1912 445 POSSINI
1953 374 2613 440 OBSERVATIONUM
2661 371 2812 433 LlB.
2853 368 2936 428 ll.

3661 366 3780 434 1128

2244 489 2398 544 sibus
2430 485 2708 547 Eunomii,
2760 478 3062 537 Macedonii
3115 488 3170 534 et
3205 475 3433 534 aliorum
3469 478 3633 534 sancti
3677 481 3787 550 Spi.‘

2248 585 2388 636 ritus
2415 581 2755 636 divinitatem
2792 572 3252 644 cpptnznantium,
3289 571 3441 642 quasi
3475 585 3537 626 ex
3571 587 3634 626 eo
3661 575 3782 643 quod

2245 674 2312 728 de
2344 670 2479 724 Filio
2519 670 2634 722 solo
2674 667 2878 720 diserte
2922 662 3116 718 luisset
3153 662 3208 715 in
3251 676 3443 730 magna
3479 663 3677 730 synodo
3709 661 3783 717 Ni-

2246 778 2394 817 i-aana
2441 761 2730 814 deﬁnitum
2766 753 3298 810 consubstantialem
3332 767 3455 807 eum
3487 750 3626 805 Patri
3668 770 3783 818 esse.

2259 857 2326 908 de
2402 852 2611 921 Spiritu
2679 861 2871 902 sancto
2940 857 3285 916 sequeretur,
3363 844 3586 899 minime
3655 845 3779 899 illum

2247 963 2274 1000 a
2311 946 2471 1000 Patre
2512 941 2831 1010 procedere,
2869 938 3204 994 celebratum
3243 945 3326 991 est
3367 935 3786 1006 Constantinum-

2245 1037 2281 1090 li
2345 1035 2642 1088 concilium
2720 1029 2977 1100 generale
3057 1030 3384 1092 secundum,
3456 1028 3702 1081 indictum
3763 1043 3785 1080 ι

2249 1128 2482 1182 Damaso
2519 1140 2678 1196 papa,
2733 1131 3094 1177 convocatum
3152 1136 3182 1174 a
3239 1117 3548 1174 Theodosio
3595 1119 3774 1172 seniore

2245 1222 2513 1292 Augusto,
2555 1219 2608 1272 in
2669 1216 2813 1286 quod
2854 1221 3230 1269 convenerunt
3291 1220 3506 1266 centum
3543 1210 3778 1280 quinqua-

2250 1316 2398 1385 ginta
2424 1310 2671 1382 episcopi
2694 1323 2838 1362 anno
2865 1307 3071 1362 Christi
3096 1304 3221 1359 381.
3252 1304 3329 1358 lbi
3349 1301 3602 1357 damnata
3628 1299 3776 1356 Pacu-

2251 1403 2723 1460 matomachorum
2788 1397 3149 1467 blasphemia,
3203 1395 3380 1450 visum
3435 1401 3520 1448 est
3571 1392 3786 1447 Palrilms

2249 1495 2636 1569 apponendum
2676 1491 2878 1561 aliquid
2912 1490 3127 1544 Nic-aeno
3163 1488 3435 1558 symbolo,
3473 1487 3608 1555 quod
3657 1488 3786 1540 istam

2252 1591 2515 1658 deinceps
2572 1587 2826 1640 hmresim
2878 1586 3195 1652 perimeret.
3269 1578 3394 1631 Ηειισ
3448 1577 3608 1644 igitur
3658 1579 3788 1627 verba

2250 1682 2302 1737 ei
2346 1682 2603 1748 adjuncta
2663 1690 2796 1732 tunc
2853 1684 3003 1731 sunt:
3073 1673 3140 1750 Et
3175 1673 3227 1726 in
3281 1671 3535 1736 Spiritum
3585 1678 3788 1722 sanctum

2255 1777 2536 1832 Dominum
2569 1783 2614 1827 et
2663 1771 3034 1840 viviﬁcantem.
3063 1768 3152 1838 qui
3180 1781 3243 1818 ex
3274 1767 3440 1818 Patre
3464 1761 3698 1829 procedit,
3720 1761 3788 1826 qui

2254 1886 2371 1922 cum
2407 1867 2567 1921 Patre
2587 1876 2634 1919 et
2663 1861 2806 1916 Filio
2843 1859 3001 1914 simul
3033 1859 3289 1912 adoralur
3309 1866 3357 1908 et
3384 1851 3787 1920 cong.'oriﬁcii'ur,

2255 1961 2344 2033 qui
2369 1959 2575 2013 loculus
2595 1969 2667 2010 est
2687 1971 2777 2025 per
2798 1951 3099 2022 prophetas.
3120 1947 3267 2001 Satis
3292 1947 3399 1997 hoc
3423 1961 3442 1994 \
3457 1946 3590 1996 lslllll
3611 1943 3666 1993 ad
3686 1957 3790 2008 prie.

2255 2066 2465 2116 sentem
2496 2066 2680 2105 usum.
2707 2048 2812 2101 Sed
2845 2060 2967 2098 eum
3003 2042 3248 2096 insanire
3277 2037 3624 2091 nihilominus
3646 2034 3790 2086 Euno-

2255 2145 2424 2202 miani
2491 2148 2776 2214 pergerent
2813 2178 2828 2204 ,
2897 2137 3055 2206 sequi
3111 2151 3176 2188 ex
3221 2139 3432 2188 statuto
3485 2132 3712 2198 dogmate
3741 2127 3790 2179 li-

2256 2243 2386 2296 lium
2419 2237 2544 2295 Filii
2572 2235 2841 2306 Spiritum
2870 2231 3031 2302 667
3060 2236 3310 2284 sanctum
3340 2243 3464 2280 esse
3488 2224 3790 2289 cavillantes;

2255 2333 2401 2406 quod
2436 2339 2617 2386 autem
2666 2327 2801 2382 satis
2863 2331 3146 2378 constaret
3211 2321 3436 2374 unicum
3508 2333 3622 2370 esse
3685 2330 3792 2367 con-

2257 2421 2681 2480 substantialem
2733 2418 2886 2473 Patri
2945 2414 3166 2478 Filium,
3233 2411 3499 2480 Spiritum
3563 2417 3788 2466 sant-tum,

2258 2515 2350 2585 qui
2385 2513 2508 2568 Filii
2563 2511 2704 2565 [llius
2752 2514 2922 2574 esset,
2990 2522 3018 2559 a
3057 2502 3361 2558 divinitatis
3421 2496 3790 2570 participatione

2267 2601 2664 2660 removendum
2698 2607 2753 2654 et
2787 2599 2853 2652 ad
2896 2607 3275 2651 creaturarum
3323 2593 3555 2645 classem
3608 2593 3792 2642 submo-

2258 2697 2494 2752 vendum
2529 2694 2758 2747 omnino
2811 2705 2955 2745 esse:
3017 2689 3242 2758 quidam
3288 2695 3346 2738 ut
3401 2683 3490 2738 isti
3541 2692 3789 2750 argumen-

2259 2788 2454 2842 tationi
2522 2789 2903 2845 occurrerent,
2958 2793 3156 2849 negare
3221 2783 3513 2845 carperent
3571 2771 3788 2840 Spiritum

2261 2896 2289 2933 a
2349 2877 2490 2931 Filio
2543 2876 2861 2942 procedere,
2901 2875 3002 2938 sic,
3038 2882 3096 2924 tit
3129 2871 3266 2939 ipsis
3321 2866 3627 2927 videbatur,
3671 2860 3793 2930 plau-

2262 2971 2479 3027 sibilius
2519 2966 2774 3038 rejecturi
2817 2965 3221 3019 Eunomianum
3275 2959 3579 3029 sophisma,
3632 2953 3791 3006 recita-

2261 3073 2375 3117 tum
2430 3077 2459 3115 a
2490 3070 2682 3116 sancto
2742 3058 2938 3113 Basilio
2995 3056 3048 3108 in
3082 3069 3246 3124 opere
3291 3059 3486 3106 contra
3515 3045 3789 3102 Eunomium

2267 3156 2350 3209 lilS
2419 3140 2598 3206 verbis
2633 3168 2647 3204 :
2681 3147 2880 3218 Ἀλλὰ,
2909 3147 3123 3215 λέγεις’
3155 3145 3220 3198 Et
3272 3141 3412 3194 Θεοῦ
3459 3139 3556 3210 μὲν
3611 3133 3792 3188 εἰκὼνὸ

2265 3246 2413 3310 Υἱὸς,
2448 3245 2580 3297 Υιοῦ
2625 3243 2681 3294 δὲ
2713 3241 2774 3294 τὸ
2828 3241 3068 3307 Πνεῦμα,
3099 3239 3194 3290 καὶ
3242 3237 3290 3289 εἰ
3341 3232 3481 3288 Θεοῦ
3539 3231 3629 3300 μὲν
3655 3226 3791 3293 Λόγος

2264 3341 2291 3391 ὁ
2331 3338 2470 3401 Υἱὸς.
2502 3335 2653 3405 ῥῆμα
2674 3335 2729 3385 δὲ
2775 3332 2905 3386 Υἱοῦ
2943 3332 3003 3384 τὸ
3053 3328 3296 3397 Πνεῦμα,
3336 3327 3427 3380 διὰ
3480 3326 3532 3378 τί
3592 3324 3660 3391 μὴ
3706 3321 3790 3379 υἱὸς

2265 3430 2396 3484 Υἱοῦ
2450 3428 2510 3481 τὸ
2563 3425 2790 3495 Πνεῦμα
2813 3424 3052 3494 εἷρηται;
3106 3422 3283 3490 τούτῳ
3337 3418 3452 3489 γὰρ
3506 3413 3790 3482 ἰσχυροτάτῳ

2266 3522 2403 3593 πρὸς
2445 3521 2701 3575 ἀσέϐειαν
2762 3520 2998 3588 ἐχρήσω.
3057 3516 3128 3568 Ἣ
3187 3514 3298 3583 γὰρ
3362 3512 3479 3564 υἱὸν
3542 3509 3574 3579 ἢ
3629 3505 3790 3570 κτίσμα

2265 3615 2505 3676 κελεύεις
2548 3615 2708 3677 νοεῖν,
2770 3611 2862 3662 καὶ
2921 3611 3003 3661 ὅτι
3068 3606 3145 3678 μὴ
3197 3607 3313 3669 υἱὸς
3356 3604 3676 3674 ὠνόμασται,
3720 3596 3787 3650 8τά

2264 3707 2422 3760 τοῦτο
2457 3705 2659 3774 κτίσμα
2707 3697 2849 3754 εἶναι
2904 3699 3269 3771 βλασφημεῖς.
3321 3695 3524 3751 Verum
3578 3695 3791 3746 adversus

2269 3800 2413 3852 hanc
2473 3794 2941 3866 imperitissimam
2992 3791 3409 3859 responsionem
3454 3787 3791 3846 reclamarent,

2266 3892 2570 3962 pra'scrtim
2603 3889 2658 3940 in
2691 3886 3013 3950 Occidente,
3042 3882 3335 3945 Catholici,
3368 3891 3651 3946 utrumque
3671 3876 3792 3946 juxta

2265 3981 2634 4036 orthodoxum
2681 3993 2945 4032 canonem
2995 3991 3060 4031 ex
3099 3989 3254 4044 aequo
3298 3971 3650 4044 proﬁtendum
3683 3965 3794 4020 allir-

2267 4081 2498 4137 ntantes,
2539 4081 2592 4126 et
2627 4071 2926 4141 procedere
2966 4076 3217 4124 sanctum
3267 4066 3536 4136 Spiritum
3575 4077 3634 4117 ex
3670 4062 3793 4115 Patre

2275 4165 2440 4219 simul
2471 4171 2525 4216 et
2549 4161 2708 4225 Filio,
2753 4169 2810 4214 et
2867 4169 3050 4213 tamen
3080 4174 3205 4212 eum
3240 4174 3341 4213 nec
3371 4158 3548 4213 Patris
3586 4170 3674 4208 nec
3699 4149 3794 4205 Filii

2266 4258 2434 4311 lilium
2477 4270 2618 4310 esse.
2669 4255 2747 4306 Ac
2774 4250 3260 4323 perseverantibus
3285 4250 3491 4305 Graecis
3516 4245 3792 4317 quibusdam

2265 4351 2320 4404 in
2363 4348 2613 4418 negando
2651 4353 2906 4400 sanctum
2949 4343 3212 4412 Spiritum
3267 4356 3298 4395 a
3338 4339 3480 4396 Filio
3523 4334 3791 4410 procedere,

2266 4452 2321 4496 et
2376 4441 2430 4495 in
2483 4439 2569 4494 sui
2603 4437 2809 4493 erroris
2845 4435 3320 4491 conﬁrmationem
3359 4431 3657 4506 symbolum
3686 4425 3796 4481 Cou-

2272 4530 2825 4600 stantinopolitanum
2863 4527 3226 4598 rapientibus,
3283 4525 3338 4580 in
3376 4539 3487 4594 quo
3533 4523 3692 4578 solum
3732 4515 3796 4571 di-

2271 4633 2488 4677 ceretur
2547 4620 2816 4689 Spiritum
2869 4634 2937 4673 ex
2989 4618 3153 4672 Patre
3220 4617 3540 4686 procedere,
3599 4611 3794 4678 theologi

2272 4713 2474 4784 passim
2507 4711 2813 4775 orthodoxi,
2854 4712 3151 4780 praesertim
3185 4707 3371 4764 Romae
3401 4725 3464 4765 ac
3498 4724 3590 4780 per
3619 4705 3796 4778 provin-

2271 4809 2385 4861 cias
2417 4805 2595 4860 Latini
2632 4807 2789 4868 ritus,
2826 4803 3277 4858 contestabantur
3316 4801 3388 4855 ita
3434 4801 3538 4855 dici
3589 4800 3639 4854 in
3684 4793 3796 4850 Con-

2270 4898 2759 4966 stantinopolitano
2795 4891 3054 4965 Symbolo
3093 4891 3356 4961 Spiritum
3390 4905 3420 4944 a
3449 4891 3602 4945 Patre
3642 4877 3804 4966 prece-2

2272 4992 2421 5054 dere,
2453 5001 2512 5042 ιιι
2556 5005 2663 5042 non
2709 4985 3031 5042 excludatur
3068 4983 3410 5039 consortium
3450 4981 3588 5044 Filii,
3617 4981 3693 5033 cui
3715 4974 3797 5030 Pa-

2273 5019 2421 5054 uelo,
2455 5019 2512 5042 lu
2556 5019 2663 5042 IIUII
2709 5019 3019 5042 csum-usuu-
3068 5019 3410 5039 ινυδνιιιιηιι
3450 5019 3588 5044 ιιι-ι,
3617 5019 3774 5033 νισι--

2273 5089 2355 5136 ter
2401 5079 2588 5135 omnia
2632 5094 2733 5133 sua
2776 5078 3143 5132 communicet
3192 5085 3388 5146 praeter
3433 5088 3552 5130 esse
3594 5019 3805 5142 Patrem},

2274 5187 2337 5227 ac
2367 5182 2768 5240 consequenter
2802 5169 3158 5238 spiratiouem
3200 5183 3418 5238 quoque
3444 5168 3660 5222 activam
3687 5147 3804 5236 con-ﬁ

2273 5263 2438 5329 ferat,
2494 5278 2600 5332 qua
2657 5261 2749 5315 ille
2793 5263 2886 5315 liat
2937 5277 3122 5315 secum
3167 5277 3335 5314 unum
3387 5259 3613 5330 Spiritus
3655 5249 3796 5309 sancti

2274 5357 2632 5426 principium;
2665 5369 2834 5424 quare
2857 5369 2982 5409 cum
3005 5362 3227 5408 sanctus
3259 5327 3496 5423 Spiritus
3512 5367 3539 5404 a
3555 5350 3696 5404 Patre
3711 5327 3804 5398 non?

2274 5446 2792 5516 quomodocunque,
2820 5447 2914 5498 sed
2945 5458 3040 5512 per
3065 5441 3288 5508 Filium,
3315 5452 3375 5497 ut
3403 5441 3588 5496 Patres
3610 5428 3799 5509 quidanl

2277 5539 2450 5595 Graeci
2513 5536 2887 5606 loquerentur,
2923 5536 3204 5602 procedat,
3233 5550 3362 5590 vere
3415 5544 3469 5589 et
3522 5532 3586 5588 ad
3641 5522 3803 5584 sucto¥

2276 5645 2398 5685 rum
2441 5643 2667 5683 sensum
2700 5626 2958 5697 explicari
2989 5625 3639 5696 Constantinopolitanum
3672 5621 3800 5691 Synn-

2276 5721 2485 5783 bolum,
2563 5733 2673 5789 quo
2743 5719 2864 5773 loco
2903 5719 2978 5773 ait
3015 5717 3274 5788 Spiritum
3329 5727 3569 5774 sanctum
3603 5729 3632 5769 a
3671 5711 3798 5767 Patre

2279 5813 2599 5884 procedere,
2642 5809 2990 5883 adjungendo
3030 5826 3156 5868 cum
3203 5826 3235 5868 a
3277 5809 3414 5869 Filio
3468 5820 3668 5882 quoque
3695 5817 3801 5875 pros
