3992 6546
261 424 405 494 11:9

1771 427 1920 490 NOT
1931 427 1989 486 1E
2000 472 2014 486 .

3385 421 3522 482 ΝΞΟ

251 539 408 595 duci.
444 538 802 594 Ferventibus
836 537 984 594 hisce
1020 538 1262 593 dissidiis
1295 553 1388 609 per
1418 538 1564 593 hunc
1594 537 1839 601 modum,
1873 540 1916 596 Α
1947 535 2238 588 secundam
2277 532 2542 602 synodum
2594 531 2904 602 generalem
2965 533 3252 600 septiutam
3337 548 3526 586 revera

253 634 384 688 addi
436 634 602 703 coepit
635 631 891 703 Symbolo
946 647 975 686 a
1029 631 1236 687 Latinis
1290 631 1513 686 verbum
1567 629 1830 697 Filioque,

251 739 393 780 voce
422 732 634 778 tantum
667 732 849 787 tenus,
885 725 937 778 in
970 723 1432 793 disputationibus
1466 723 1533 778 de
1573 722 1674 776 isto
1705 724 1834 790 dog-

255 825 426 870 mate.
466 815 650 886 quue
708 815 981 885 pertinere
1052 814 1311 879 arbitror,
1363 814 1509 883 quod
1563 812 1832 880 JUSephttS

255 908 550 978 episcopus
598 907 971 963 Methoneusis
1040 906 1094 962 in
1155 907 1295 959 libro
1349 914 1534 959 contra
1585 903 1833 957 Marcum

257 999 546 1070 Ephesium
602 1009 854 1064 testatur,
908 1009 1186 1055 auctorem
1245 997 1475 1052 laudans
1527 996 1831 1052 Aristinum

256 1093 607 1159 Listoricum,
647 1107 770 1147 mox
805 1108 835 1147 a
865 1092 1103 1148 secunda
1147 1091 1386 1161 generali
1445 1089 1670 1160 synodo,
1722 1083 1832 1158 jam

255 1195 370 1239 tum
439 1195 686 1255 tempore
744 1187 961 1239 Damasi
994 1199 1166 1254 papae,
1202 1182 1632 1236 additamentum
1686 1180 1834 1234 vocis

256 1277 505 1350 Filioque
550 1294 657 1332 non
705 1279 868 1332 modo
897 1292 926 1332 a
971 1276 1181 1332 Latinis
1222 1276 1450 1340 factum,
1491 1273 1587 1330 sed
1626 1288 1656 1326 a
1688 1272 1838 1328 Grae-

256 1364 338 1418 cis
371 1381 592 1435 quoque
638 1366 960 1422 orthodoxis
999 1365 1168 1421 fuisse
1200 1365 1636 1435 comprobatum;
1672 1363 1835 1434 quip-

252 1471 322 1524 pe
376 1457 616 1513 consciis
669 1473 788 1512 eam
842 1473 1025 1513 veram
1072 1457 1245 1513 fuisse
1275 1456 1836 1526 Constantinopolita-

255 1562 457 1602 norum
500 1549 721 1604 Patrum
778 1549 1026 1622 Symboli
1078 1558 1368 1604 auctorum
1413 1548 1763 1605 sententiam.

328 1639 440 1696 Res
495 1643 548 1695 in
601 1656 665 1697 eo
722 1651 867 1696 statu
924 1642 1194 1696 mansisse
1240 1640 1457 1695 videtur
1507 1655 1608 1710 per
1661 1653 1838 1694 annos

254 1731 372 1788 fere
413 1733 520 1788 400
569 1750 741 1804 usque
777 1733 844 1788 ad
873 1741 1116 1804 tempora
1157 1731 1411 1788 secundae
1450 1731 1680 1787 Nicaeum
1710 1747 1839 1802 syn-

256 1825 373 1886 odi.
412 1841 533 1896 qua:
570 1827 671 1878 fuit
728 1827 996 1895 generalis
1031 1825 1281 1895 septima,
1314 1839 1458 1880 anno
1491 1823 1694 1879 Christi
1730 1824 1832 1878 787

258 1918 564 1972 celebrata.
606 1918 762 1972 Tune
793 1919 936 1974 etiim
968 1919 1204 1989 primum
1237 1934 1301 1974 ex
1332 1917 1508 1972 verbis
1540 1919 1594 1971 in
1635 1917 1838 1986 scripta

255 2020 508 2080 promota
555 2021 639 2068 est
670 2011 904 2074 additio.
928 2013 1194 2083 siquidem
1228 2013 1344 2082 ejus
1375 2012 1726 2068 meumenicas
1758 2026 1842 2067 sa-

255 2119 368 2158 cra:
423 2107 616 2176 synodi
659 2109 871 2162 actione
919 2107 950 2160 7
999 2107 1286 2162 recitatum
1336 2116 1514 2160 exatat
1565 2105 1839 2182 Constan-

256 2198 681 2266 tinopolitanum
717 2197 1036 2270 Symbolum
1087 2199 1174 2253 his
1218 2198 1380 2269 plane
1418 2197 1620 2252 verbis:
1672 2199 1840 2252 Credo

262 2292 317 2344 in
363 2290 623 2360 Spiritum
662 2303 903 2347 sanctum
941 2333 954 2348 .
999 2333 1014 2348 .
1060 2333 1076 2348 .
1124 2293 1216 2363 qui
1242 2308 1307 2346 ea:
1339 2290 1500 2346 Patre
1528 2293 1578 2346 et
1605 2308 1670 2346 ea:
1697 2290 1839 2347 Filio

260 2387 518 2451 procedit.
555 2386 739 2441 Graece
777 2388 840 2440 ὲκ
873 2386 964 2440 τοῦ
993 2385 1206 2455 Πατρὸς
1233 2385 1326 2438 καὶ
1353 2385 1419 2439 ὲκ
1449 2385 1543 2439 τοῦ
1579 2386 1707 2440 Υἱοΰ
1748 2388 1842 2439 ὲκ-

263 2475 654 2544 πορευόμενον.
684 2476 850 2546 668
881 2477 1004 2531 Scio
1034 2476 1248 2531 Graecos
1279 2477 1334 2530 in
1366 2475 1680 2531 Florentino
1710 2492 1841 2532 con-

263 2565 394 2620 cilio
442 2581 582 2621 scss.
613 2567 646 2620 6
674 2576 862 2621 contra
904 2567 1008 2621 hoc
1044 2565 1351 2637 excepisse,
1395 2566 1619 2621 codices
1651 2582 1840 2622 eorum

261 2657 522 2724 antiquos
559 2659 903 2714 continentes
964 2667 1081 2712 acta
1117 2657 1346 2713 Nicaeum
1382 2657 1418 2711 2
1451 2658 1644 2728 synodi
1688 2658 1844 2730 Sym-

263 2747 447 2802 bolum
483 2749 603 2805 sine
637 2751 913 2806 additionc
955 2751 1172 2806 illorum
1211 2752 1499 2806 verborum
1533 2754 1624 2806 καὶ
1659 2754 1723 2807 ὲκ
1748 2753 1842 2808 τοῦ

264 2840 399 2892 Υἱοῦ
450 2851 497 2894 et
528 2857 589 2896 ex
619 2842 762 2895 Filio
797 2843 1075 2898 exhibere.
1131 2845 1234 2898 Sed
1273 2844 1358 2911 iis,
1415 2851 1475 2899 ut
1523 2845 1720 2900 ibidem
1763 2862 1845 2901 re-

265 2934 468 2998 fertur,
511 2944 638 2989 tunc
674 2934 853 2990 Latini
904 2936 1302 3005 responderunt
1357 2935 1558 2992 habere
1596 2951 1654 2992 se
1699 2940 1843 2992 anti-

265 3043 438 3096 quum
468 3027 780 3082 Graecorum
825 3030 1090 3094 codicem,
1134 3027 1197 3102 [P
1228 3029 1354 3102 468]
1397 3029 1450 3084 in
1484 3046 1594 3101 quo
1630 3031 1846 3087 'additio

267 3120 564 3176 manifeste
588 3131 954 3192 compareret,
978 3123 1122 3178 sicut
1172 3131 1228 3178 et
1288 3125 1342 3178 in
1385 3124 1848 3195 interpretationi—

269 3215 374 3265 bus
433 3213 644 3270 Latinis
696 3216 802 3284 iam
845 3216 974 3271 olim
1022 3217 1190 3273 editis
1234 3219 1352 3288 ejus
1401 3233 1572 3274 sacrae
1629 3219 1845 3291 synodi.
1875 3236 1920 3298 ε

268 3302 461 3359 Verba.
489 3305 732 3375 ipsorum
763 3306 1080 3362 Graecorum
1129 3309 1234 3364 hoc
1276 3310 1423 3379 quod
1475 3311 1600 3366 dico
1650 3319 1855 3367 testan-

257 3398 407 3452 tiunt
424 3397 542 3452 haec
562 3409 690 3454 sunt
706 3415 842 3455 sess.
865 3398 898 3454 6
916 3399 1110 3454 concil.
1131 3399 1369 3457 Florent.
1396 3400 1744 3471 tom.;XXXll
1763 3403 1852 3458 ed.

263 3487 407 3559 Reg.
457 3504 510 3557 p.
544 3488 632 3542 84.
685 3489 890 3544 Τούτου
921 3490 1016 3544 τοῦ
1046 3492 1175 3562 ὅρου
1205 3492 1442 3562 ἑϐδόμης
1475 3493 1693 3547 συνόδου
1725 3493 1856 3566 παρ’

267 3582 431 3651 ἡμῶν
460 3584 994 3654 ἀναγινωσκομένου,
1021 3586 1393 3658 προεκομίσθη
1429 3587 1582 3655 παρὰ
1609 3588 1856 3642 Λατίνων

270 3675 486 3744 βιϐλίον
540 3676 728 3746 ἕτερον
794 3678 1018 3732 παλαιὸν
1072 3680 1483 3751 γεγραμμένον,
1547 3681 1638 3734 τὸν
1697 3682 1859 3736 αὐτὸν

267 3771 399 3841 ὅρον
443 3770 544 3841 τῆς
596 3771 815 3826 συνόδου
855 3773 1062 3844 ταύτης
1110 3775 1386 3845 περιέχον,
1442 3776 1501 3828 ὲν
1557 3767 1602 3843 ᾧ
1659 3776 1859 3847 εὑρέθη

270 3865 672 3936 προσκείμενον
711 3869 770 3920 ἐν
800 3870 866 3938 τῇ
915 3867 1164 3940 θεολογίᾳ
1189 3869 1286 3922 τοῦ
1327 3869 1485 3938 ἁγίου
1517 3869 1856 3940 Πνεύματος,

272 3956 357 4019 εἰς
405 3957 468 4008 τὸ
495 3957 558 4011 ἐκ
588 3955 680 4010 τοῦ
699 3957 912 4028 Πατρὸς
940 3961 1397 4029 ἐκπορευόμενον,
1439 3959 1500 4013 τὸ
1524 3963 1617 4014 καὶ
1659 3962 1724 4014 ὲκ
1763 3960 1857 4014 τοῦ

272 4048 433 4104 Tim).
461 4049 527 4103 Et
565 4049 716 4105 addit
743 4049 960 4106 Graecos
1009 4051 1160 4106 illum
1207 4067 1320 4107 sua:
1373 4052 1568 4123 linguae
1610 4053 1857 4108 codicem

273 4159 402 4197 cum
463 4141 825 4200 admiratione
897 4153 1198 4214 spectasse,
1266 4152 1320 4201 et
1378 4147 1610 4216 probum
1675 4148 1860 4217 specie

271 4248 582 4304 manusque
624 4237 962 4305 perantiqua:
1007 4237 1298 4306 reperisse.
1324 4237 1637 4308 Eademque
1686 4240 1754 4295 de
1803 4256 1860 4298 re

269 4343 331 4398 p.
371 4326 442 4381 86
490 4326 691 4384 deinde
733 4329 1049 4384 referuntur
1101 4329 1303 4386 Iuliani
1355 4332 1650 4388 cardinalis
1697 4336 1858 4391 verba

271 4421 395 4474 btec
431 4421 496 4475 ad
553 4423 937 4492 imperatorem
995 4425 1330 4479 Graecorum:
1387 4426 1725 4494 Γαληνότατε
1761 4427 1861 4498 βα-

263 4505 471 4571 eticis,
518 4508 580 4559 τὸ
644 4509 1012 4578 προκομισυὲν
1063 4508 1192 4578 παρ’
1261 4511 1418 4580 ἡμῶν
1481 4512 1750 4582 σύμ-ϐολον
1805 4515 1862 4568 ἐν

1937 627 2198 682 disertam
2270 625 2671 694 professionem
2727 624 3101 694 processionis
3132 623 3306 700 sancti
3343 622 3526 692 Spiri-

1937 726 2025 772 tus
2086 733 2152 772 cx
2209 716 2348 770 Filio
2416 716 3026 784 Constantinopolitano
3082 716 3327 783 symbolo
3374 717 3530 772 addi-

1935 808 2104 874 disse,
2145 815 2424 876 utcunque
2457 807 2636 862 Graeci
2672 807 2892 876 quidam
2948 807 3233 862 codicibus
3276 825 3532 863 corrum-

1937 899 2132 970 pendis
2172 900 2291 968 ejus
2334 901 2414 953 rei
2463 901 2661 953 famam
2706 900 2938 954 obruere
2981 900 3091 954 sint
3142 903 3348 958 conati.
3383 903 3531 969 Qua-

1939 1009 1998 1048 re
2046 992 2224 1048 Latini
2279 993 2535 1062 dcinceps
2591 993 2784 1063 synodi
2837 993 3192 1047 oecumenicac
3227 1000 3530 1051 auctorita-

1942 1095 1994 1141 te
2049 1085 2194 1151 freti,
2257 1101 2366 1140 non
2423 1086 2600 1140 solum
2671 1093 2731 1139 ut
2795 1095 2956 1141 antea
3019 1102 3154 1141 voce
3202 1097 3384 1154 tenus,
3435 1092 3530 1145 sed

1941 1178 2147 1248 scripto
2183 1177 2294 1246 jam
2333 1193 2552 1247 quoque
2584 1179 2916 1232 vocabulum
2971 1177 3214 1249 Filioque
3263 1179 3528 1249 Symbolo

1942 1269 2184 1325 inserere
2215 1278 2534 1340 potuerunt.
2571 1269 2823 1324 Nondqu
2861 1279 3043 1325 tamen
3078 1271 3349 1326 audebant
3385 1289 3534 1344 sym-

1941 1362 2124 1416 bolum
2183 1378 2308 1418 cum
2366 1365 2471 1419 ista
2528 1362 2810 1418 additione
2885 1363 3030 1417 inter
3086 1378 3248 1418 sacra
3311 1380 3531 1432 canere;

1939 1456 2032 1526 qui
2085 1459 2333 1514 restabat
2379 1468 2494 1514 tum
2535 1460 2716 1515 adhuc
2753 1461 2806 1513 in
2855 1459 3020 1516 istius
3065 1461 3363 1516 additionis
3407 1479 3536 1532 pro-

1940 1565 2132 1620 gressu
2201 1553 2401 1622 gradus
2447 1555 2667 1608 tertius.
2717 1552 2950 1607 Romani
2993 1555 3282 1622 pontiﬁces
3321 1569 3443 1608 cum
3475 1557 3534 1607 et

1941 1651 2200 1700 constare
2237 1644 2305 1699 de
2352 1645 2604 1713 dogmate
2651 1646 3028 1714 processionis
3082 1647 3256 1700 sancti
3294 1647 3534 1715 Spiritus

1943 1749 2008 1787 ex
2061 1734 2200 1789 Filio
2253 1735 2526 1798 viderent.
2574 1745 2627 1790 et
2670 1735 2988 1804 Symbolum
3033 1737 3213 1806 ipsum
3269 1739 3537 1796 haberent

1943 1825 2149 1881 diserta
2185 1826 2307 1896 ejus
2343 1828 2421 1880 rei
2459 1826 2802 1894 professione
2836 1837 3081 1891 auctum,
3116 1830 3295 1899 palam
3338 1846 3537 1899 propo-

1948 1919 2114 1973 situm
2150 1918 2443 1988 agenerali
2481 1919 2713 1989 synodo,
2750 1920 2932 1975 minus
2966 1923 3343 1976 necessarium
3380 1932 3538 1991 puta-

1947 2009 2080 2064 bant
2106 2009 2160 2064 id
2191 2010 2316 2065 addi
2343 2019 2562 2065 cantato
2583 2011 2637 2065 in
2664 2012 2896 2066 ecclesia
2925 2012 3204 2082 Symbolo,
3227 2012 3372 2082 quod
3401 2013 3538 2068 satis

1949 2102 2168 2158 aliunde
2201 2105 2253 2158 in
2281 2119 2346 2158 co
2382 2101 2608 2173 intelligi
2645 2104 3011 2159 conﬁdebant.
3037 2105 3230 2160 Esstat
3263 2105 3418 2160 istius
3445 2120 3537 2160 eo-

1951 2211 2071 2249 rum
2124 2196 2217 2250 tali
2267 2196 2332 2249 de
2368 2211 2426 2250 re
2484 2196 2678 2266 judicii
2729 2204 3146 2251 monumentum
3199 2197 3415 2252 illustre
3477 2198 3533 2251 in

1951 2271 2164 2356 primis,
2199 2289 2344 2358 quod
2396 2290 2484 2344 hic
2524 2290 2745 2344 recitari
2781 2305 2811 2345 e
2862 2306 2918 2344 re
2960 2300 3111 2360 puto.
3142 2290 3298 2345 Anno
3332 2290 3535 2344 Christi

1949 2379 2053 2434 809
2122 2381 2395 2436 celebrata
2448 2390 2533 2438 est
2585 2383 2916 2453 Aquisgrani
2970 2393 3240 2452 praesente
3297 2383 3538 2452 impera-

1953 2480 2070 2527 tore
2134 2472 2334 2527 Carolo
2392 2472 2585 2544 Magno
2641 2472 2901 2545 frequens
2937 2476 3179 2545 synodus
3227 2473 3541 2530 Gallicano-

1951 2579 2072 2617 rum
2108 2565 2274 2636 669
2318 2565 2576 2627 Patrum;
2631 2568 2724 2634 qui
2780 2576 3038 2621 accurate.
3083 2569 3358 2634 disputata
3410 2583 3541 2622 con-

1953 2661 2036 2708 tra
2090 2654 2309 2709 Crtecos
2349 2657 2731 2710 controversia
2783 2657 2850 2712 de
2901 2658 3258 2726 processione
3300 2655 3538 2726 Spiritus

1952 2749 2154 2812 sancti,
2194 2764 2316 2803 cum
2361 2749 2428 2804 de
2483 2765 2540 2803 re
2589 2751 2702 2820 ipsa
2773 2757 2832 2804 ut
2880 2752 3122 2818 oportuit
3183 2749 3538 2812 delinicrunt,

1954 2842 2264 2896 certissime
2297 2841 2594 2896 tenendum
2637 2841 2862 2912 produci
2905 2842 3166 2910 Spiiitum
3219 2851 3467 2896 sanctum
3509 2855 3539 2894 a

1953 2933 2096 2987 Filio
2143 2949 2387 3004 quoque,
2446 2944 2561 2990 tum
2601 2945 2662 2988 ut
2715 2936 3057 2990 contrarium
3100 2950 3342 2989 errorem
3401 2950 3540 3004 per-

1957 3027 2156 3081 tinacia
2213 3026 2533 3082 Graecorum
2561 3027 2670 3082 late
2719 3035 3059 3097 grassantem
3097 3027 3387 3094 clidcrent,
3440 3043 3540 3097 pe-

1957 3121 2177 3174 tendum
2215 3135 2242 3172 a
2281 3120 2536 3190 pontiﬁce
2585 3130 2919 3176 censuerunt
2950 3129 3010 3176 ut
3061 3121 3377 3192 Symbolum
3413 3136 3540 3178 cum

1955 3209 2233 3264 additione
2273 3210 2420 3266 vocis
2457 3210 2696 3291 Filioque
2739 3211 2949 3265 cantari
3000 3211 3055 3264 in
3107 3211 3339 3266 ecclesia
3383 3211 3541 3282 jube-

1960 3311 2064 3359 ret.
2108 3305 2488 3359 Pervencrnnt
2547 3305 2614 3359 ad
2670 3304 2908 3360 Leonem
2946 3306 3170 3360 tertium
3227 3307 3388 3374 legati
3437 3307 3542 3364 hoc

1960 3397 2298 3466 postulantes
2353 3412 2381 3450 a
2434 3399 2642 3467 synodo
2695 3406 2749 3453 et
2803 3397 3139 3467 imperatore
3194 3397 3371 3454 missi.
3414 3397 3545 3465 Qui-

1960 3490 2066 3544 bus
2104 3489 2212 3543 Leo
2242 3491 2544 3560 respondit.
2594 3491 2738 3560 quod
2788 3491 2852 3543 ad
2893 3491 3088 3562 degina
3136 3491 3361 3560 quidem
3415 3495 3546 3548 atti-

1960 3591 2135 3636 neret:
2192 3581 2279 3636 Ita
2332 3584 2519 3649 sentio,
2562 3583 2637 3637 ita
2679 3593 2844 3649 teneo,
2887 3585 2962 3637 ita
2999 3600 3116 3636 cum
3168 3585 3248 3637 Itis
3306 3587 3545 3640 auctori-

1962 3677 2055 3730 bus
2104 3684 2155 3730 et
2198 3692 2362 3732 sacro?
2401 3676 2696 3745 Scriptura:
2740 3677 3170 3731 auctoritatibus.
3207 3676 3264 3732 Si
3295 3681 3411 3749 quis
3445 3679 3546 3733 ali-

1962 3777 2040 3822 ter
2081 3769 2147 3824 de
2183 3771 2281 3824 liae
2334 3785 2389 3825 re
2426 3770 2621 3824 sentire
2653 3779 2702 3822 et
2737 3779 2906 3823 tenere
2942 3769 3183 3835 voluerit,
3219 3771 3464 3839 defendo;
3494 3781 3545 3826 et

1961 3863 2064 3917 nisi
2095 3879 2372 3917 conversus
2418 3863 2578 3933 fuerit
2617 3871 2665 3916 et
2715 3861 3003 3916 secundum
3041 3863 3179 3917 [tunc
3211 3881 3423 3920 sensum
3464 3874 3544 3921 te-

1962 3970 2083 4008 nere
2111 3954 2356 4020 uoluerit,
2397 3955 2668 4007 contraria
2705 3955 3012 4008 sentientem
3050 3953 3293 4022 fimditus
3330 3955 3544 4025 abjicio.
3595 3997 3614 4011 .

1961 4044 2121 4112 Quod
2156 4055 2337 4101 autem
2372 4045 2442 4100 de
2483 4045 2729 4114 jnbendo
2763 4045 2978 4100 cantari
3012 4047 3068 4099 in
3100 4047 3334 4102 ecclesia
3385 4047 3547 4120 Sym-

1964 4137 2089 4192 bolo
2145 4153 2270 4193 cum
2326 4137 2607 4192 additione
2665 4136 2908 4207 Filioque
2956 4137 3277 4205 rogabatur,
3329 4143 3548 4211 negavit

1963 4231 2068 4286 sibi
2126 4231 2298 4286 videri
2355 4233 2791 4288 concedendum.
2847 4234 2913 4287 Et
2963 4235 3302 4293 instantibus
3356 4241 3548 4310 legatis

1968 4339 2070 4396 per
2103 4323 2218 4378 haec
2262 4324 2380 4393 ipsa
2426 4325 2615 4380 verba:
2651 4323 2709 4379 Si
2745 4328 2898 4380 sciret
2930 4331 3226 4395 paternitas
3260 4341 3352 4387 tua
3381 4349 3552 4401 quan-

1967 4426 2021 4471 ta
2061 4429 2184 4471 sunt
2229 4416 2383 4472 hodie
2417 4419 2586 4471 millia
2618 4419 2670 4471 id
2701 4422 2974 4474 scientiam
3007 4423 3132 4490 quia
3159 4435 3426 4491 cantatur,
3459 4427 3551 4496 qui

1968 4527 2237 4577 nunquam
2276 4512 2465 4564 scituri
2495 4522 2663 4566 essent
2697 4513 2801 4566 nisi
2834 4525 3164 4582 cantaretur,
3207 4517 3432 4586 fortasse
3460 4536 3554 4573 no-

269 4604 341 4670 τῇ
405 4599 610 4670 ἐεδόμῃ
662 4601 858 4668 συνόδῳ
923 4603 1068 4656 ἐστὶν
1133 4604 1191 4654 ἐν
1241 4602 1445 4674 βιὸλίῳ.
1486 4605 1848 4680 παλαιοτάτῳ,

1961 4606 2168 4658 biscum
2210 4613 2434 4671 teneres,
2465 4615 2512 4658 et
2557 4604 2612 4658 id
2653 4615 2742 4658 tuo
2770 4608 2930 4661 etiam
2975 4626 3229 4663 consensu
3261 4620 3318 4664 ut
3366 4623 3554 4667 canta"

267 4695 373 4745 ,καὶ
432 4690 694 4744 ἀδύνατον
749 4693 1045 4761 ὑπονοῆσαι
1098 4695 1348 4761 γενέσθαι
1399 4697 1521 4748 τινὰ
1560 4697 1858 4770 ἐναλλαγὴν

271 4785 334 4835 ἐν
365 4783 534 4853 αὐτῷ.
575 4784 815 4852 Ἕχομεν
855 4783 911 4836 δὲ
961 4783 1234 4854 ἱστορικὸν
1288 4784 1454 4854 ἄνδρα
1505 4789 1735 4840 παλαιὲν
1768 4790 1862 4842 καὶ

273 4878 467 4945 σοφὸν,
557 4877 872 4945 γεγραφότα
943 4880 1073 4947 περὶ
1124 4877 1334 4930 πολλῶν
1388 4877 1587 4941 ἄλλων,
1636 4881 1730 4934 καὶ
1796 4881 1861 4952 δὴ

273 4969 534 5038 καὶπερὶ
573 4968 766 5019 τούτου
812 4967 1123 5035 διειληφότα
1151 4969 1232 5020 ὅτι
1278 4969 1340 5021 τὸ
1388 4968 1656 5040 σύμϐολον
1687 4971 1862 5035 οὕτως

272 5059 502 5130 ἐξετέθη
531 5061 624 5112 καὶ
665 5059 979 5128 ἀνεγνώσθη
1025 5063 1174 5129 παρὰ
1213 5060 1313 5130 τῆς
1345 5061 1580 5130 ἑϐδόμης
1621 5063 1859 5120 σννῦὃου.

271 5154 630 5208 Serenissime
661 5156 966 5219 imperator,
1003 5154 1270 5220 prolatum
1303 5171 1332 5207 a
1367 5154 1512 5206 nobis
1558 5153 1864 5224 Symbolum

277 5247 334 5297 in
369 5245 595 5312 septima
633 5247 834 5311 synodo
866 5252 942 5294 est
975 5244 1026 5294 in
1060 5243 1192 5296 libro
1236 5246 1627 5315 antiquissimo,
1661 5263 1751 5298 nec
1779 5264 1865 5300 co-

273 5336 442 5404 gitari
472 5345 566 5386 aut
617 5334 789 5402 excipi
832 5350 947 5386 cum
1001 5335 1345 5403 fundamento
1379 5347 1545 5404 potest
1581 5339 1865 5392 alteratum

277 5435 378 5480 aut
425 5434 733 5492 corruptum
790 5426 844 5476 id
902 5425 1170 5492 exentplor
1203 5427 1386 5494 fuisse.
1450 5426 1718 5481 llabemns
1772 5444 1868 5481 au-

277 5527 388 5572 tem
449 5518 786 5580 historicum,
845 5519 1076 5585 priscum
1140 5518 1400 5572 hominem
1455 5530 1500 5572 et
1557 5522 1865 5589 sapientem,

278 5613 375 5682 qui
409 5627 531 5664 cum
559 5612 621 5664 de
655 5611 778 5664 aliis
824 5612 1069 5680 plurimis
1121 5613 1356 5679 scripsit.
1395 5623 1502 5665 tum
1532 5613 1593 5665 de
1624 5616 1719 5666 hoc
1747 5631 1870 5683 pro-

277 5705 395 5774 prie
421 5708 484 5757 de
514 5720 614 5773 quo
657 5719 793 5756 nunc
825 5705 1026 5773 agitur,
1054 5705 1323 5773 affirmavit
1357 5705 1659 5776 Symbolum
1689 5708 1765 5759 sic
1787 5721 1874 5758 ex—

277 5799 518 5866 positum
550 5806 597 5848 et
645 5795 835 5847 lectum
883 5797 1021 5865 apud
1073 5797 1348 5864 septimam
1391 5797 1556 5864 fuisse
1593 5798 1871 5865 synodum,

286 5892 363 5942 lix
409 5889 493 5943 his
538 5887 810 5940 habemus
863 5887 1000 5939 satis
1068 5897 1219 5940 cor-to
1281 5896 1538 5941 constare
1595 5887 1870 5944 Nicxnam

619 5983 889 6045 l‘nnoL.
940 5983 1053 6045 Gn.
1094 5983 1182 6042 CX
1198 5979 1261 6042 Ll
1277 5985 1325 6045 ll

1965 4707 2110 4752 retur
2134 4699 2510 4769 acquiesceres;
2538 4703 2819 4770 respondit
2849 4702 2956 4756 Leo
2989 4719 3003 4754 :
3040 4701 3260 4756 Interim
3297 4706 3550 4759 assentio.

1975 4791 2164 4846 Verum
2196 4802 2394 4852 tamen.
2422 4810 2620 4862 quteso,
2652 4795 2904 4862 responde
2939 4797 3066 4848 milii
3101 4813 3119 4850 :
3162 4813 3284 4850 nunt
3312 4800 3554 4852 universa

1965 4883 2274 4952 hujusmodi
2304 4884 2426 4951 ﬁdei
2463 4885 2689 4952 mystica
2732 4897 3092 4949 sacramenta,
3137 4903 3255 4952 qua:
3301 4887 3552 4958 Symbolo

1967 4989 2069 5026 non
2123 4975 2486 5040 ccutinentur,
2521 4977 2634 5029 sine
2669 4977 2859 5045 quibus
2913 4979 3150 5046 quisque,
3201 4975 3291 5045 qui
3334 4979 3402 5032 ad
3457 4980 3553 5034 ltoc

1966 5065 2254 5134 pertingere
2286 5076 2474 5133 potest,
2517 5067 2806 5122 catholcus
2844 5086 2956 5123 esse
2987 5087 3087 5122 non
3117 5081 3305 5139 potest.
3344 5074 3556 5142 symbo-

1967 5154 2036 5207 lis
2084 5155 2382 5220 insercnda,
2415 5165 2465 5211 et
2512 5169 2720 5226 propter
2773 5161 3137 5228 compendium
3185 5164 3358 5218 minus
3399 5166 3555 5219 intel-

1971 5245 2271 5316 ligentium,
2324 5259 2379 5301 ul
2429 5251 2615 5318 cuique
2661 5252 2897 5317 libuerit,
2943 5254 3187 5308 addenda
3234 5257 3402 5309 sunt?
3437 5257 3554 5311 Ali-

1971 5349 2178 5407 quanto
2227 5349 2352 5407 post
2385 5340 2544 5408 legati
2595 5343 2672 5395 sic
2704 5345 2880 5398 aiunt:
2932 5344 3071 5412 Ergo
3123 5357 3175 5400 ut
3221 5347 3385 5409 rideo,
3418 5347 3552 5401 illud

1973 5447 2004 5483 a
2055 5441 2225 5485 rostra
2273 5435 2586 5498 paternitate
2618 5434 2938 5498 tlecernitur,
2977 5450 3033 5490 ut
3083 5439 3253 5504 primo
3303 5439 3434 5492 illud
3491 5440 3555 5494 de

1971 5537 2071 5591 quo
2120 5525 2338 5591 quazstio
2372 5525 2572 5591 agitur,
2624 5526 2688 5578 de
2729 5544 2865 5594 sa'pe
2921 5528 3033 5596 [ato
3083 5527 3330 5597 Symbolo
3387 5529 3555 5600 (quod

1974 5627 2170 5680 nempe
2203 5613 2399 5681 legitur
2434 5615 2486 5666 in
2523 5615 2777 5682 ecclesia)
2815 5617 3058 5678 tollatur.
3088 5617 3169 5690 [P.
3207 5619 3400 5692 4L91et
3431 5631 3556 5676 tunc

1973 5701 2184 5756 demum
2214 5721 2243 5754 a
2271 5705 2501 5772 quolibet
2528 5707 2671 5761 licito
2711 5721 2760 5762 et
2789 5709 2968 5775 libere,
2997 5713 3106 5765 sive
3147 5713 3412 5767 cantando
3448 5715 3557 5770 sive

1976 5795 2256 5859 tradendo,
2283 5797 2524 5851 discatur
2547 5809 2595 5853 et
2621 5801 2872 5854 doceatur
2905 5804 3080 5874 (extra
3113 5813 3330 5858 cantum
3363 5804 3557 5860 videli-

1978 5897 2064 5943 cet
2096 5889 2666 5964 ccclesiasticum,qui
2697 5895 2838 5950 inter
2870 5911 3029 5952 sacra
3055 5895 3154 5966 lit).
3183 5896 3264 5952 Ad
3303 5911 3423 5968 quae
3455 5910 3556 5975 pa-

3081 5990 3156 6052 36
