3992 6534
458 440 590 506 1131

457 574 528 630 pa
562 551 826 624 reposuit:
869 546 950 601 Ita
995 543 1177 615 procul
1217 541 1375 595 dubio
1408 557 1436 593 a
1474 547 1652 592 nostra
1685 541 1804 606 part

455 629 626 710 nitur;
677 644 753 697 ita
796 652 996 712 quoque
1057 645 1115 690 ut
1162 651 1193 688 a
1237 640 1410 687 vestra
1469 629 1816 690 assentimur,
1872 638 1904 674 a
1958 633 2050 673 no-

461 739 542 794 bis
581 710 880 792 ontninodis
927 726 1201 784 suadetur.
1241 724 1364 778 llzec
1395 738 1462 778 ex
1495 721 1635 775 actis
1659 719 1807 774 illius
1854 710 2053 783 Aquis-

463 827 752 901 graneusis
789 821 1034 884 concilii,
1077 836 1106 874 a
1155 816 1474 879 Sirmondo,
1530 823 1664 866 tom.
1694 809 1734 863 ll
1778 805 2052 862 Concilio—

463 937 586 978 rum
615 919 806 976 Gallia:
838 915 1024 979 editis,
1059 910 1476 980 descripsimus.
1517 907 1577 960 In
1609 903 1819 974 quilms
1851 899 2044 954 obscre

463 1019 585 1075 vari
630 1031 810 1088 operte
843 1012 1082 1084 pretium
1121 1011 1214 1074 sit,
1253 1005 1507 1075 usurpari
1541 1001 1762 1072 qttidctn
1796 997 1903 1068 jam
1939 1004 2052 1049 tum

467 1115 526 1169 in
565 1111 740 1166 Gallia
795 1114 1036 1177 cor-ptum
1099 1111 1160 1157 ut
1220 1099 1538 1172 Symbolum
1597 1109 1720 1147 cum
1777 1087 2055 1144 additione

467 1202 724 1260 vocabuli
780 1199 1026 1268 Filioque
1057 1198 1109 1250 in
1142 1192 1392 1250 ecclesiis
1430 1191 1574 1244 inter
1621 1199 1776 1240 sacra
1826 1195 2054 1236 canere-

470 1308 587 1352 tur.
639 1296 697 1350 Η
749 1294 897 1348 enim
955 1292 1194 1344 innuunt
1250 1286 1340 1340 illa
1402 1282 1566 1338 verba
1607 1279 1932 1348 legatorum:
1996 1269 2058 1326 Si

470 1393 628 1446 sciret
674 1387 968 1456 paternitas
1021 1393 1110 1436 tua
1149 1390 1350 1452 quanta
1403 1387 1524 1430 sum
1579 1375 1734 1428 hodie
1782 1368 1950 1424 millia
2002 1365 2058 1418 id

473 1482 755 1538 scientiam
805 1480 928 1545 quia
965 1484 1236 1529 cantatur.
1269 1470 1376 1524 Sed
1425 1469 1572 1523 hunc
1625 1480 1836 1519 morem
1877 1478 1904 1515 a
1939 1460 2057 1516 R0-

475 1587 640 1628 mano
699 1571 962 1638 pontiﬁce
1001 1566 1241 1620 nomium
1294 1571 1426 1616 tunc
1483 1559 1649 1613 fuisse
1699 1554 2060 1626 approbatum

477 1667 586 1735 ipsi
622 1665 716 1735 qui
777 1660 1117 1729 usurpabant
1165 1664 1386 1719 norant,
1435 1653 1562 1706 dum
1619 1652 1738 1717 ejus
1792 1643 2064 1716 approba-

474 1763 680 1816 tionem
739 1764 936 1829 petunt
981 1753 1044 1807 Et
1098 1752 1318 1822 quidem
1379 1748 1466 1803 hic
1513 1743 1762 1818 pontich
1826 1740 1938 1794 Leo
1996 1735 2064 1791 lll

477 1853 614 1908 adeo
646 1851 747 1906 fuit
783 1851 836 1904 in
879 1849 980 1902 hoc
1031 1843 1319 1917 proposito
1357 1841 1518 1906 ﬁxus,
1573 1848 1651 1902 ttt,
1689 1834 1834 1904 quod
1867 1832 2064 1886 Petrus

478 1944 822 1999 Lombardus
855 1941 891 1994 l.
929 1956 944 1992 t
981 1935 1402 2000 Sententiarum,
1473 1931 1603 1986 dist.
1674 1927 1735 1982 il
1804 1932 2060 1987 testatur,

475 2035 875 2100 transcriptum
935 2027 1180 2102 Symboli
1253 2027 1373 2080 sine
1437 2022 1718 2078 additione
1799 2016 2064 2083 Filioque,

480 2127 644 2198 quale
685 2125 946 2179 nimirum
1003 2122 1056 2175 in
1103 2120 1270 2172 missa
1315 2116 1524 2171 cantari
1574 2112 1796 2166 omnino
1832 2109 2066 2167 volebat,

480 2219 770 2290 reliquerit
825 2217 879 2270 in
946 2213 1134 2269 tabula
1203 2218 1466 2280 argentea
1519 2215 1642 2275 post
1699 2205 1868 2259 altare
1929 2199 2070 2256 beati

480 2310 662 2364 Pauli.

555 2404 889 2461 Perventum
946 2407 1129 2452 tamen
1183 2393 1479 2465 aliquando
1515 2390 1583 2446 ad
1633 2391 1796 2444 istum
1847 2384 2072 2441 tertium

487 2509 818 2569 progressus
889 2491 944 2545 in
997 2487 1298 2544 additionis
1345 2485 1567 2554 negotio
1623 2479 1852 2548 gradum
1907 2478 2077 2531 fuisse

487 2589 842 2648 manifestum
878 2591 984 2648 est,
1037 2590 1099 2635 ut
1149 2580 1436 2642 nimirum,
1464 2575 1632 2646 670
1675 2573 1838 2627 etiam
1876 2571 2078 2639 appro-

486 2691 652 2744 bante
705 2681 968 2756 pontillee
1017 2679 1289 2743 Romano,
1354 2671 1674 2744 Symbolum
1731 2683 1856 2722 cum
1925 2664 2082 2719 addi-

489 2787 736 2835 tamento
798 2775 1040 2844 Filioque
1093 2769 1238 2824 inter
1301 2781 1456 2820 sacra
1503 2771 1818 2818 caneretur.
1877 2757 1918 2812 Δ
1971 2770 2080 2826 quo

491 2881 676 2928 autem
725 2869 778 2924 id
837 2871 1074 2938 primum
1128 2843 1385 2932 pontilice
1445 2855 1611 2911 fuerit
1643 2853 1963 2912 admissum,
2001 2848 2082 2902 inc

493 2976 706 3022 certum
771 2968 876 3016 est.
934 2956 1217 3013 Nicolaum
1251 2959 1306 3006 et
1346 2945 1648 3004 Adrianum
1703 2944 1926 3015 quidam
1985 2957 2086 2994 no-

494 3061 731 3114 minant.
767 3052 874 3110 Sed
927 3049 1176 3106 Andreas
1221 3043 1469 3098 Rhodius
1499 3054 1717 3096 causam
1763 3036 2083 3090 Latinorum

497 3165 663 3222 agens
715 3147 774 3202 in
823 3143 1062 3200 concilio
1113 3135 1441 3206 florentino
1494 3133 1560 3186 de
1618 3141 1853 3200 utroque
1899 3137 2081 3198 negat,

1373 426 1434 486 Ρ.
1481 417 1786 484 POSSINI
1827 401 2475 473 OBSERVATIONUM
2521 398 2669 459 LIB.
2713 396 2798 456 Il.

1810 548 1836 584 c
1869 529 2044 582 decer-
2073 521 2118 580 A
2149 517 2361 589 deiecto
2417 531 2484 571 ex
2541 529 2603 569 ea
2649 522 2704 566 et
2741 512 2969 566 detruso
3004 507 3058 562 in
3103 519 3380 562 carcerem
3419 503 3598 558 Leone
3643 503 3719 564 γ.

3585 381 3717 447 1132

2151 625 2384 680 eamque
2443 623 2540 677 per
2591 621 2686 660 sex
2743 615 2960 658 menses
3015 597 3213 655 tenuit.
3276 596 3407 650 P0st
3444 609 3581 663 quos
3633 609 3722 647 ex-

2152 705 2313 776 pulso
2358 709 2413 756 et
2467 704 2520 754 in
2574 695 2791 751 vincula
2843 694 3091 762 conjecto
3152 686 3551 756 Christophoro
3604 682 3724 739 Ser-

2154 795 2278 866 gius
2328 791 2395 847 Ill
2445 790 2641 844 iterum
2705 784 3062 855 apostolicum
3109 781 3369 834 thronum
3418 776 3642 835 insedit.
3671 774 3725 828 in

2155 901 2334 956 eoque
2375 883 2615 954 perstitit
2659 894 2832 949 usque
2882 876 2950 931 ad
2991 883 3219 928 mortem
3250 887 3425 932 suam.
3458 884 3580 939 quae
3605 883 3729 922 con-

2157 981 2278 1048 tigit
2329 978 2565 1032 triennio
2615 983 2757 1039 post,
2819 984 2965 1025 anno
3017 967 3221 1022 Christi
3281 963 3408 1020 910.
3451 961 3582 1016 Μιιιὶ
3626 975 3727 1014 non

2157 1071 2376 1125 videtur
2423 1063 2786 1121 inverisinﬁle
2831 1060 3109 1116 Andream
3161 1056 3434 1112 Rhodium
3487 1053 3725 1108 Graecum

2158 1165 2440 1218 hominem
2481 1157 2725 1230 ejusdem
2768 1156 2926 1209 istius
2970 1151 3142 1208 Grzeci
3185 1147 3589 1206 commentarii.
3645 1159 3731 1197 cu-

2155 1259 2246 1328 jus
2298 1253 2580 1321 exemplar
2634 1248 2828 1303 habuit
2871 1247 3159 1310 Baronius,
3215 1245 3466 1299 notitiam
3521 1239 3733 1293 habuis-

2161 1366 2242 1416 se;
2293 1350 2542 1417 adeoque
2589 1357 2888 1399 memorem
2925 1339 3060 1411 quid
3103 1339 3178 1393 ibi
3228 1338 3474 1405 legisset,
3507 1347 3572 1388 ea
3623 1347 3734 1402 que

2163 1439 2558 1508 descripsimus
2609 1436 2662 1488 in
2701 1432 2938 1489 concilio
2985 1430 3190 1484 dixisse
3220 1465 3237 1492 ,
3273 1425 3611 1480 abstinu’sse
3647 1437 3734 1475 au-

2166 1543 2272 1587 lem
2308 1547 2337 1586 a
2369 1531 2648 1586 mentione
2681 1521 3012 1581 distinctiori
3039 1535 3189 1591 papre
3217 1513 3625 1585 Christophori,
3659 1511 3734 1564 vel

2165 1613 2311 1694 quod
2346 1629 2562 1692 putaret
2595 1619 2922 1688 scriptorem
2963 1615 3118 1669 illum
3169 1611 3421 1667 Grreenm
3472 1608 3527 1660 in
3563 1619 3628 1658 eo
3661 1619 3740 1658 er-

2166 1733 2340 1782 rasse,
2362 1712 2752 1770 coniundendo
2773 1725 2896 1764 eum
2919 1723 3043 1763 cum
3067 1721 3168 1761 suo
3189 1717 3512 1760 successore
3542 1707 3634 1753 aut
3655 1713 3740 1766 pe.-

2170 1813 2279 1866 tius
2304 1809 2596 1878 expulsare
2622 1804 2836 1874 Sergio;
2865 1801 2945 1856 vel
2980 1798 3126 1870 quod
3177 1799 3466 1864 utriusque
3521 1793 3738 1846 istorum

2170 1913 2278 1958 tam
2323 1900 2600 1954 maculosa
2649 1901 2782 1961 vita,
2833 1903 2944 1949 tam
2989 1892 3132 1946 {mea
3175 1889 3446 1943 memoria
3487 1891 3655 1946 esset,
3688 1891 3740 1935 ut

2169 1993 2224 2060 in
2271 2005 2532 2047 consessu
2566 1999 2673 2044 tam
2720 1987 2894 2058 gravi,
2947 1985 3035 2038 cui
3083 1981 3386 2051 prtescrtim
3419 1981 3742 2034 interessent

2170 2087 2326 2140 tnnlti
2376 2099 2570 2153 parum
2607 2083 2748 2149 inqui
2791 2083 3050 2134 Romanae
3089 2076 3372 2136 Ecclesiae,
3420 2073 3510 2126 illa
3569 2069 3740 2125 infeli-

2171 2178 2520 2233 cissimorum
2561 2177 2684 2244 ejus
2729 2185 3036 2242 temporum
3088 2167 3292 2238 probra
3340 2164 3610 2219 reirirare
3641 2177 3742 2216 me-

2173 2269 2446 2326 morando
2493 2285 2604 2323 non
2641 2267 2871 2321 duceret
2915 2273 3310 2335 opportunum.
3347 2258 3565 2314 Recitat
3615 2255 3742 2309 idem

2175 2365 2441 2421 Baronius
2491 2363 2559 2417 ad
2611 2376 2818 2416 annuat
2870 2358 3073 2414 Christi
3129 2353 3614 2427 nongentesimum
3660 2363 3741 2402 no-

2178 2474 2328 2520 num,
2372 2460 2462 2526 qui
2501 2456 2617 2510 fuit
2660 2453 2936 2509 secundus
2966 2451 3140 2521 Sergii
3193 2449 3282 2513 ill,
3331 2445 3628 2500 concilium
3670 2455 3740 2494 ce-

2177 2553 2452 2609 lebratum
2509 2550 2562 2603 in
2605 2565 2744 2619 pago
2781 2549 2896 2601 sive
2946 2543 3229 2616 provincia
3260 2533 3670 2598 Suessionensi,
3699 2533 3745 2584 in

2179 2648 2300 2702 loco
2348 2644 2596 2698 Troslcio
2655 2642 2822 2701 dicto,
2869 2637 3201 2709 prtesitlentc
3248 2634 3464 2689 llcrveo
3495 2628 3753 2696 archiepiv

2181 2754 2350 2807 scopo
2411 2733 2929 2803 Rhemensi.671
3002 2746 3169 2793 anno,
3201 2737 3262 2782 ut
3314 2728 3392 2781 ibi
3462 2725 3516 2778 in
3581 2722 3746 2776 fronte

2183 2831 2488 2889 set-ibitur,
2532 2826 2824 2880 Dominicre
2894 2823 3278 2877 incarnationis
3373 2816 3750 2888 nongentesimo

2181 2937 2339 2984 nono,
2402 2919 2685 2974 indictione
2757 2915 3090 2978 duodecima,
3157 2913 3222 2984 [Ρ
3255 2910 3381 2982 bili]
3476 2918 3618 2962 sexto
3650 2904 3752 2961 Ka-

2189 3015 2373 3070 lendas
2427 3014 2618 3068 mensis
2651 3011 2804 3066 Julii.
2842 3010 2900 3064 In
2937 3024 3047 3080 quo
3087 3007 3388 3077 praesidens
3427 3001 3634 3075 synodo
3677 3017 3754 3054 ar-

2189 3109 2579 3177 chiepiscopus
2628 3113 2753 3174 post
2811 3103 2983 3158 multa
3041 3117 3164 3168 quae
3223 3098 3484 3170 preponit
3537 3096 3638 3149 alia
3687 3094 3750 3146 ibi

497 3191 663 3222 μου...
826 3191 1055 3200 νην---
1766 3191 1779 3200 _
1974 3191 1999 3198 ν
2068 3191 2076 3194 ν

497 3243 758 3316 quoniam
800 3246 1058 3293 neutrum
1101 3249 1167 3288 eo
1200 3231 1423 3284 nomine
1450 3226 1679 3281 Photius
1716 3221 2081 3285 accusaverit,

2195 3201 2502 3262 tractanda,
2563 3198 2669 3252 hoc
2721 3211 2942 3266 quoque
2997 3195 3066 3250 de
3117 3191 3496 3248 controversia
3545 3201 3753 3260 proces-

2196 3294 2362 3316 -:-_:_
2415 3291 2652 3316 n‘2‘h..-
2700 3288 2872 3316 ...ι-.-.ιζ
2914 3295 3179 3316 ...Ληαηηιι
3244 3283 3329 3316 hia
3363 3281 3565 3316 ven-hi:-
3623 3279 3753 3316 Qum!

497 3335 821 3416 neutiquam
851 3331 919 3384 de
953 3327 1046 3382 tali
1073 3343 1152 3392 re,
1174 3325 1218 3379 si
1252 3331 1399 3378 esset
1430 3337 1581 3387 vera,
1610 3319 1901 3374 taciturus.
1924 3315 2090 3369 Addit

501 3408 652 3485 idem
695 3425 964 3488 Andreas,
1019 3435 1178 3476 conc.
1239 3419 1385 3472 Flor.
1443 3430 1578 3469 sess.
1632 3414 1685 3476 7,
1737 3427 1790 3481 p.
1849 3410 1952 3463 1‘29.
1999 3407 2088 3464 ed.

501 3525 692 3591 Reg.:
741 3517 808 3570 Ἦ
887 3513 1173 3584 Ῥωμαιῖκὴ
1238 3506 1535 3578 Ἐκκ)ησία
1587 3503 1910 3575 ἠναγκάσθη
1973 3501 2094 3571 βλέ-

503 3630 682 3668 πουσα
733 3610 822 3662 τὸν
878 3604 1229 3674 ἐπικείμενον
1279 3600 1455 3670 μέγαν
1505 3595 1772 3650 κίνδυνον·
1830 3591 2096 3662 stlta).er

505 3707 616 3776 γὰρ
671 3702 772 3776 ἢδη
823 3701 881 3752 ὲν
919 3699 1040 3758 ταῖς
1088 3692 1345 3754 Palliai;
1384 3690 1476 3743 καὶ
1540 3687 1867 3747 Ἱππανεαις.
1931 3679 2093 3734 Ὥστε

507 3802 704 3871 ἦρετεν
757 3793 954 3860 ἐκείνῳ
989 3789 1068 3860 τῷ
1101 3788 1254 3858 ἄκρῳ
1307 3783 1578 3855 ἀρχιερεῖ,
1615 3779 1754 3852 μετὰ
1804 3775 2093 3848 συνεδρίου

508 3889 723 3945 nanti»)
779 3884 1039 3954 Πατέρων
1102 3877 1336 3934 δυτικῶν
1383 3875 1493 3928 τῶν
1545 3871 1846 3941 γεγονότων
1893 3868 1956 3921 οὐ
2015 3883 2102 3934 μι-

510 3981 647 4054 κροὖ
677 3977 988 4046 ἀξιώματος
1023 3971 1056 4043 ἦ
1097 3969 1282 4036 ὀλίγου
1309 3961 1570 4036 ἀριθμοῦ,
1613 3956 1920 4022 ἀναπτύξαι
1959 3955 2102 4007 ἐκεῖ-

511 4049 571 4132 vo
599 4077 628 4130 ὃ
684 4073 940 4140 λέγομεν,
993 4065 1087 4119 καὶ
1134 4063 1207 4124 ὡς
1259 4061 1316 4112 ὲν
1357 4056 1438 4126 τῷ
1487 4052 1755 4124 Συμδόλῳ
1800 4049 2098 4119 ψάλλομενο

513 4169 714 4226 Coacta
743 4168 818 4217 est
864 4157 1099 4214 Ecclesia
1135 4151 1376 4206 Romana
1417 4145 1729 4217 (admittere
1777 4149 1840 4196 ut
1877 4151 2104 4196 canere-

514 4271 609 4314 tur
643 4253 962 4328 Symbolum
997 4260 1123 4301 cum
1172 4240 1452 4296 additione
1502 4233 1776 4306 Filioque)
1811 4247 1929 4286 cum
1983 4245 2104 4284 ma-

510 4368 678 4425 gnum
730 4347 925 4402 videret
966 4337 1272 4410 impendere
1313 4330 1608 4400 periculum
1640 4347 1657 4384 :
1680 4329 1797 4398 jam
1839 4327 1981 4380 enim
2017 4341 2107 4378 ca-

520 4419 746 4499 uebatur
798 4440 855 4492 in
894 4434 1082 4492 Galliis
1113 4439 1162 4484 et
1191 4427 1486 4496 Hispaniis.
1512 4422 1692 4488 Quare
1731 4419 1931 4490 placuit
1961 4432 2108 4472 sunt-

519 4553 606 4590 mo
667 4531 752 4587 illi
821 4525 1078 4600 pontiﬁci,
1147 4537 1262 4575 cum
1317 4517 1610 4572 multorum
1680 4508 2106 4567 Occidentalium

2193 3294 2365 3348 sionis
2415 3291 2654 3361 Spiritus
2699 3288 2872 3344 sancti
2914 3295 3203 3360 memorat,
3244 3283 3332 3338 his
3363 3281 3567 3337 verbis:
3622 3279 3755 3334 Sane

2195 3388 2320 3458 quia
2382 3385 2612 3438 innotuit
2663 3381 2810 3434 nobis
2859 3387 3046 3432 sancta
3089 3377 3237 3430 sedes
3271 3371 3561 3444 apostolica
3601 3369 3754 3422 adhuc

2197 3496 2402 3534 errores
2453 3486 2506 3532 et
2564 3477 2918 3546 blasphemia:
2957 3472 3236 3543 cujusdam
3283 3470 3458 3539 vigere
3505 3463 3673 3519 Plautii
3710 3464 3753 3515 in

2198 3575 2435 3646 partibus
2481 3571 2733 3632 Orientis,
2774 3569 2826 3622 in
2862 3566 3118 3637 Spiritum
3169 3573 3433 3624 sanctum,
3479 3557 3622 3632 quod
3663 3573 3755 3613 non

2201 3685 2233 3722 α
2275 3666 2434 3730 Filia,
2487 3664 2590 3719 nisi
2643 3668 2856 3716 tantum
2909 3674 2972 3713 ea;
3012 3657 3177 3711 Patre
3213 3655 3487 3727 procedat,
3537 3651 3756 3722 blasphe-

2199 3761 2416 3823 mantis,
2479 3760 2759 3812 hortamur
2817 3763 3045 3809 uestram
3091 3751 3488 3820 fraternitatem
3542 3753 3597 3799 ut
3663 3759 3756 3798 una

2175 3867 2426 3915 .mecum,
2469 3848 2757 3903 secundum
2809 3846 3225 3900 admonitionem
3269 3839 3474 3893 domini
3525 3835 3757 3892 Romana:

2201 3944 2340 3999 sedis
2387 3941 2648 4012 praesidis,
2693 3937 2892 4008 singuli
2939 3946 3176 3990 nostrum
3227 3931 3510 4005 perspectis
3557 3929 3758 3984 Pomm

2193 4035 2586 4091 catholicorum
2614 4033 2910 4093 sententiis,
2953 4031 3016 4083 de
3057 4029 3248 4082 divime
3277 4024 3570 4094 Scriptum
3597 4025 3762 4093 pltare-

2205 4132 2301 4185 tris
2345 4139 2530 4184 acutas
2564 4126 2898 4196 proferamus
2935 4123 3184 4192 sagittas,
3227 4128 3464 4191 potentes
3507 4119 3576 4172 ad
3614 4113 3761 4178 conﬁ-

2205 4219 2446 4275 ciendam
2477 4216 2704 4272 belluam
2734 4215 2957 4269 monstri
2995 4209 3317 4264 renascentis
3343 4215 3392 4260 et
3419 4207 3487 4260 ad
3516 4203 3762 4259 terebratro

2207 4316 2337 4370 dum
2375 4320 2532 4382 caput
2572 4309 2875 4379 nequissimi
2903 4305 3179 4376 serpentis.
3230 4299 3356 4355 Hane
3393 4299 3492 4364 ibi;
3529 4313 3646 4367 quae
3677 4295 3761 4348 Ba-

2210 4408 2402 4463 ronius
2429 4403 2720 4472 descripsit
2756 4415 2823 4456 ex
2854 4399 3041 4452 codice
3078 4394 3300 4451 Antonii
3339 4393 3647 4459 Augustini.
3689 4403 3764 4442 ae-

2206 4509 2372 4572 cepto
2409 4514 2476 4553 ex
2530 4495 2864 4558 bibliotheca
2919 4492 2976 4548 S.
3014 4489 3247 4560 Remigii
3306 4487 3651 4542 lihemensis.
3701 4484 3764 4536 l-‘x

521 4630 770 4684 Patrum'
811 4635 1074 4683 consessu,
1129 4615 1220 4686 qui
1279 4628 1372 4666 nec
1447 4609 1710 4680 dignitate
1765 4611 1944 4658 tenues
2012 4587 2298 4656 necDbis
2331 4593 2460 4646 licet
2487 4581 3346 4658 suspicari,iucrebresceutibus
3373 4595 3472 4649 per
3502 4575 3765 4646 Hispanias

521 4721 712 4776 modici
763 4723 916 4772 erant
969 4725 1209 4766 numero.
1257 4703 1395 4759 illud
1448 4700 1714 4771 explicare
1773 4698 1910 4769 quod
1973 4695 2108 4750 dici-

523 4829 661 4876 mus,
698 4819 746 4864 et
803 4807 938 4862 sicut
981 4803 1038 4856 in
1085 4796 1330 4870 Symbolo
1384 4795 1647 4848 canimus.
1703 4791 1819 4845 Hoc
1871 4795 1975 4853 est,
2017 4786 2113 4842 de-

525 4918 752 4960 cernere
807 4907 868 4953 ut
925 4896 1188 4960 deinceps
1243 4902 1346 4941 vox
1409 4883 1656 4954 Filioque
1722 4879 1984 4951 Symbolo
2054 4877 2110 4932 in

528 4995 762 5055 ecclesia
813 4995 1033 5045 cantato
1085 4981 1406 5038 adderetur.
1456 4974 1590 5042 Quis
1628 4972 1796 5028 fuerit
1832 4969 1934 5024 iste
1966 4981 2116 5024 sum-

529 5108 652 5148 mus
705 5085 953 5158 pontifex
1003 5094 1113 5135 non
1165 5074 1441 5130 indicatus
1492 5069 1585 5122 hic
1631 5063 1978 5128 nominatim,
2021 5059 2116 5115 ad-

529 5189 639 5241 huc
674 5155 1116 5246 investigandum
1171 5173 1447 5236 superest.
1496 5159 1765 5214 Baronius
1795 5155 1860 5210 ad
1909 5154 2113 5208 annum

527 5266 734 5335 Christi
798 5273 903 5326 883
942 5270 1032 5338 (p.
1071 5265 1174 5320 596
1226 5261 1316 5314 ed.
1372 5257 1533 5310 Rom.
1574 5254 1700 5307 anni
1735 5249 1906 5318 160:2)
1949 5247 2117 5303 refert

533 5371 591 5424 in
632 5381 734 5420 sua
774 5359 1108 5416 bibliotheca
1142 5348 1495 5406 Vallieellana
1543 5341 1814 5398 asservari
1861 5339 2117 5393 volumen

533 5459 820 5528 antiquum
873 5449 1046 5506 Graeci
1103 5441 1344 5500 auctoris
1385 5434 1670 5506 auonymi,
1711 5431 1806 5512 qui
1856 5429 2117 5484 distincte

530 5521 768 5607 aﬂlrmat
806 5542 1141 5599 additionem
1181 5536 1330 5590 vocis
1386 5530 1632 5599 Filioque
1689 5526 1756 5580 ad
1799 5521 2118 5593 Symbolum

533 5642 682 5714 quod
725 5639 943 5694 canitur
998 5634 1054 5688 in
1093 5627 1349 5691 ecclesia,
1419 5625 1660 5694 primum
1717 5614 2014 5672 admissam
2067 5619 2124 5665 et

538 5741 815 5795 decretam
871 5745 900 5782 a
953 5721 1352 5789 Christopltoro
1418 5729 1580 5786 papa.

611 5825 710 5880 Hic
739 5817 1192 5887 Christrtpborus,
1243 5819 1305 5864 ut
1351 5809 1496 5863 idem
1548 5805 1815 5860 Duronius
1851 5799 1979 5854 alibi
2030 5797 2127 5851 clo—

537 5929 652 5985 L‘et.
703 5920 1000 5977 Romanam
1057 5905 1240 5962 sedem
1293 5901 1490 5957 invasit
1552 5914 1695 5954 anno
1752 5893 1952 5953 Christi
1997 5892 2120 5957 ΜΠ,

2211 4693 2268 4738 et
2294 4681 2497 4738 Gallias
2526 4675 2997 4748 disputationibus
3021 4675 3087 4728 de
3128 4672 3385 4741 dogmate
3426 4663 3764 4741 processiouis

2213 4775 2452 4847 Spiritus
2503 4769 2679 4827 sancti
2725 4785 2791 4824 ex
2828 4769 2986 4822 Patre
3034 4763 3199 4818 simul
3262 4771 3318 4817 et
3369 4763 3532 4822 Filio.
3567 4757 3766 4816 consu‘-

2215 4877 2324 4925 tam
2357 4867 2426 4922 de
2468 4878 2620 4920 more
2668 4863 2852 4918 sedem
2885 4859 3240 4928 apostolicam
3286 4860 3574 4910 mandasse
3617 4849 3770 4920 ἱππευτ-

2216 4961 2472 5018 sitionem
2529 4957 2585 5011 in
2623 4954 2843 5025 synodis
2897 4949 3335 5020 provincialibus
3375 4947 3444 5001 de
3501 4945 3602 4999 ista
3644 4955 3768 5012 qutt-

2215 5052 2396 5109 stione
2427 5050 2582 5116 fieri;
2631 5062 2696 5102 ac
2727 5044 2950 5115 perlatis
2985 5053 3194 5112 postea,
3226 5047 3285 5094 ut
3333 5049 3421 5094 est
3472 5033 3765 5094 verisimile,

2217 5148 2441 5204 Patrum
2478 5142 2644 5205 votis,
2677 5139 2990 5192 damnatam
3011 5130 3614 5190 Itatresim'Grzecorum,
3639 5135 3688 5180 et
3712 5121 3768 5182 ad

2218 5254 2337 5295 eam
2382 5231 2816 5302 exstirpandam,
2871 5235 3032 5297 prout
3074 5225 3261 5282 Patres
3307 5222 3474 5276 etiam
3507 5219 3772 5289 Aquisgra-

2219 5345 2420 5386 nenses
2455 5326 2856 5399 iudicaverunt,
2907 5321 3043 5375 utile
3071 5317 3444 5389 iudicantium
3489 5313 3610 5368 addi
3638 5311 3772 5381 Sym-

2220 5425 2349 5480 bolo
2395 5421 2449 5476 in
2497 5417 2744 5474 ecclesiis
2772 5425 2991 5471 cantato
3017 5427 3211 5466 vocem
3252 5406 3298 5463 Γ
3301 5410 3520 5480 iliaque,
3539 5401 3770 5460 annuisse

2223 5518 2459 5587 denique
2500 5514 2805 5568 Romanum
2848 5505 3185 5578 pontificem,
3230 5519 3348 5557 cum
3379 5515 3624 5572 magnum
3652 5495 3775 5550 ride-

2225 5621 2302 5667 ret
2344 5607 2646 5681 impendcrc
2697 5599 3008 5676 periculum,
3045 5609 3108 5654 ut
3152 5596 3402 5667 loquitur
3437 5594 3690 5656 Andreas,
3727 5595 3774 5642 et

2225 5702 2386 5756 multi
2423 5677 2652 5768 magna
2697 5692 3046 5748 auctoritatis
3084 5687 3468 5746 Occidentales
3517 5687 3694 5742 Patres
3727 5677 3773 5733 id

2225 5790 2600 5847 necessarium
2644 5784 2976 5855 judicarent.
3012 5781 3076 5837 Et
3123 5783 3197 5836 ita
3231 5779 3490 5848 deinceps
3526 5772 3776 5833 communi

2229 5885 2451 5942 decreto
2481 5896 2580 5953 per
2612 5890 2784 5936 totum
2817 5876 3173 5930 Occidentem
3208 5872 3528 5940 Symbolum
3561 5885 3674 5926 eum
3701 5865 3779 5920 ade
