3992 6538
344 397 484 463 1133

1853 403 2098 464 ΝΘΤᾸἘ.

3453 417 3591 479 lilii

332 510 546 564 ditione
608 508 851 577 Filioque
900 511 954 564 in
1003 512 1170 567 missa
1223 520 1520 576 cantatum;
1574 520 1667 567 aut
1730 512 1915 582 potius
1946 523 1989 575 Α
2022 512 2145 567 bolo
2171 514 3402 591 Constantinopolitanimeumenicisecundi,
3434 544 3596 598 quam

330 614 460 654 cum
498 599 554 654 id
594 610 750 656 antea
780 617 882 672 per
929 602 1154 658 Galliam
1207 615 1261 661 et
1298 604 1611 673 Hispaniam
1658 604 1911 659 volunta-

328 690 415 745 ria
459 693 821 748 ecclesiarum
851 704 907 750 et
936 696 1323 767 episcoporum
1364 698 1652 753 devotione
1681 713 1912 767 usurpa-

326 795 507 851 retur,
542 800 768 847 assensu
822 788 1060 860 denique
1109 790 1339 845 Romani
1394 790 1675 863 pontiﬁcis
1708 801 1787 847 est
1822 791 1912 845 lir-

324 887 563 934 n'atum.

397 972 662 1030 Dedimus
711 976 981 1033 hactenus
1044 977 1333 1033 historiam
1382 977 1687 1042 additionis
1752 979 1909 1033 vocis

322 1062 578 1137 Filioque
623 1069 689 1123 ad
720 1069 1389 1141 Constantinopolitanum
1440 1073 1784 1144 Symbolum,
1822 1090 1907 1126 ar—

324 1157 514 1214 ticulis
550 1171 860 1231 temporum
885 1173 941 1219 et
974 1160 1381 1236 progressionis
1412 1166 1676 1235 gradibus
1702 1167 1904 1221 distin~

320 1256 505 1316 ctam;
550 1267 619 1307 ex
663 1254 821 1324 cujus
866 1257 951 1311 vel
1006 1257 1242 1326 simplici
1284 1258 1631 1328 expositione
1684 1260 1905 1315 conﬁdo

318 1352 592 1409 apparere
634 1345 1012 1400 innocentiam
1040 1356 1095 1401 et
1123 1350 1438 1417 tequitatem
1478 1350 1596 1419 ejus
1645 1351 1798 1419 facti,
1844 1361 1905 1408 ut

316 1442 462 1498 pene
493 1434 771 1500 potuerim
808 1435 1135 1493 lucrifacere
1161 1452 1386 1508 operam
1424 1441 1657 1496 secundi
1682 1457 1748 1496 ex
1778 1458 1902 1512 pro-

315 1521 518 1588 positis
557 1526 779 1594 eapituli
827 1529 1120 1596 tractandi,
1174 1546 1283 1599 quo
1316 1546 1438 1586 sum
1485 1532 1762 1603 pollicitus
1805 1535 1902 1589 de-

316 1626 757 1672 monstraturum
798 1635 884 1676 me
906 1621 1066 1689 iustis
1095 1631 1151 1676 et
1191 1623 1407 1680 idoneis
1437 1625 1504 1680 de
1533 1628 1714 1682 causis
1736 1629 1899 1683 istam

312 1724 442 1764 esse
492 1726 522 1765 a
578 1710 791 1768 Latinis
842 1714 1180 1770 additionem
1223 1715 1447 1771 faciant.
1476 1718 1611 1772 Nam
1656 1720 1894 1787 primum

309 1800 542 1868 quidem
590 1803 895 1865 additionis
931 1807 1158 1863 modum
1207 1816 1264 1863 et
1309 1811 1560 1878 gradum,
1610 1827 1722 1881 quo
1775 1829 1892 1868 ma-

308 1893 471 1962 gistri
510 1904 567 1950 et
602 1896 842 1967 theologi
868 1898 1127 1955 catholici
1163 1901 1456 1968 allegatum
1480 1903 1537 1957 in
1572 1906 1890 1974 praesidium

307 1988 521 2043 erroris
549 2004 580 2043 a
618 1991 949 2060 negantibus
970 2002 1221 2047 sanctum
1247 1993 1510 2063 Spiritum
1537 2012 1567 2052 a
1595 1997 1730 2052 Filio
1764 2015 1891 2069 pro-

306 2080 512 2135 cedere
549 2084 929 2140 testimonium
976 2084 1575 2158 Cortstantinopolitani
1622 2090 1888 2163 Symboli,

304 2173 493 2229 Patris
533 2175 706 2231 solius
736 2177 792 2230 in
829 2178 1195 2245 productione
1227 2182 1402 2235 sancti
1435 2182 1676 2252 Spiritus
1714 2186 1892 2242 diser-

305 2276 422 2321 tam
458 2270 794 2325 mentionem
830 2271 1104 2339 facientis,
1131 2276 1210 2328 sic
1232 2276 1665 2345 explicabantut
1690 2280 1887 2336 Filium

306 2374 438 2414 eum
476 2362 636 2418 Patre
665 2366 1073 2435 conspirantem
1105 2368 1336 2439 intelligi
1362 2381 1619 2437 Oportere
1658 2385 1889 2428 conten-

308 2452 531 2522 derent,
565 2472 628 2513 ac
653 2459 734 2513 sic
770 2470 1102 2517 voce‘tenus
1138 2478 1330 2519 vocem
1363 2464 1600 2535 Filioque
1632 2469 1890 2538 Symbolo

300 2546 604 2615 adderent,
640 2550 766 2618 quis
795 2552 920 2622 jure
963 2554 1141 2623 possit
1184 2556 1616 2625 reprehendere,
1654 2574 1779 2615 cum
1824 2577 1889 2616 ea

301 2652 418 2693 non
454 2646 563 2693 tam
594 2641 804 2697 additio
830 2658 995 2712 quam
1019 2645 1291 2716 expositio
1328 2646 1515 2713 fuerit,
1553 2664 1671 2703 rem
1711 2651 1891 2720 profc-

300 2746 433 2785 rens
450 2731 564 2786 illic
579 2732 981 2800 absconditam,
1006 2751 1114 2789 non
1134 2736 1187 2790 in
1199 2737 1423 2791 trudi-ns
1437 2739 1659 2795 aliunde
1680 2742 1860 2812 imper
1872 2773 1888 2784 η

301 2832 471 2879 tatam
490 2825 756 2881 ?Andreze
774 2828 1017 2898 episcopi
1045 2829 1221 2884 Rhodi
1239 2831 1402 2901 672
1419 2835 1520 2888 hac
1538 2834 1653 2902 ipsa
1670 2835 1733 2889 de
1755 2853 1811 2889 rc
1832 2837 1886 2892 in

296 2916 541 2972 concilio
563 2917 900 2985 Florentino,
919 2935 1054 2977 sess.
1073 2921 1125 2987 6,
1145 2922 1476 2992 disputantis
1494 2926 1754 2995 probatus
1771 2928 1889 2999 ejus

295 3019 471 3060 sacrae
488 3007 680 3078 synodi
702 3024 926 3066 assensu
951 3010 1300 3083 syllogismus
1316 3014 1424 3070 huc
1446 3015 1577 3072 facit
1601 3033 1615 3072 :
1647 3017 1888 3089 Οὐδεμία

295 3097 546 3163 ἔκθεσις,
586 3101 892 3167 avemus,“
932 3104 965 3174 ἢ
1006 3107 1283 3174 σαφήνειά
1314 3124 1463 3170 τινος
1509 3110 1886 3183 ἐπιστήμηςῆ

298 3190 637 3261 μαθήματος
675 3193 870 3264 ῥηθείη
904 3196 972 3249 ἂν
1023 3199 1336 3270 προσθήκη.
1380 3202 1541 3256 Ἀλλὰ
1575 3204 1635 3256 τὸ
1677 3205 1747 3259 ἐκ
1780 3207 1884 3261 τοῦ
1912 3225 1955 3281 C

300 3284 447 3347 Υἰοῦ
469 3284 770 3356 λεγόμενον
800 3291 857 3341 ὲν
882 3291 962 3358 τῷ
990 3293 1249 3361 συμϐόλῳ
1275 3295 1668 3366 ἐμπεριέχεται
1693 3302 1756 3368 τῇ
1782 3300 1877 3354 καὶ

291 3374 395 3430 τοῦ
424 3377 638 3448 Harpe;
677 3383 860 3451 φωνῇ,
894 3382 1157 3453 ἐξήγησις
1188 3384 1249 3438 ὃν
1300 3386 1469 3439 αὑτοῦ
1504 3390 1602 3443 καὶ
1630 3392 1877 3446 ἀνάπτυ-

297 3467 412 3533 ξις.
432 3470 548 3523 Οὐκ
571 3470 680 3540 ἄρα
707 3472 824 3527 ἐστὶ
856 3478 1169 3548 προσθήκη.
1200 3477 1365 3531 Nulla
1406 3483 1683 3549 expositio,
1713 3487 1880 3552 expli-

290 3564 436 3616 catio
459 3573 554 3617 aut
585 3564 877 3621 declaratio
912 3569 1164 3624 doctrina:
1193 3572 1490 3643 eujuspiam
1523 3586 1614 3630 aut
1650 3578 1874 3647 dagma-

290 3657 363 3709 tis
416 3666 555 3727 recte
604 3668 817 3714 vocetur
870 3661 1090 3717 additio.
1152 3664 1312 3734 Atqui
1362 3682 1460 3720 vos:
1504 3685 1521 3718 ‹
1574 3667 1818 3741 Filioque
1851 3692 1867 3724 ι

288 3750 447 3804 verbo
477 3758 628 3806 tenus
655 3754 909 3819 adjuncta
937 3752 1182 3825 Symbolo
1220 3756 1339 3825 jam
1363 3758 1509 3825 prius
1543 3759 1598 3812 in
1628 3776 1686 3813 eo
1711 3763 1875 3815 conti-

291 3844 545 3909 ncbatur,
595 3844 767 3901 latens
809 3856 859 3900 et
909 3847 1276 3905 subintellecta
1327 3851 1380 3904 in
1439 3853 1555 3922 ipsa
1611 3855 1874 3910 mentione

288 3936 476 3991 Patris
502 3954 521 4001 ;
551 3937 705 4006 cujus
736 3939 969 3993 abstrusi
1013 3957 1201 3996 sensus
1227 3943 1336 3996 liter:
1367 3950 1573 3998 tantum
1595 3948 1871 4002 enarratio

288 4036 338 4080 et
368 4028 655 4096 explicatio
689 4039 785 4083 est.
823 4029 942 4085 Non
996 4039 1069 4085 est
1110 4032 1273 4102 igitur
1305 4033 1525 4090 additio.
1574 4035 1700 4093 Scio
1725 4036 1873 4094 Grie-

286 4132 387 4172 cos
415 4119 803 4174 scbismaticos
827 4128 1019 4175 contra
1053 4121 1329 4190 excipere,
1363 4123 1593 4179 vetitum
1622 4140 1745 4180 esse
1774 4142 1873 4183 no-

290 4209 548 4265 minatim
580 4226 857 4281 apponere
884 4212 1185 4282 quidquam
1211 4211 1472 4283 Symbolo
1508 4217 1674 4270 etiam
1704 4232 1871 4289 expo-

289 4300 514 4356 sitionis
561 4315 747 4357 causa.
808 4302 918 4357 Sed
956 4317 1054 4359 eos
1092 4301 1383 4360 submovet
1434 4305 1580 4360 idem
1619 4306 1870 4364 Andreas

289 4393 548 4449 Rhodius
589 4393 797 4451 diserte
825 4410 1031 4465 negans
1064 4395 1118 4450 id
1151 4412 1391 4466 unquam
1423 4398 1589 4453 fuisse
1622 4400 1871 4469 prohibi—

289 4495 431 4540 tum.
475 4484 655 4541 Verba
674 4488 794 4556 ejus
820 4491 938 4543 haec
972 4496 1100 4542 sunt
1134 4488 1335 4543 coneil.
1367 4489 1609 4545 Florent.
1639 4505 1778 4547 sess.
1813 4488 1865 4555 7,

2019 605 2123 674 ipsi
2160 607 2772 682 Constantinopolitano
2803 617 3046 672 secundo
3074 617 3255 675 fuerat
3279 626 3593 690 apponenzii

2016 701 2188 754 verba
2223 701 2471 770 qua-dam
2510 705 2770 777 Symbolo
2816 710 2970 779 prius
2997 711 3147 766 edito
3173 727 3203 765 a
3234 713 3453 768 Nicztna
3487 716 3583 784 pri-

2016 805 2103 844 ma
2150 795 2394 861 generali
2435 811 2630 868 magna
2678 802 2924 872 synodo?
2961 802 3223 873 Apposita
3285 820 3419 859 vero
3479 808 3591 875 jam

2013 884 2261 952 symbolo
2311 902 2413 957 per
2460 890 2776 960 generalem
2827 895 3094 966 synodum
3131 910 3265 951 voce
3324 890 3589 966 Filioque,

2012 974 2145 1043 quin
2192 976 2342 1039 illam
2384 989 2607 1037 cantare
2647 998 2868 1054 quoque
2930 984 3074 1042 inter
3116 1003 3273 1057 sacra
3327 991 3594 1043 continuo

2012 1068 2259 1135 potuerit
2294 1070 2427 1127 citra
2469 1076 2961 1143 reprehensionem
3000 1079 3168 1134 ullam
3200 1081 3444 1137 Ecclesia
3484 1082 3593 1137 Ro—

2010 1173 2191 1227 mana,
2233 1162 2487 1220 dubitare
2523 1183 2685 1225 nemo
2723 1170 2926 1240 poterit
2967 1173 3063 1240 qui
3110 1183 3328 1243 reputet
3384 1177 3589 1230 nullam

2010 1253 2139 1324 fingi
2171 1258 2514 1323 probabilem
2546 1263 2818 1319 rationem
2850 1280 3033 1334 posse,
3075 1281 3175 1322 cur
3212 1267 3528 1340 Symbolum
3559 1286 3591 1324 a

2006 1342 2618 1420 Constantinopolitana
2665 1358 2908 1411 secunda
2948 1360 3190 1429 generali
3250 1361 3461 1417 editum
3505 1378 3593 1433 sy~

2004 1438 2152 1494 nodo
2182 1450 2328 1498 recte
2351 1443 2642 1501 incautum
2676 1450 3113 1505 ecclesiasticum
3156 1452 3229 1506 sit
3268 1464 3587 1523 receptum;

2004 1529 2149 1585 idem
2199 1531 2519 1603 Symbolum
2580 1540 2816 1595 auctiori
2863 1550 2919 1595 et
2951 1542 3297 1611 emlicatiori
3344 1545 3588 1601 editione

2001 1622 2283 1692 vulgatum
2322 1642 2352 1680 a
2383 1627 2601 1685 Nicaeua
2632 1631 2873 1686 secunda
2909 1635 3153 1702 generali
3204 1638 3437 1707 septima
3465 1655 3590 1709 syn-

2002 1713 2127 1780 odo,
2169 1717 2323 1773 nefas
2377 1719 2547 1785 fuerit
2605 1725 2998 1780 ecclesiasticis
3037 1728 3211 1797 aptari
3250 1729 3509 1795 modulis,
3535 1743 3591 1787 et

2006 1806 2060 1861 in
2088 1808 2280 1877 choro,
2322 1810 2453 1866 dum
2495 1829 2654 1869 sacra
2709 1828 3071 1888 peraguntur,
3128 1820 3333 1877 audiri.
3391 1823 3589 1884 Dicent

2003 1898 2235 1955 fortasse
2271 1917 2443 1973 genus
2480 1898 2753 1964 mendacii
2788 1910 2961 1967 fuisse
2993 1911 3315 1984 Symbolum
3358 1918 3512 1986 quasi
3552 1935 3585 1973 a

1994 1987 2623 2064 Constantinopolitanis
2659 2002 2912 2056 secunda:
2943 2004 3137 2073 synodi
3178 2006 3433 2063 Patribus
3466 2009 3585 2063 edi~

1994 2090 2107 2136 tum
2162 2094 2405 2155 cantare,
2442 2105 2566 2149 cum
2599 2093 2970 2151 additamenta
3010 2106 3160 2153 tanto
3190 2102 3467 2169 posterius
3498 2103 3579 2157 illi

1992 2190 2022 2229 a
2053 2178 2283 2245 septima
2315 2185 2790 2256 generalisynodo
2826 2188 3052 2255 inserto,
3080 2208 3146 2246 ex
3185 2208 3292 2264 quo
3322 2210 3431 2249 non
3467 2196 3579 2265 jam

1993 2269 2229 2338 amplius
2276 2273 2332 2327 id
2384 2278 2641 2333 secundae
2665 2281 2857 2351 synodi
2908 2283 3227 2353 Symbolum
3274 2297 3445 2355 esset,
3480 2291 3575 2344 sed
3654 2306 3657 2317 '

1991 2361 2139 2416 aliud
2180 2367 2448 2435 septimm.
2498 2371 2828 2441 Respondeo
2867 2378 2962 2431 :qsi
2998 2379 3171 2434 multa
3211 2380 3380 2435 verba
3426 2398 3455 2436 a
3494 2397 3580 2437 sc-

1991 2456 2176 2511 cuuda
2240 2462 2482 2529 generali
2528 2466 2742 2536 synodo
2790 2466 3048 2539 Symbolo
3097 2471 3333 2527 Nicaeum
3388 2473 3580 2542 prima:

1990 2553 2264 2619 generalis
2296 2554 2480 2612 addita
2510 2572 2622 2612 non
2650 2559 2995 2616 obstiterunt
3017 2565 3314 2632 quominus
3343 2566 3396 2619 id
3427 2562 3581 2637 Sytuv

1992 2640 2179 2697 bolum
2234 2645 2517 2703 Nica'num
2559 2652 2744 2707 vocari
2798 2665 3201 2725 perseveraret,
3264 2673 3362 2713 cur
3410 2658 3575 2714 unius

1991 2735 2416 2806 quailrisyllaba:
2474 2743 2685 2797 voculae
2724 2744 2937 2800 additio
2997 2748 3261 2818 impediet
3331 2766 3400 2805 ne
3447 2766 3577 2807 vere

1991 2825 2135 2880 idem
2203 2827 2519 2900 Symbolum
2572 2833 3245 2908 Constantinopolitanum
3307 2852 3368 2898 ut
3415 2853 3572 2905 antea

1991 2920 2164 2987 possit
2214 2921 2364 2977 diei?
2408 2922 2635 2981 Nicmno
2672 2926 2931 2997 Symbolo
2971 2933 3135 3003 G73
3184 2933 3572 2990 Constantium

1994 3010 2220 3078 politani
2252 3020 2475 3068 centum
2510 3017 2912 3090 quinquaginta
2946 3020 3138 3077 Patres
3171 3025 3564 3094 adjnnxerunt,

1991 3111 2116 3170 post
2148 3102 2237 3159 illa
2284 3106 2449 3161 verba
2480 3125 2493 3161 :
2527 3107 2694 3164 Credo
2739 3112 2791 3165 in
2836 3111 3093 3184 Spiritum
3119 3119 3518 3177 sanctumdncc
3552 3137 3563 3168 :

1993 3195 2276 3252 Dominum
2306 3206 2355 3252 et
2381 3202 2755 3270 viviﬁcantem,
2784 3208 2873 3277 qui
2901 3224 2965 3262 ea:
3003 3207 3169 3264 Patre
3194 3215 3447 3282 procedit,
3478 3218 3568 3282 qui

1988 3304 2105 3341 eum
2148 3289 2309 3345 Patre
2344 3302 2392 3346 et
2441 3292 2591 3348 Filio
2627 3297 2787 3352 simul
2820 3301 3080 3359 adoretur
3116 3313 3164 3357 et
3201 3306 3571 3376 congloriﬁca-

1988 3386 2097 3444 tur,
2129 3382 2219 3450 qui
2253 3381 2456 3437 locutus
2487 3394 2563 3439 est
2601 3402 2695 3457 per
2728 3390 3030 3459 prophetas.
3078 3391 3148 3447 Et
3195 3402 3373 3448 tamen
3409 3395 3568 3466 Sym-

1989 3468 2177 3525 bolum
2216 3473 2295 3527 sie
2328 3486 2550 3530 anetum
2579 3477 2862 3537 Nicrenum
2903 3482 3268 3541 nihilominus
3302 3487 3565 3560 deinceps

1985 3563 2245 3620 catholici
2299 3565 2583 3625 dixerunt.
2630 3570 2921 3627 Durandus
2972 3573 3027 3628 in
3067 3576 3344 3640 Rationa'i
3387 3580 3563 3637 diviti.

1983 3652 2127 3707 ollic.
2161 3654 2200 3707 l.
2229 3670 2300 3720 ιν,
2325 3671 2373 3709 e.
2400 3657 2489 3717 25.
2512 3668 2803 3730 postquam
2837 3667 3200 3734 apostolicum
3230 3681 3287 3725 et
3317 3672 3562 3729 Athana-

1984 3744 2194 3800 sianum
2211 3746 2468 3818 Synibola
2491 3764 2870 3820 memorasset,
2893 3757 3176 3828 subjungit
3200 3776 3214 3815 :
3238 3761 3465 3818 Tertium
3490 3776 3567 3833 est

1981 3835 2274 3904 Nicwnum,
2309 3842 2448 3910 quod
2486 3841 2751 3899 Damasus
2776 3864 2918 3918 papa
2945 3865 3009 3903 ea:
3043 3854 3418 3908 constitutione
3442 3860 3567 3911 ιιηὶς

1982 3932 2208 3987 cerialis
2232 3936 2420 4004 synodi
2458 3938 2605 4006 apud
2630 3938 3147 4012 Constantinopolim
3175 3945 3452 4003 celebrata:
3484 3953 3566 4021 iu-

1978 4026 2171 4082 stituit.
2193 4026 2462 4084 Similiter
2477 4029 2733 4101 Magister
2747 4032 3179 4099 Sententiarum,
3204 4039 3239 4092 1.
3257 4055 3293 4102 ι.
3315 4039 3448 4095 dist.
3475 4045 3561 4110 ll,

1980 4128 2035 4172 et
2060 4118 2374 4176 Alexander
2399 4121 2615 4179 Alensis
2644 4134 2785 4194 part.
2816 4142 2895 4190 ιιι,
2915 4138 3105 4196 quiest.
3124 4128 3210 4193 69,
3241 4132 3487 4189 membro
3507 4137 3561 4199 ὕ,

1981 4209 2298 4281 Symbolum
2337 4214 2486 4284 quod
2522 4215 2576 4269 in
2608 4217 2771 4271 missa
2801 4228 3054 4272 cantatur
3074 4220 3353 4277 Nicmnum
3375 4241 3438 4281 ac
3468 4227 3564 4281 Ni-

1980 4317 2254 4358 caenorum
2306 4306 2531 4361 Patrum
2561 4316 2782 4364 vocant.
2837 4310 3013 4381 llujus
3074 4313 3217 4369 ratio
3270 4326 3354 4375 est
3415 4321 3562 4389 quod

1977 4394 2186 4451 additio
2220 4396 2967 4470 Constantinopolitanorutn
3014 4404 3239 4461 Patrum
3284 4409 3423 4465 nihil
3466 4428 3565 4466 no-

1977 4503 2103 4542 vum
2139 4489 2324 4544 intulit
2361 4492 2585 4548 Nicacno
2631 4494 2912 4565 Symbolo,
2947 4497 3041 4551 sed
3072 4500 3318 4569 quaedam
3349 4520 3472 4575 qua:
3506 4507 3562 4561 in

286 4595 345 4649 p.
376 4579 478 4633 107
514 4579 645 4635 tomi
676 4579 873 4634 XXXII
898 4578 1277 4636 Conciliorum
1310 4582 1400 4636 ed.
1432 4582 1569 4653 Reg.
1606 4602 1619 4637 :
1668 4583 1787 4653 Ἀφ’
1809 4576 1870 4636 οὗ
1901 4604 1950 4664 ι)
1975 4596 2043 4637 eo
2074 4582 2323 4639 latebant
2362 4585 2693 4655 explicatius
2730 4588 2986 4657 protulit.
3025 4589 3138 4646 lloc
3176 4592 3406 4652 allirmat
3437 4614 3563 4654 san-

277 4687 490 4740 .gitecat
517 4672 599 4725 ὅτι
625 4671 789 4743 ἡνίκα.
834 4672 1192 4744 συμπερανθῇ
1224 4674 1285 4727 τὸ
1315 4674 1606 4745 σύμϐολον,
1644 4677 1740 4729 καί
1767 4694 1878 4731 κω-

281 4762 475 4819 λύεται
509 4762 572 4817 τὸ
630 4763 978 4833 προσθεῖναι,
1031 4769 1241 4822 νοεῖται
1294 4767 1419 4820 ὅσον
1464 4767 1602 4837 προς
1628 4767 1721 4821 τὸν
1750 4768 1875 4821 νοῦν

275 4854 380 4917 καὶ
411 4852 550 4923 πρὸς
581 4854 777 4927 ἑτέραν
825 4854 1071 4909 διάνοιαν
1094 4872 1110 4888 ο
1146 4857 1274 4911 ὅσον
1321 4856 1378 4911 δὲ
1426 4856 1560 4927 πρὸς
1589 4858 1864 4944 diuumq-

267 4961 391 5013 ¹σιν,
431 4945 693 4999 οὐδέποτε
736 4948 769 5017 ὴ
816 4946 1122 5018 Ἐκκλησία
1155 4949 1315 5003 τοῦτο
1358 4950 1670 5005 κεκώλυκε.
1718 4950 1865 5005 Unde

278 5038 525 5109 sequitur
571 5039 971 5108 prohibitionem
1006 5039 1260 5105 addendi,
1322 5057 1441 5111 qua:
1501 5052 1865 5096 consummato

270 5132 392 5199 iam
434 5130 683 5204 Symbolo
733 5143 809 5188 est
862 5136 1133 5204 apposita,
1176 5133 1583 5203 inteliigenilant
1640 5150 1750 5189 esse
1801 5137 1865 5189 de

271 5224 548 5292 additione
576 5227 697 5279 novi
724 5242 906 5280 sensus
928 5228 1249 5296 diversaque
1276 5228 1548 5281 sententia:
1564 5244 1584 5292 ;
1609 5243 1731 5281 nam
1758 5228 1827 5279 ad
1838 5255 1859 5267 ς

268 5318 529 5371 ditionem
578 5333 696 5388 qua:
756 5319 825 5371 ad
878 5334 1081 5372 meram
1134 5316 1552 5371 declarationem
1609 5319 1854 5388 pertinet,

270 5426 553 5479 nunquam
582 5410 847 5479 prohibuit
884 5410 1147 5465 Ecclesia.
1582 5410 1587 5415 ”

348 5502 643 5559 Secundus
694 5503 1000 5567 additionis
1038 5506 1264 5575 gradus,
1295 5505 1626 5559 auctoritate
1661 5506 1853 5576 synodi

268 5597 511 5656 Nicaeum
542 5597 822 5663 secundm,
855 5598 1133 5667 generalis
1157 5600 1422 5668 septimae,
1452 5599 1648 5661 factus,
1671 5600 1858 5668 apolo-

267 5689 358 5759 gia
395 5704 507 5742 non
571 5688 800 5757 indiget.
844 5689 1057 5754 Quotus
1094 5689 1244 5743 enim
1302 5689 1538 5758 quisque
1582 5703 1693 5742 non
1732 5704 1857 5744 sen-

270 5783 338 5836 t't
374 5781 461 5853 [P.
494 5781 621 5853 471]
658 5782 793 5836 nihil
846 5784 1031 5838 minus
1070 5783 1211 5853 juris
1241 5782 1588 5837 mettmcuico
1617 5783 1854 5836 concilio

270 5873 492 5933 qumo
527 5876 770 5933 secundo
807 5876 974 5931 luisse
1006 5874 1319 5930 declarandi
1370 5872 1576 5945 aliquid
1612 5873 1664 5927 in
1698 5872 1852 5944 Synt-

1982 4684 2106 4728 ctus
2139 4674 2440 4746 Gregorius
2470 4677 2880 4747 Nazianzenus,
2916 4697 3061 4737 unus
3091 4699 3121 4738 e
3154 4683 3256 4740 l50
3285 4685 3561 4744 Constan-

1980 4767 2360 4836 tinopolitanis
2410 4770 2702 4837 Patribus,
2749 4774 2996 4829 scribens
3048 4776 3117 4831 ad
3170 4779 3492 4835 (iledonium
3540 4800 3554 4836 :

1990 4855 2202 4928 Ἡμεῖς,
2255 4860 2457 4929 inquit,
2520 4865 2621 4930 τῆς
2669 4864 2810 4916 κατὰ
2861 4865 3099 4920 Νίκαιαν
3163 4872 3402 4932 πίστεως
3449 4872 3558 4923 τῶν

1974 4949 2146 5013 ἁγίων
2187 4951 2444 5021 Ματέρων
2469 4952 2577 5005 τῶν
2613 4953 2789 5006 ἐκεῖσε
2832 4957 3195 5011 συνελθόντων
3226 4961 3318 5014 ἐπὶ
3368 4963 3558 5014 καθαί-

1978 5038 2123 5108 ρέσει
2159 5039 2259 5110 τῆς
2308 5042 2669 5114 Ἀρειανικῆς
2697 5044 2966 5115 αἱρέσεως
2991 5048 3143 5101 οὐδὲν
3181 5048 3302 5104 οὔτε
3338 5071 3556 5122 προετι.

1976 5132 2233 5202 μήσαμὲν
2267 5150 2397 5185 ποτε
2430 5133 2553 5191 οὔτε
2586 5137 2869 5207 προτιμᾷν
2925 5137 3227 5209 δυνάμεθα,
3254 5142 3367 5195 ἀλλ’
3407 5146 3556 5197 ὲκεί-

1969 5242 2063 5292 ννῖς
2100 5225 2267 5295 ἐσμὲν
2321 5225 2565 5290 πίστεως
2595 5228 2692 5281 σὺν
2739 5227 2861 5300 Θεῴ
2893 5231 2985 5286 καὶ
3016 5232 3275 5302 ἐσόμεθα.
3314 5235 3552 5293 Tantum

1967 5317 2123 5372 addit
2180 5334 2240 5373 se
2287 5334 2413 5373 cum
2447 5319 2564 5400 suis
2612 5322 2666 5374 in
2721 5320 2815 5375 illa
2868 5338 3022 5379 sacra
3060 5324 3282 5397 Synodo
3326 5332 3554 5402 collegis

1968 5410 2319 5467 articulatius
2366 5412 2713 5482 exposuisse,
2776 5431 2901 5486 quae
2945 5418 3137 5475 minus
3193 5421 3552 5489 sufﬁcienter,

1969 5503 2158 5557 habita
2204 5504 2421 5559 ratione
2479 5505 2680 5560 deinde
2727 5506 3089 5564 subortarum
3135 5511 3429 5579 luerosum,
3483 5515 3554 5571 de

1968 5587 2158 5651 sancto
2196 5597 2404 5665 Spiritu
2433 5597 2710 5654 declarata
2747 5614 2777 5655 a
2816 5599 3054 5657 Nicmnis
3089 5602 3331 5661 fuerant.
3369 5609 3549 5677 Προσ-

1966 5688 2356 5760 διαρθροῦντες
2397 5691 2461 5744 τὸ
2488 5692 2727 5758 ἐλλιπῶς
2762 5696 3053 5764 εἰρημένον
3093 5698 3222 5768 περὶ
3262 5698 3354 5752 τοῦ
3392 5700 3551 5767 ἁγίου

1968 5783 2308 5850 ιινεύματος.
2354 5784 2415 5838 ιιι
2462 5800 2586 5853 qua:
2646 5786 2981 5842 Nazianzcni
3022 5790 3188 5845 verba
3234 5792 3558 5847 scholiastcs

1954 5874 2076 5945 eius
2112 5875 2260 5935 Elias
2297 5876 2374 5932 sic
2410 5886 2556 5936 recte
2590 5887 3002 5937 commentatur
3038 5902 3051 5939 :
3081 5882 3170 5955 Τῷ
3208 5883 3308 5955 μὲν
3342 5883 3557 5959 σώματι
