3992 6556
482 427 623 495 1135

1381 434 1446 493 Ρ.
1496 431 1795 492 POSSlNl
1840 425 2498 492 OBSERVATIONUM
2540 432 2688 493 LIB.
2740 433 2825 497 Ῑῐ.

3572 436 3694 502 113’}

479 544 589 600 τῶν
626 543 828 612 λέξεων
872 542 1291 615 παρελέλειπτο,
1319 546 1386 614 τῇ
1418 543 1474 597 δὲ
1505 542 1654 614 ψυχῇ
1698 542 1864 615 (λέγω
1894 539 1961 613 δὴ
1990 537 2062 593 τὰ

2171 541 2309 612 quod
2351 546 2734 615 promiseram,
2759 561 2815 603 et
2849 547 2984 605 satis
3010 547 3239 604 evicisse
3271 547 3467 602 nullam
3496 548 3549 602 in
3574 549 3697 605 facto

478 641 588 695 τῶν
620 638 929 711 νοημάτων)
963 636 1236 708 οὐδαμῶς.
1265 636 1356 689 Διὸ
1381 636 1475 691 καὶ
1502 639 1530 690 ὸ
1561 636 1715 705 ἅγιος
1751 635 1811 689 οὖ
1843 635 1904 687 τδ
1949 650 2058 686 πα-

483 735 935 809 ραλελειμμένον,
959 732 1096 787 ἀλλὰ
1135 731 1194 785 τὸ
1223 731 1456 792 ἐλλιπῶς
1488 731 1779 801 εἰρημένον
1823 726 1919 782 τοῦ
1948 725 2057 780 σώ-

484 848 654 901 ματος
680 829 827 898 λέγει
859 824 1150 898 διαρθροῦν
1181 826 1300 897 ἦτοι
1342 821 1667 894 ἐξακριϐοῦν
1698 823 1792 876 καὶ
1832 822 2059 891 διαμορ-

481 923 636 993 φοῦν.
666 921 792 978 llaec
828 921 956 988 ille;
993 920 1195 991 quibus
1223 917 1494 990 significat
1533 931 1639 973 non
1671 914 2056 972 sensibus'aut

481 1015 638 1085 quasi
668 1013 864 1069 animat
902 1012 1131 1083 symboli
1176 1009 1385 1067 Nicmni
1434 1007 1678 1062 defuisse
1708 1004 1939 1073 aliquid,
1971 1003 2061 1059 di-

482 1125 608 1164 cere
632 1106 954 1178 Gregorium
980 1104 1345 1173 Theologum,
1373 1099 1469 1156 sed
1502 1113 1640 1154 sono
1668 1097 1965 1153 verborum
1994 1110 2058 1152 ac

480 1201 654 1256 veluti
678 1197 921 1269 corpori,
946 1208 1052 1253 etc.
1086 1195 1241 1251 Unde
1270 1194 1519 1263 sequitur
1539 1190 1875 1247 additionem
1904 1187 2059 1242 iden-

484 1294 629 1350 titati
667 1308 777 1347 non
812 1291 1063 1346 obstare.
1100 1287 1246 1341 ldcm
1288 1301 1435 1340 nunc
1461 1283 1583 1355 pari
1625 1282 1749 1352 jure
1798 1281 2054 1336 dicimus.

484 1388 657 1454 Quam
685 1386 935 1441 voculam
970 1382 1190 1437 Nicaena
1219 1378 1460 1434 secunda
1490 1375 1759 1448 synodus,
1787 1371 2059 1443 generalis

485 1480 746 1550 septima,
777 1474 1034 1547 Symbolo
1082 1487 1110 1526 a
1162 1469 1768 1538 Constantinopolitana
1816 1463 2054 1536 generali

487 1567 728 1626 secunda
761 1567 909 1622 edito
940 1565 1174 1626 addidit.
1198 1579 1263 1618 ea
1289 1579 1411 1618 cum
1436 1570 1698 1616 extranea
1732 1575 1841 1614 non
1865 1556 2056 1625 fuerit,

488 1661 584 1717 sed
614 1677 680 1716 ex
712 1659 1024 1715 visceribus
1055 1656 1228 1727 ipsius
1252 1655 1500 1727 Symboli
1535 1653 1796 1708 doctrina:
1827 1666 1889 1706 ac
1918 1649 2060 1707 Con-

488 1753 1108 1823 stantinopolitanorum
1148 1749 1371 1803 Patrum
1407 1744 1694 1801 sementim
1734 1750 1914 1808 eruta,
1945 1756 2058 1795 non

488 1848 621 1903 facit
658 1856 720 1902 ut
776 1852 901 1917 post
932 1844 1096 1913 hujus
1147 1841 1497 1912 epentlxcsim
1537 1837 1855 1910 Symbolum
1907 1832 2055 1889 aliud

490 1942 768 1997 diversum
816 1937 870 1992 id
918 1936 1116 1991 debeat
1165 1933 1401 1990 censeri.
1456 1930 1678 1986 Nullum
1727 1944 1860 1998 ergo
1900 1924 2068 1981 fuerit

491 2033 862 2097 mendacium,
902 2029 957 2085 id
994 2025 1664 2095 Constantinopolitanum
1695 2030 1754 2076 ut
1786 2027 1946 2074 antea
1975 2033 2069 2073 vo-

492 2144 639 2183 care.
675 2124 832 2193 Quod
871 2138 1006 2179 vero
1030 2120 1289 2177 Ecclesia:
1323 2116 1509 2174 Galliae
1540 2124 1596 2170 et
1630 2112 1903 2184 Hispaniae
1941 2126 2071 2167 can-

496 2232 612 2276 tare
636 2217 953 2291 Symbolum
977 2215 1031 2269 in
1057 2228 1211 2269 sacro
1242 2225 1367 2267 cum
1391 2207 1673 2263 additione
1704 2204 1942 2275 Filioque
1972 2217 2071 2273 per

494 2330 554 2370 se
590 2312 974 2373 instituerunt,
1005 2306 1056 2361 id
1113 2305 1375 2361 nimirum
1404 2300 1509 2356 sibi
1541 2300 1707 2355 licere
1751 2296 2066 2361 credidere,

494 2417 789 2479 postquam
840 2404 944 2457 ista
984 2399 1194 2454 additio
1253 2411 1351 2466 per
1401 2392 1711 2465 generalem
1775 2388 2068 2459 septimam

495 2496 768 2569 synodum
793 2491 1147 2562 comprobata
1175 2497 1232 2544 et
1262 2496 1523 2556 usurpata
1559 2484 1759 2539 fuerat.
1796 2480 1975 2544 Unde,
2009 2488 2072 2535 ut

494 2589 754 2660 superius
782 2584 1044 2649 vidimus,
1073 2580 1190 2637 Leo
1220 2577 1418 2634 tertius
1461 2575 1707 2647 pontifex
1758 2574 1814 2629 id
1863 2574 2069 2628 factum

496 2698 623 2740 nen‘
664 2688 726 2736 ut
772 2677 1045 2734 nefarium
1078 2671 1381 2733 damnavit,
1411 2670 1510 2726 sed
1550 2678 1765 2725 tantum
1798 2676 1858 2722 ut
1903 2666 1973 2721 ab
2002 2681 2069 2721 eo

497 2773 835 2830 desisterent
870 2767 1044 2825 suasit
1082 2776 1310 2837 propter
1341 2777 1566 2820 causam
1602 2775 1768 2832 quam
1801 2758 1877 2814 ibi
1921 2773 2073 2813 eom-

494 2870 788 2920 memorat.
851 2858 939 2933 [P.
1006 2854 1133 2928 472]
1185 2853 1292 2910 Sed
1357 2852 1449 2908 illa
1504 2848 1738 2907 Romani
1794 2846 2072 2920 pontificis

495 2952 823 3019 moderatio,
852 2959 914 3007 ut
938 2957 1070 3005 tunc
1105 2947 1211 3003 fuit
1254 2944 1574 3011 laudabilis,
1614 2943 1694 2999 sic
1741 2950 1931 3012 postea
1971 2954 2070 3008 per

494 3049 813 3108 Grtecorum
834 3042 1001 3118 674.
1026 3041 1267 3098 schisma
1292 3036 1490 3094 haeresi
1516 3034 1914 3092 cumulantium
1947 3048 2074 3104 per-

494 3140 762 3197 vicaciam
786 3137 967 3193 evasit
998 3130 1409 3202 intempestiva.
1433 3128 1653 3184 Etenim
1684 3126 1765 3182 illi
1792 3125 2070 3181 abstinere

2160 635 2462 692 additionis
2501 638 2653 694 vocis
2696 639 2936 711 Filioque
2966 640 3032 696 ad
3059 639 3700 710 Constantinopolitanum

2160 729 2484 800 Symbolum
2539 732 2905 787 temeritatem
2964 731 3279 787 Latinorum
3334 747 3490 800 posse
3522 734 3701 799 notari,

2161 822 2256 878 sed
2288 839 2558 880 summam
2597 826 2780 894 potius
2810 834 2865 881 et
2898 826 3130 882 Romani
3166 825 3437 896 pontificis
3465 835 3518 881 et
3547 828 3701 883 eccle-

2159 918 2368 973 siarum
2416 917 2731 974 Occidentis
2769 934 3038 990 apparere
3066 934 3191 974 cum
3223 902 3595 972 fundatissima
3622 934 3701 972 ra-

2163 1011 2317 1067 tione
2350 1012 2785 1067 moderationem
2817 1028 2881 1068 ac
2918 1012 3272 1081 sapientiam,
3321 1011 3374 1065 in
3402 1011 3701 1066 necessitate
3757 1039 3761 1043 ν

2160 1104 2462 1160 obsistendi
2486 1106 2752 1175 grassanti
2792 1106 3016 1171 hmresi,
3040 1103 3459 1174 temperantium
3482 1112 3643 1158 tamen
3662 1104 3707 1159 id

2160 1213 2191 1253 a
2216 1197 2420 1253 Graecis
2439 1199 2682 1268 exigere,
2708 1213 2819 1268 quo
2843 1198 2969 1253 illos
2992 1195 3401 1266 exasperandos
3427 1205 3480 1250 et
3504 1196 3707 1265 quadam

2160 1292 2587 1361 exprobratione
2611 1290 2878 1360 praeteriti
2906 1290 3115 1346 erroris
3137 1289 3270 1345 conf
3272 1276 3549 1344 undendos
3569 1289 3707 1343 intel-

2159 1382 2420 1452 ligebant,
2439 1393 2495 1439 et
2512 1385 2614 1439 ista
2631 1382 2865 1455 benigna
2882 1383 3381 1439 accommodatione
3406 1382 3710 1437 studentium

2158 1490 2256 1531 eos
2286 1474 2353 1529 ad
2384 1476 2698 1531 unanimam
2733 1475 3089 1531 ecclesiarum
3119 1475 3341 1531 allicere
3373 1472 3707 1529 concordiam'

2233 1570 2293 1624 P.
2327 1570 2453 1625 590.
2493 1559 2564 1624 Τὸ
2587 1569 2738 1638 πρὸς
2762 1570 2871 1623 τὸν
2915 1569 3175 1638 Ἀϐραὰμ
3199 1567 3307 1623 τοῦ
3338 1566 3504 1621 Θεοῦ.
3522 1566 3710 1635 Aliquid

2161 1662 2571 1734 quodammodo
2605 1663 2785 1718 simile
2820 1661 3030 1718 dictum
3076 1662 3355 1717 Abraamo
3377 1675 3406 1714 a
3430 1660 3537 1713 Deo
3573 1673 3706 1719 rene-

2164 1759 2308 1813 ritur
2340 1757 2544 1813 Genes.
2574 1773 2670 1823 xu,
2706 1755 2742 1811 2
2774 1773 2788 1809 :
2823 1756 3138 1812 Beuedicam
3172 1753 3585 1809 benedicentibus
3616 1751 3707 1813 tibi,

2166 1858 2276 1904 etc.
2313 1846 2588 1904 Caeterum
2627 1845 2817 1910 verba,
2844 1855 2907 1900 ut
2950 1846 3041 1900 hic
3067 1846 3276 1917 jacent,
3309 1843 3495 1914 potius
3522 1851 3709 1911 sumpta

2169 1939 2429 1995 videntur
2465 1953 2534 1993 ex
2557 1936 2757 1993 Gcncs.
2794 1953 2961 2000 xxvu,
2997 1928 3113 1993 29:
3145 1934 3246 2001 Qui
3274 1933 3584 1988 benedixerit
3615 1930 3707 1995 tibi,

2168 2033 2236 2086 sit
2266 2033 2372 2101 ipse
2403 2030 2702 2105 benedictus
2725 2045 2745 2095 ;
2775 2028 2864 2099 qui
2894 2026 3230 2082 maledizerit
3274 2026 3385 2090 tibi,
3419 2023 3712 2078 maledictio-

2172 2119 2320 2174 nibus
2377 2117 2667 2189 repleatur.
2725 2115 2836 2173 Sed
2896 2117 3015 2172 haec
3067 2131 3182 2171 non
3232 2114 3492 2170 dicuntur
3540 2128 3569 2168 a
3622 2112 3712 2168 Deo

2169 2211 2465 2276 Abraamo,
2496 2210 2593 2265 sed
2629 2208 2700 2264 ab
2744 2209 2932 2264 lsaaco
2976 2208 3203 2274 Iacobo,
3255 2215 3317 2263 ut
3362 2206 3501 2262 forte
3539 2204 3632 2261 hoc
3656 2202 3714 2259 sit

2173 2302 2508 2371 μνημονικὸν
2540 2301 2767 2372 σφάλμα
2796 2301 3168 2371 Pachylneris.

2240 2392 2373 2462 Cap.
2407 2390 2497 2446 90.
2532 2391 2763 2458 Quando
2813 2392 3113 2462 contigerit
3156 2391 3262 2445 hoc
3293 2389 3476 2460 capite
3523 2398 3712 2442 narrata

2172 2484 2538 2542 incomitiatio
2594 2484 2833 2539 rhetoris
2869 2483 3116 2539 ecclesiae
3169 2482 3460 2544 Holoboli,
3489 2480 3712 2537 ostende-

2172 2594 2294 2634 mus
2324 2578 2466 2634 infra
2490 2578 2548 2632 in
2573 2575 2991 2647 Chronologici's
3014 2576 3052 2631 l.
3091 2591 3149 2630 ιιι
3178 2575 3380 2630 harum
3409 2573 3715 2629 observatio-

2172 2687 2325 2734 num.
2357 2686 2407 2726 c.
2449 2670 2501 2736 5,
2550 2685 2608 2723 ιι.
2652 2669 2686 2725 6
2712 2686 2730 2737 ;
2756 2685 2903 2725 nunc
2954 2668 3299 2725 occasionem
3345 2682 3459 2723 non
3498 2668 3715 2720 omittam

2173 2761 2591 2819 demonstrandi
2608 2761 2937 2817 Vaticanum
2964 2760 3387 2832 paraphrastem
3404 2772 3714 2830 nequaquam

2172 2859 2353 2930 ipsum
2385 2855 2550 2929 675
2576 2855 2746 2911 fuisse
2787 2855 3205 2927 Pacbymerem,
3245 2855 3345 2925 qui
3401 2853 3557 2909 aliam
3582 2851 3713 2923 quasi

2171 2950 2473 3006 editionem
2500 2949 2585 3005 sui
2612 2949 2800 3019 operis
2828 2955 3178 3004 commutans
3203 2947 3448 3018 plurima
3489 2946 3715 3014 vulgave-

2174 3043 2282 3108 rit;
2316 3042 2369 3097 id
2398 3041 2545 3112 quod
2575 3042 2756 3097 virum
2782 3040 3167 3096 doctissimum
3192 3039 3534 3110 suspicatum
3556 3035 3710 3090 video.

2176 3136 2235 3191 Si
2274 3136 2422 3191 enim
2448 3136 2496 3190 is
2519 3134 2640 3206 ipse
2677 3144 2847 3196 esset.
2882 3150 2995 3189 non
3037 3134 3111 3189 ita
3139 3132 3437 3189 manifeste
3476 3146 3506 3187 a
3538 3144 3593 3186 se
3619 3129 3716 3200 ipso

497 3251 528 3289 a
555 3218 720 3287 cantu
763 3227 1009 3301 Symboli
1037 3240 1162 3281 cum
1194 3222 1478 3278 additione
1505 3219 1876 3311 Filioquepro
1914 3218 2070 3311 signo
2099 3250 2144 3311 α
2177 3225 2552 3291 dissensus“,
2591 3233 2653 3280 ιιι
2709 3225 2803 3281 hic
2846 3225 2998 3281 facit.
3033 3224 3172 3281 cum
3221 3225 3377 3281 enim
3433 3224 3488 3279 in
3541 3219 3715 3277 ηοεηί,

498 3321 877 3395 profitentium
921 3331 1077 3373 suam
1110 3314 1178 3369 de
1220 3311 1579 3384 processione
1623 3307 1867 3380 Spiritus
1896 3308 2072 3362 sancti
2110 3307 2143 3311 '
2176 3316 2404 3388 optimis
2435 3316 2477 3371 Β
2504 3327 2562 3374 ει
2587 3313 2626 3371 A‘
2660 3317 2825 3373 codd,
2855 3317 3221 3387 pachymeres
3251 3317 3361 3374 hoc
3396 3316 3517 3372 ιυοο
3548 3313 3715 3370 habear

499 3429 571 3468 ex
600 3413 761 3467 Patre
791 3408 909 3464 solo
937 3404 1192 3462 haeresim
1223 3401 1523 3458 habebant.
1555 3400 1648 3456 Sis
1671 3399 1907 3455 Photius
1932 3397 2075 3454 Leo-

501 3519 626 3560 nem
673 3502 897 3558 tertium
945 3506 1203 3568 tanquam
1259 3493 1364 3550 sibi
1409 3490 1844 3549 consentientem
1876 3490 1934 3545 in
1969 3489 2074 3545 ista

499 3592 841 3666 blaSphemia
893 3588 1103 3653 laudat,
1151 3585 1299 3657 quod
1346 3584 1612 3638 nimirum
1664 3582 1758 3638 ille
1804 3580 2074 3637 noluisset

501 3685 711 3743 cantari
772 3681 1094 3754 Symbolum
1158 3692 1283 3733 eum
1358 3675 1738 3730 additamenta
1806 3672 2066 3745 Filioque.

498 3778 682 3836 Coacti
714 3790 846 3847 ergo
890 3787 1016 3828 vere
1046 3777 1196 3837 sunt,
1231 3777 1294 3825 ut
1330 3766 1578 3839 loquitur
1625 3765 1876 3822 Andreas
1917 3766 2071 3822 Rbo-

500 3876 626 3930 dius
676 3869 935 3942 superius
989 3867 1216 3929 relatus,
1264 3861 1497 3919 Romani
1531 3859 1824 3932 pontiﬁces
1858 3859 2071 3915 cantari

493 3969 690 4044 jubere
751 3962 1071 4036 Symbolum
1131 3956 1223 4012 tali
1288 3954 1571 4011 additione
1622 3962 1869 4022 auctum,
1910 3955 2073 4027 justo

497 4070 648 4116 metu
683 4056 868 4129 gravis
903 4050 1171 4114 scandali,
1206 4059 1322 4105 tum
1365 4048 1511 4119 apud
1556 4048 1801 4111 Latinos,
1834 4062 2071 4118 quorum

500 4154 761 4212 Ecclesite
815 4151 1091 4221 pleraeque
1122 4144 1235 4216 jam
1274 4143 1328 4198 ul
1356 4157 1417 4197 ro
1450 4150 1674 4198 cantum
1707 4141 1863 4196 illum
1908 4156 2074 4197 usur-

499 4254 716 4320 parant,
747 4254 860 4299 tum
893 4239 1039 4311 apud
1070 4237 1313 4302 Graecos,
1346 4234 1443 4306 qui
1467 4235 1588 4306 ejus
1611 4233 1690 4289 rei
1713 4234 2074 4290 emissionem

498 4343 555 4395 in
610 4337 821 4396 erroris
871 4334 956 4390 sui
1013 4328 1388 4402 patrocinium
1437 4326 1753 4394 trahebant,
1798 4333 1857 4383 et
1892 4334 2076 4384 tamen

498 4432 586 4488 vel
620 4430 701 4485 sic
723 4425 897 4482 coacti
926 4428 1305 4492 temperarunt
1332 4418 1551 4474 Graecos
1582 4416 1731 4487 ipsos
1757 4418 1980 4489 adigere
2003 4419 2074 4475 ad

499 4526 553 4590 id
576 4520 891 4597 Symbolum
909 4532 1034 4572 cum
1069 4513 1185 4585 pari
1211 4511 1491 4567 additione
1514 4511 1570 4566 in
1601 4510 1827 4567 ecclesia
1846 4522 2075 4567 cantan-

2178 3410 2321 3483 πλὴν
2349 3410 2450 3464 οὐκ
2474 3410 2567 3463 ἐπὶ
2595 3409 2788 3464 τούτου
2815 3409 2912 3464 τοῦ
2945 3408 3139 3481 καιροῦ
3170 3409 3436 3479 γεγονὸς,·
3454 3407 3583 3463 ἀλλὰ
3608 3403 3716 3478 πρό-

2173 3520 2360 3576 τερον,
2382 3503 2773 3575 paraphrastes
2796 3503 2877 3559 sic
2906 3503 3059 3558 hunc
3097 3502 3277 3559 locum
3299 3501 3467 3558 eﬂert
3484 3501 3715 3573 πρότερον

2180 3595 2282 3669 μὲν
2306 3595 2527 3666 συμϐὰν
2562 3597 2702 3665 μετὰ
2728 3594 2791 3648 τὸ
2841 3594 3196 3666 ἐξορισθῆναι
3244 3593 3586 3665 πατριάρχην
3613 3590 3716 3659 ’Δρ-

2179 3690 2375 3747 σένιον.
2419 3687 2501 3744 Ita
2538 3688 2650 3753 ille,
2693 3695 2752 3745 et
2780 3703 2907 3743 mox
2930 3698 2991 3744 ut
3016 3686 3120 3743 sibi
3160 3686 3458 3751 cohaereat,
3490 3686 3576 3740 ubi
3602 3699 3712 3740 eon-

2175 3789 2376 3838 ventus
2404 3790 2489 3836 est
2516 3780 2723 3836 mentio
2748 3780 2924 3836 habiti
2948 3779 3297 3851 congregatis
3321 3778 3592 3850 episcopis
3609 3789 3713 3829 cum

2175 3875 2514 3949 patriarcha,
2541 3876 2875 3946 imperatore
2915 3882 3212 3945 prasente,
3257 3872 3345 3944 |P.
3375 3871 3501 3945 475]
3532 3854 3716 3926 Vatica-

2175 3983 2283 4024 nus
2345 3967 2717 4033 patriarcham
2774 3976 2905 4022 tunc
2959 3965 3131 4022 fuisse
3177 3965 3514 4021 Germanum
3542 3962 3715 4017 diserte

2178 4059 2345 4116 tradit
2377 4069 2573 4116 contra
2618 4058 2965 4115 manifestam
2999 4057 3353 4130 Pachymeris
3399 4055 3714 4120 sententiam,

2177 4152 2273 4224 qui
2301 4152 2443 4207 nihil
2470 4150 2696 4207 omnino
2725 4150 2793 4206 de
2827 4149 3233 4205 conciliationis
3258 4150 3616 4205 Eeclesiarum
3637 4159 3717 4199 ne-

2177 4245 2328 4316 gotio
2386 4251 2706 4308 tractatum,
2753 4241 3003 4313 quandiu
3064 4241 3502 4313 patriarchatum
3562 4236 3716 4296 tenuit

2176 4337 2506 4402 Germanus,
2567 4335 2756 4391 tradit.
2792 4335 2905 4389 Nec
2944 4340 3126 4404 potest
3162 4348 3285 4390 esse
3319 4333 3546 4388 dubium
3604 4330 3714 4399 quin

2176 4429 2493 4502 patriarcha
2525 4428 2637 4484 illic
2673 4426 2838 4484 tacito
2879 4425 3157 4482 indicatus
3207 4425 3432 4481 nomine
3476 4421 3715 4492 Iosephus

2177 4522 2380 4588 fuerit;
2418 4520 2521 4575 sub
2549 4534 2661 4591 quo
2692 4519 2911 4574 demum
2939 4518 3193 4573 tractatio
3225 4515 3530 4573 concordia:
3569 4510 3716 4568 Eccle.

498 4619 652 4674 dum.
684 4613 839 4669 Licet
885 4625 992 4664 non
1038 4607 1296 4662 deessent
1322 4604 1670 4668 fervidiores,
1704 4601 1798 4672 qui
1841 4602 1893 4657 id
1923 4602 2071 4660 ϐιω-
2103 4618 2145 4674 ι)
2174 4612 2378 4668 sim-um
2412 4610 2618 4666 moveri
2662 4617 2841 4678 empta
2870 4617 2973 4663 est.
3001 4608 3070 4662 Et
3101 4605 3326 4677 quidem
3371 4605 3601 4675 Josepho
3640 4616 3719 4672 pa-

498 4711 579 4766 cis
612 4704 823 4779 injungi
868 4700 1189 4757 suaderent.
1233 4694 1437 4752 Contra
1472 4711 1612 4765 quos
1653 4694 1875 4750 videtur
1906 4695 2072 4752 Joan.

497 4817 597 4858 nes
620 4800 938 4859 Parastron,
965 4786 1734 4857 missus-Constantinopolim
1788 4803 1819 4843 a
1864 4786 2071 4860 Grego-

500 4896 583 4949 rio
614 4891 684 4956 X,
729 4889 823 4945 illa
856 4886 1021 4942 verba
1054 4900 1083 4939 a
1113 4882 1449 4952 Pachymcre
1484 4879 1587 4934 hoc
1619 4880 1799 4947 capite
1841 4879 2070 4935 recitata

501 4984 825 5058 protulisse;
861 4995 959 5050 per
1009 4991 1131 5048 quae
1184 4972 1416 5029 suadere
1447 4971 1632 5025 studet
1685 4970 1840 5026 Italis
1895 4978 1952 5026 ut
1985 4970 2067 5026 di-

500 5078 656 5131 misso
687 5080 968 5141 amotoque
998 5067 1280 5122 additionis
1310 5065 1379 5117 ad
1421 5061 1726 5133 Symbolum
1782 5064 1833 5133 (a
1864 5063 2070 5121 Graecis

497 5167 755 5222 videlicet
780 5160 1083 5233 exigendae)
1130 5155 1410 5217 seandalo,
1452 5172 1571 5209 cum
1626 5156 1906 5226 fratribus,
1941 5172 2069 5225 quos

496 5261 727 5314 viderent
762 5256 943 5326 palam
996 5252 1191 5309 Grazcis
1239 5248 1535 5313 conciliari,
1591 5264 1716 5302 uera
1749 5249 1825 5302 ita
1858 5248 2068 5303 demunt

495 5352 756 5407 coalitum
786 5364 932 5419 pace,
960 5345 1173 5399 vellent.
1213 5341 1301 5397 Uti
1337 5349 1392 5395 et
1421 5339 1661 5395 vicissim
1695 5338 1919 5396 Gnaeos
1942 5355 2069 5395 mox

495 5447 645 5515 ipsos
675 5442 931 5496 hortatur
970 5435 1037 5491 ad
1066 5432 1431 5489 admittendas
1465 5440 1521 5486 et
1558 5431 1693 5486 satis
1721 5431 2068 5501 accipiendas

493 5534 878 5592 excusationes
934 5543 1073 5600 quas
1127 5526 1309 5581 Latini
1365 5524 1667 5595 allegarent
1718 5538 1820 5593 pro
1858 5520 2071 5578 addita-

494 5636 681 5681 mento
712 5622 780 5677 ad
806 5620 1148 5691 Symbolum,
1177 5616 1282 5671 hoc
1307 5624 1392 5670 est
1424 5629 1524 5685 pro
1557 5629 1625 5669 eo
1662 5611 1810 5684 quod
1839 5610 2071 5685 Symbo-

495 5720 611 5772 lum
643 5730 776 5769 voce
817 5713 1056 5781 Filioque
1085 5719 1307 5764 auctum
1345 5709 1400 5761 in
1440 5707 1554 5761 suis
1590 5707 1840 5761 ecclesiis
1874 5714 2068 5762 canta—

496 5820 642 5872 rent,
674 5817 835 5879 prout
874 5805 1038 5877 jusris
1068 5813 1125 5859 et
1160 5802 1490 5857 necessariis
1516 5800 1585 5855 de
1614 5798 1796 5854 causis
1828 5802 2067 5871 majores

446 5908 453 5913 '
498 5904 744 5974 ipsorum
800 5900 853 5954 id
898 5896 1284 5952 instituissent.
1327 5893 1658 5949 Prxstitissc
1695 5892 1829 5948 mihi
1875 5894 2065 5950 videor

2180 4702 2543 4757 triarcbatum
2587 4714 2780 4770 gerere
2822 4699 3122 4769 incipiente
3154 4699 3404 4754 nondum
3451 4698 3613 4753 fuisse
3639 4694 3716 4747 de-

2178 4792 2474 4847 formatum
2524 4790 2717 4847 infami
2757 4790 3028 4860 supplicio
3066 4787 3421 4855 Holobolum,
3457 4785 3716 4843 manifeste

2178 4888 2330 4952 patet
2356 4896 2423 4936 ex
2456 4897 2576 4952 cap.
2609 4881 2777 4952 hujus
2809 4881 2933 4936 libri
2971 4880 3058 4947 li,
3081 4895 3194 4950 quo
3224 4892 3483 4935 narratur
3506 4879 3716 4949 impera-

2180 4984 2354 5031 torem
2389 4975 2598 5029 ursisse
2632 4973 3001 5042 patriarcham
3030 4973 3350 5044 (Josephum
3379 4969 3642 5041 videlicet)
3670 4974 3716 5023 et

2178 5066 2448 5137 quosdam
2476 5080 2546 5120 ex
2576 5066 2725 5121 clero
2760 5066 2828 5119 ad
2860 5066 3273 5120 assentiendum
3301 5066 3420 5136 paci
3447 5079 3601 5137 quam
3628 5073 3720 5117 ιηο

2178 5158 2366 5215 ctabat
2419 5172 2545 5214 cum
2593 5157 2842 5213 Ecclesia
2897 5157 3168 5223 Romana,
3212 5157 3627 5229 suffragantibus
3670 5154 3717 5209 in

2177 5253 2284 5309 hoc
2319 5252 2423 5322 ipsi
2455 5251 2847 5306 archidiacono
2892 5250 3264 5317 Meleteniota,
3294 5249 3523 5321 Georgio
3545 5249 3717 5321 Cyprio

2175 5342 2665 5415 protapostolario,
2695 5353 2749 5399 et
2803 5342 2907 5397 hoc
2956 5344 3077 5412 ipso
3104 5341 3392 5410 Holobolo,
3424 5357 3580 5414 quem
3611 5341 3719 5397 inde

2178 5446 2329 5509 patet
2354 5438 2599 5493 nondum
2635 5438 2777 5492 male
2801 5438 3095 5493 multatum
3123 5438 3194 5493 ab
3221 5439 3573 5509 imperatore,
3604 5436 3719 5508 quin

2175 5528 2345 5583 etiam
2375 5528 2431 5582 in
2465 5529 2639 5599 gratia
2680 5536 2814 5583 tunc
2843 5529 2987 5598 apud
3017 5543 3147 5583 eum
3177 5529 3368 5597 fuisse,
3414 5529 3586 5585 donec
3613 5540 3718 5583 eam

2177 5622 2275 5676 illo
2305 5622 2425 5691 ipso
2460 5630 2738 5677 conventu
2773 5621 3149 5692 imprudentia
3178 5638 3275 5678 sua
3311 5622 3565 5693 perdidit.
3591 5619 3718 5676 Alibi

2177 5714 2344 5769 etiam
2387 5714 2676 5769 observavi
2734 5714 3061 5782 scriptorem
3098 5715 3246 5771 hunc
3301 5732 3331 5771 a
3374 5714 3719 5782 Pachymeris,

2179 5822 2344 5878 quem
2377 5808 2691 5878 interpolat,
2729 5816 2914 5865 mente
2942 5807 3224 5865 aberrare.
3259 5809 3364 5866 Sed
3396 5809 3501 5866 hoc
3530 5810 3582 5865 iu
3607 5821 3719 5880 spe-

2179 5898 2358 5954 cimen
2391 5898 2580 5955 talium
2611 5898 2829 5955 abunde
2866 5900 2938 5956 sit
2973 5899 3064 5955 hic
3110 5916 3461 5958 memorasse.
