3992 6530
304 658 581 725 probante
620 663 908 719 consilium
945 670 1471 730 reconciliandarum
1512 679 1884 738 Ecclesiarum

310 760 544 817 repente
573 752 627 805 in
661 755 778 823 ejus
810 758 959 824 pacis
998 759 1377 819 adversarium
1411 772 1757 825 mutaretur?
1786 773 1884 828 Ni-

306 841 388 895 hil
416 859 551 900 sane
580 845 685 900 nisi
719 862 777 902 se
804 849 989 905 minus
1019 851 1322 911 honorifice
1371 875 1534 927 quam
1570 864 1735 918 vellet
1767 873 1880 921 tra-

302 942 513 989 ctatum
541 938 610 992 ab
639 939 920 1009 Augusto;
953 960 1114 1013 quam
1152 947 1263 1014 ille,
1318 958 1378 1004 ut
1409 954 1659 1021 putabat,
1689 968 1881 1014 contu-

299 1026 525 1081 meliam
566 1035 976 1098 perseverantia
1026 1038 1082 1093 in
1127 1040 1423 1097 schismate
1468 1054 1524 1100 et
1571 1050 1878 1116 pervicacia

297 1118 494 1172 ulcisci
513 1121 744 1179 studuit.
771 1125 847 1178 En
869 1143 978 1195 quo
998 1129 1192 1196 spiritu
1214 1131 1385 1187 Graeci
1410 1136 1743 1193 schismatici
1762 1140 1874 1195 fer-

296 1216 514 1264 rentur.
548 1209 659 1266 Non
695 1229 790 1268 eos
824 1218 981 1282 ratio,
1004 1234 1113 1273 non
1146 1225 1462 1291 auctoritas,
1487 1243 1596 1281 non
1626 1230 1875 1286 veritatis

294 1311 453 1365 cura,
491 1301 586 1355 sed
624 1304 855 1360 ambitio
886 1317 941 1361 et
970 1311 1227 1378 superbia
1263 1315 1601 1387 privataeque
1632 1322 1875 1378 rationes

293 1392 746 1461 prmeipitabant,
801 1399 919 1469 ipso
950 1402 1019 1457 iis
1073 1405 1294 1461 addicto
1342 1408 1606 1465 historico
1646 1414 1870 1470 fatente.

289 1478 415 1533 Non
446 1482 523 1538 ita
572 1483 803 1543 Joannis
856 1488 1016 1545 Vacci
1055 1508 1120 1547 ex
1160 1496 1478 1555 adversario
1510 1500 1565 1555 in
1601 1502 1869 1560 fautorem

287 1568 617 1628 Latinorum
652 1580 879 1634 mutatio
896 1584 1125 1655 contigit
1158 1591 1411 1657 superius
1433 1607 1482 1647 c.
1509 1593 1579 1647 25
1607 1605 1824 1653 narrata
1853 1616 1868 1663 ;

266 1661 387 1734 .ille
438 1667 711 1736 siquidem
766 1677 944 1743 quoad
1008 1681 1220 1747 putavit
1271 1699 1491 1740 causam
1552 1688 1868 1747 Grmcorum

289 1759 533 1815 veritate
554 1763 680 1829 niti,
706 1766 952 1822 modeste
983 1770 1186 1825 restitit
1225 1773 1541 1844 imperatori
1579 1796 1748 1851 usque
1796 1783 1862 1837 ad

1990 680 2183 745 tinent,
2232 685 2456 755 signatze
2494 695 2775 752 vocabulis
2824 680 3018 758 Medon
3048 716 3100 761 ct
3142 709 3335 768 Coron.
3389 717 3559 774 Porro

1986 771 2079 838 qui
2111 773 2291 827 sinum
2340 776 2624 837 Modonem
2661 787 2801 843 inter
2834 802 2887 845 ct
2923 794 3192 853 Coronem
3236 804 3399 860 situm
3459 811 3555 863 ἰη-

1986 870 2112 929 trat,
2139 865 2185 920 is
2227 876 2285 921 ut
2316 869 2625 929 Methonem
2665 879 2746 934 sic
2776 894 2824 936 et
2863 883 3133 943 Coronem
3163 898 3408 952 tenuisse
3443 901 3551 956 dici

1983 964 2184 1023 potest,
2228 970 2287 1015 ut
2317 962 2453 1017 nihil
2481 967 2750 1035 glossator
2803 979 3012 1033 auctori
3046 988 3381 1043 contrarium
3418 993 3554 1048 alle-

1980 1047 2146 1102 verit.

2049 1133 2111 1191 P.
2145 1138 2270 1196 4‘20.
2297 1141 2396 1198 Cui
2422 1144 2664 1204 Manueli
2694 1169 2883 1211 nomen
2936 1150 3052 1215 erat
3097 1166 3370 1226 Zur/tario:
3417 1176 3549 1242 ﬁlio.

1980 1226 2115 1282 Puta
2137 1230 2251 1285 haec
2274 1233 2537 1294 llanuelis
2559 1252 2611 1296 et
2631 1243 2911 1305 Zachariae
2931 1257 3188 1312 vocabula
3212 1271 3551 1330 praenomina

1976 1317 2145 1375 fuisse
2208 1323 2491 1383 hominum
2532 1334 2732 1402 quibus
2791 1356 3082 1403 commune
3111 1352 3251 1407 foret
3303 1356 3551 1416 Catanen:

1974 1413 2153 1480 gentis
2191 1431 2413 1476 nomen.
2444 1421 2557 1480 iloc
2605 1429 2751 1485 enim
2797 1434 3091 1496 dicendum
3124 1451 3437 1506 necessario
3470 1455 3550 1508 vi-

1974 1501 2155 1570 detur,
2193 1517 2250 1562 ut
2281 1510 2643 1581 Pachytneres
2675 1536 2796 1576 cum
2836 1526 3077 1598 Gregora
3126 1550 3362 1608 cumque
3394 1544 3542 1601 Dura

1972 1592 2255 1653 Michaelis
2289 1614 2508 1671 nepote,
2537 1610 2693 1680 cujus
2738 1613 3041 1690 historiam,
3069 1624 3150 1677 vir
3189 1628 3547 1691 doctissimus

1973 1681 2164 1742 lsmael
2197 1688 2479 1751 Bulialdus
2503 1708 2628 1757 ante
2653 1704 2754 1760 hos
2787 1722 2964 1765 annos
2988 1715 3304 1783 quindecim
3337 1727 3549 1792 primus

1973 1774 2166 1843 edidit,
2201 1785 2513 1851 conveniat,
2542 1790 2813 1861 siquidem
2852 1798 2930 1852 illi
2978 1774 3143 1858 ambo
3192 1774 3394 1864 doceiit
3445 1814 3544 1866 Mi-

2502 1843 2512 1851 .
2553 1843 2812 1861 η-ι-ηυη
2978 1843 3142 1858 ...ηνυ
3192 1843 3394 1864 ww...
3445 1843 3542 1866 ,,,,-

282 1851 699 1917 perpessionem
747 1860 987 1913 carceris
1015 1878 1030 1927 ;
1058 1861 1149 1916 ubi
1185 1880 1315 1919 vero
1365 1883 1482 1936 per.
1508 1870 1678 1925 otium
1708 1874 1865 1931 lectis
1896 1843 1939 1902 Β
1968 1868 2216 1928 cltaelem
2274 1876 2636 1953 Palaeologum
2694 1887 2841 1944 hunc
2886 1904 3134 1950 nostrum
3201 1908 3542 1962 concessisse

283 1936 506 1962 Π--ι..--..-
534 1943 588 1962 ιιι
644 1950 655 1958 -
747 1948 760 1962 ι
930 1952 941 1962 .
966 1952 1021 1962 .._
1157 1957 1169 1962 -
1276 1959 1286 1962 -

280 1936 510 1995 Patrum
533 1943 689 2001 libris
714 1948 861 2005 clare
893 1952 1028 2007 vidit
1055 1957 1241 2023 potius
1268 1959 1359 2028 jus
1379 1976 1498 2016 esse
1521 1962 1860 2036 Latinorum,

279 2031 475 2086 statim
503 2038 743 2105 agnitam
778 2042 1064 2099 veritatem
1103 2056 1191 2102 est
1215 2051 1496 2118 professus
1520 2063 1576 2110 et
1606 2069 1862 2116 constan-

279 2121 500 2178 tissime
540 2127 813 2187 defendit.

351 2214 418 2269 P.
450 2217 577 2272 594.
611 2220 880 2280 Intestinis
927 2229 1096 2283 ovium
1137 2233 1251 2302 ipso
1304 2238 1473 2293 adhuc
1503 2240 1629 2309 ﬁmo
1657 2244 1862 2314 refertis

274 2305 527 2375 impliciti
557 2317 851 2386 onustique.
888 2319 997 2376 Etsi
1027 2324 1170 2381 hanc
1223 2328 1424 2386 fmdam
1459 2336 1858 2398 traductionem

273 2394 664 2458 damnatorum
702 2422 799 2475 per
832 2411 1026 2467 urbem
1052 2419 1237 2472 καινὸν
1266 2418 1533 2492 θρίαμϐον
1558 2394 1860 2500 Pachyni;

270 2503 369 2544 res
398 2504 577 2560 vocat,
609 2513 1004 2566 praecesserant
1051 2517 1228 2565 tamen
1263 2514 1383 2584 ejus
1430 2522 1683 2590 exempla
1714 2523 1859 2580 Con-

270 2584 665 2656 stantinopoli.
724 2593 860 2648 Vide
895 2597 1106 2654 Annam
1148 2601 1505 2672 Comnenam,
1529 2584 1659 2680 quid
1690 2615 1857 2688 676

271 2674 396 2743 ipsa
430 2678 607 2736 simile
662 2684 882 2750 viderit,
918 2691 1268 2754 referentem.
1299 2698 1340 2753 Ι.
1363 2716 1438 2754 xu
1466 2702 1762 2775 Alexiadis,
1798 2726 1852 2780 p.

269 2763 383 2819 363
413 2766 504 2821 ed.
544 2770 701 2841 Reg.,
740 2775 828 2828 tibi
862 2781 1215 2847 peculiariter
1240 2787 1293 2842 in
1338 2805 1450 2846 rem
1484 2806 1726 2853 nostram
1754 2817 1857 2856 no-

271 2862 354 2909 tat
381 2872 482 2913 eos
508 2863 598 2931 qui
630 2864 735 2920 hoc
778 2871 941 2924 modo
988 2873 1541 2940 circumducebantur
1594 2889 1853 2951 habuisse

269 2950 459 3019 capita
490 2953 766 3012 intestinis
818 2961 983 3018 boum
1017 2968 1315 3040 oviumque
1352 2978 1504 3043 quasi
1541 2980 1607 3034 ad
1642 2983 1851 3039 ridicu-

266 3044 386 3099 lum
440 3060 693 3107 ornatum
734 3055 948 3112 cincta:
989 3060 1100 3125 Τὰς
1153 3064 1208 3117 δὲ
1236 3068 1496 3135 κεφαλὰς,
1527 3074 1726 3145 inquit,
1760 3078 1849 3130 tv-

263 3137 508 3201 τοσοίοις
540 3141 679 3210 βοῶν
701 3146 795 3198 καὶ
827 3150 1123 3217 προϐάτων
1172 3158 1383 3223 ταινίας
1420 3161 1576 3232 δίκην
1604 3137 1841 3239 ’κοαμή-
1876 3198 1918 3256 c

266 3242 468 3256 -....--_
520 3231 574 3256 ι..
615 3237 808 3256 μαψ-
992 3242 1029 3256 ..
1149 3245 1179 3256 Α.

266 3242 489 3291 σαντες.
519 3231 576 3286 in
611 3237 816 3305 optimo
849 3256 953 3296 nis.
992 3242 1311 3315 Pugetiano,
1346 3266 1470 3308 cum
1502 3231 1611 3325 quo
1641 3259 1845 3316 editam

259 3319 377 3389 jam
406 3322 723 3382 Alexiadem
772 3335 981 3389 contuli
1030 3346 1087 3392 et
1148 3328 1269 3407 plus
1321 3360 1485 3413 quam
1518 3319 1671 3406 inille
1708 3352 1847 3410 locis

262 3413 583 3479 emendavi,
613 3417 810 3489 legitur
849 3430 1392 3500 κατακοσμήσαντες.

340 3502 383 3556 Ρ
416 3503 540 3560 397.
567 3509 721 3574 [nec
774 3515 1074 3584 Μεθώνηνῗ
1108 3522 1392 3589 γίνονται.
1431 3527 1521 3586 Sic
1557 3544 1846 3594 contextus

264 3591 439 3659 trium
470 3596 634 3652 simul
678 3602 932 3659 codicum
958 3623 971 3660 :
997 3608 1091 3663 sed
1121 3610 1175 3665 in
1208 3613 1513 3674 Barherino
1538 3636 1703 3693 supra
1731 3628 1845 3680 Με-

261 3681 449 3753 θώνην
484 3690 782 3759 ascriptum
816 3695 870 3750 in
903 3697 1098 3767 glossae
1155 3705 1376 3761 modum
1411 3681 1675 3784 Koptit‘l;jV
1705 3719 1845 3787 legi-

258 3790 409 3830 mus.
452 3777 568 3834 Hoc
597 3782 666 3837 ab
702 3786 920 3844 erudito
944 3790 1148 3848 lectore
1184 3796 1449 3869 additum,
1484 3777 1740 3873 putamus
1772 3811 1840 3866 ad

256 3871 703 3933 prtevertendam
760 3878 1197 3952 ambiguitatem,
1257 3904 1381 3958 quae
1432 3871 1618 3961 posset
1675 3900 1841 3972 objici

254 3957 447 4013 minus
474 3964 652 4019 cautis
701 3981 730 4020 a
778 3972 1045 4027 vocabulo
1096 3977 1384 4050 Μεθώνης.
1420 3985 1531 4040 lsto
1559 3990 1703 4044 enim
1738 4009 1841 4048 no-

258 4049 416 4105 mine
444 4056 685 4111 esturbs
713 4058 960 4117 Thracia:
983 4068 1125 4135 apud
1152 4068 1376 4126 Suidam
1400 4084 1454 4129 et
1476 4077 1837 4152 Stephanum;

256 4140 394 4194 item
423 4143 527 4198 alia
557 4145 887 4207 Macedoniae
922 4154 975 4208 in
1009 4157 1308 4230 Magnesia,
1339 4170 1495 4237 cujus
1542 4175 1840 4234 meminere

255 4228 628 4303 Thucydides,
659 4240 876 4306 Strabo,
914 4228 1246 4316 Stephanus,
1296 4228 1545 4327 iPlinius,
1589 4228 1839 4322 etc.

256 4323 466 4379 thonen
498 4328 663 4383 etiam
702 4335 757 4387 in
814 4335 1094 4395 Thessalia
1128 4359 1397 4403 memorat
1424 4349 1743 4423 Hesychius,
1776 4359 1840 4413 il-

249 4413 361 4467 lam
397 4416 538 4473 forte
593 4420 660 4476 de
720 4439 827 4494 qua
868 4428 1078 4486 Seneca
1117 4434 1286 4493 choro
1332 4449 1487 4498 actus
1512 4413 1835 4506 Troadum

252 4506 341 4561 his
366 4512 652 4568 versibus:

463 4626 544 4719 A2
580 4627 1043 4719 [requ'entsnruscis‘
1101 4640 1299 4719 levibus
1356 4647 1618 4719 Methone,

502 4696 631 4762 Qua:
659 4703 752 4753 sub
781 4703 983 4760 (Elaris
1024 4696 1293 4768 latebrosa
1314 4696 1481 4785 siluis,
1500 4696 1588 4777 etc

246 4788 407 4842 Nulla
460 4804 630 4859 porro
674 4794 869 4849 harum
921 4799 976 4853 in
1030 4801 1177 4858 hunc
1198 4806 1378 4862 locum
1415 4816 1688 4880 quadrat:
1721 4833 1829 4873 non

246 4878 397 4931 cnim
428 4894 718 4948 provectos
746 4902 776 4941 a
810 4887 979 4943 Malea
1015 4891 1265 4951 Laconia:
1296 4907 1673 4967 promontorio
1707 4909 1831 4964 llel-

247 4969 551 5038 lc5p0ntias
600 4988 800 5034 ventus
860 4983 1038 5051 plenis
1088 4987 1228 5043 velis
1266 5008 1362 5061 per
1399 5002 1565 5052 totam
1610 5010 1826 5057 noctem

247 5059 561 5130 impellens,
600 5071 745 5136 quod
788 5072 872 5127 hic
910 5076 1138 5145 dicitur,
1168 5059 1442 5152 appellere
1473 5099 1621 5145 retro
1649 5097 1829 5160 potuit

246 5152 300 5205 in
329 5154 703 5213 Macedoniam
760 5174 853 5217 aut
906 5167 1215 5227 Thraciam.
1250 5176 1345 5230 list
1378 5194 1509 5248 ergo
1548 5183 1664 5238 hinc
1712 5188 1824 5239 Με-

245 5242 394 5314 Θὼνη
438 5262 600 5316 quam
652 5250 950 5312 Pausanias
999 5261 1264 5336 Μοθώνην
1302 5242 1513 5335 scribit,
1548 5273 1827 5331 Messenia:

246 5336 386 5389 urbs
424 5340 701 5397 maritima
738 5345 793 5400 in
824 5350 1044 5405 modico
1078 5361 1480 5424 promontorio,
1510 5366 1598 5419 cui
1624 5367 1823 5423 advero

244 5442 367 5481 sum
400 5429 547 5485 aliud
578 5448 808 5505 angusto
831 5440 957 5495 sinu
982 5443 1317 5517 diremptum
1349 5452 1566 5509 Corone
1599 5457 1821 5525 insidet,

244 5521 352 5575 alia
386 5525 538 5588 urbs,
570 5525 655 5597 [Ρ.
694 5530 820 5603 474]
858 5536 1015 5604 cujus
1038 5550 1324 5609 propterea
1360 5549 1692 5603 mentionem
1725 5521 1822 5621 op;

245 5620 487 5677 portunc
514 5621 758 5687 suggerit
785 5623 1054 5691 glossema
1094 5645 1202 5685 non
1238 5634 1431 5691 inutile
1458 5638 1523 5690 ad
1558 5620 1821 5697 determi-

244 5703 491 5760 nandum
525 5708 590 5763 de
633 5728 737 5779 qua
768 5715 1021 5774 Methone
1063 5721 1153 5776 hic
1183 5737 1376 5792 agatur
1402 5744 1415 5782 :
1444 5746 1569 5784 nam
1600 5732 1651 5786 in
1678 5735 1821 5791 hanc

242 5805 354 5845 non
393 5794 765 5857 invet'isimilis
797 5821 992 5863 cursus
1023 5825 1050 5863 a
1084 5811 1249 5867 Malea
1284 5814 1384 5870 fuit
1424 5830 1586 5875 vento
1611 5825 1702 5889 qui
1749 5827 1816 5880 ab

1967 1959 2253 2019 Phocaeam
2289 1966 2668 2031 Cataneis.Ac
2697 1977 2969 2051 Gregoras
3018 1988 3241 2055 quidem
3287 1995 3389 2049 sub
3434 1998 3542 2051 ini—

1967 2054 2100 2110 tium
2127 2056 2250 2111 libri
2277 2076 2350 2125 x1,
2378 2078 2429 2131 p.
2458 2064 2585 2130 259,
2609 2083 2778 2139 agens
2804 2073 2872 2129 dc
2893 2054 3096 2133 Catane
3122 2080 3362 2141 Phocaea:
3385 2091 3542 2157 prin-

1964 2144 2103 2214 cipe,
2136 2156 2192 2202 et
2223 2165 2349 2204 eum
2384 2153 2693 2226 Mitylenem
2745 2170 2875 2220 tunc
2928 2182 3228 2241 occupasse
3290 2179 3536 2236 referens

1963 2235 2017 2289 in
2048 2252 2282 2309 eamque
2314 2244 2675 2317 immigrasse,
2702 2257 2958 2323 praesidio
2981 2270 3159 2319 tamen
3187 2270 3366 2327 valido
3394 2275 3538 2329 Pho-

1962 2340 2086 2382 caeae
2114 2331 2327 2398 relicto,
2364 2339 2551 2392 statim
2613 2343 2835 2402 subdit:
2872 2351 3086 2423 Κλῆρος
3143 2358 3188 2410 δ’
3238 2362 3385 2433 αὐτῷ
3434 2384 3534 2417 περ

1962 2419 2192 2488 ριελοὼν
2217 2420 2284 2495 ἦν
2306 2427 2413 2481 ἀπὸ
2446 2436 2729 2503 προγόνων
2763 2442 2795 2512 ἡ
2824 2419 3048 2499 Φώκαια
3083 2452 3217 2520 πρὸς
3248 2420 3533 2525 compotat-

1959 2509 2093 2579 λέως
2142 2516 2236 2570 καὶ
2262 2520 2485 2575 πάππου
2527 2527 2620 2580 τοῦ
2662 2509 2929 2601 βασιλέως
2979 2509 3141 2607 σφίσι,
3172 2509 3386 2600 δοθεῖσα
3411 2551 3533 2602 ἐπι-

1958 2610 2165 2677 τροπῆς
2201 2610 2362 2665 ἕνεκα
2390 2618 2483 2667 καὶ
2514 2623 2815 2692 χρημάτων
2840 2628 3026 2700 ι677
3056 2635 3201 2699 τινὸς
3235 2643 3527 2709 πορισμοῦ.

1956 2697 2048 2750 Διὸ
2093 2701 2187 2754 καὶ
2218 2706 2357 2759 κατὰ
2388 2710 2609 2778 χρόνους
2656 2697 2896 2782 τακτοὺς
2918 2697 3224 2797 οξ-ταύττξς
3270 2697 3527 2802 ἐέροριείαν

1955 2787 2325 2863 διαδεχόμενοι
2356 2800 2651 2872 γράμμασι
2699 2807 2998 2878 βασιλικοῖς
3028 2787 3386 2888 ἀνανέοῦνέες
3435 2828 3522 2878 ἀεὶ

1954 2880 2222 2939 διετέλουν
2254 2889 2353 2961 τὴν
2374 2892 2520 2947 δόσιν
2549 2897 2641 2950 τοῦ
2663 2900 2886 2971 κλήρου,
2909 2915 3017 2960 etc.
3041 2908 3284 2974 Quorum
3311 2930 3522 2972 summa

1953 2983 2059 3041 est,
2086 2976 2373 3048 Catanem,
2405 2987 2501 3054 qui
2558 2991 2661 3045 sub
2710 2993 3037 3052 Andronico
3097 3002 3322 3072 juniore
3376 3009 3527 3075 prin-

1953 3082 2081 3138 ceps
2145 3072 2390 3132 Phocaeae
2446 3089 2583 3147 erat,
2616 3099 2741 3138 eum
2786 3087 3157 3160 principatum
3215 3097 3523 3154 obtinuisse

1951 3158 2302 3221 haereditario
2345 3169 2470 3239 jure
2516 3177 2897 3233 transmissum
2948 3197 2978 3235 a
3033 3184 3149 3239 suis
3200 3189 3522 3259 majoribus,

1948 3252 2149 3322 quibus
2184 3256 2336 3312 illum
2370 3260 2662 3332 imperator
2699 3284 2934 3336 proavus
2982 3252 3519 3337 Andronicivlunio;

1948 3345 2024 3400 ris
2058 3346 2185 3416 (fuit
2216 3350 2262 3404 is
2292 3351 2523 3410 Michael
2561 3357 2894 3433 Palaeologus
2920 3366 3093 3437 prior)
3123 3371 3291 3426 certis
3311 3374 3523 3443 legibus

1948 3441 2004 3495 in
2064 3441 2313 3512 feudum,
2366 3457 2429 3503 ut
2482 3450 2803 3521 loquuntur,
2871 3462 3256 3519 concessisset.
3341 3466 3524 3532 Quare

1944 3534 2165 3601 quoties
2197 3536 2251 3591 in
2276 3553 2343 3593 eo
2369 3540 2679 3609 principatu
2713 3548 2809 3601 lilii
2844 3553 3092 3617 patribus
3128 3558 3517 3619 succederent.

1944 3622 2182 3693 diploma
2212 3627 2567 3698 imperatoris
2595 3636 2891 3706 impetrare
2922 3643 3043 3699 illos
3070 3649 3379 3715 oportebat,
3408 3667 3519 3721 quo

1943 3712 1998 3768 in
2025 3714 2185 3772 istius
2231 3718 2496 3789 dynastia:
2554 3725 2848 3795 legitimam
2886 3737 3290 3800 possessionem
3330 3741 3517 3795 mitte~

1942 3816 2153 3863 rentur.
2191 3811 2265 3866 lta
2297 3812 2372 3867 ibi
2404 3814 2693 3886 Grcgoms.
2730 3822 2905 3878 Ducas
2934 3836 3118 3881 autem
3154 3844 3207 3883 c.
3233 3830 3303 3884 20
3331 3830 3472 3886 Hist.
3498 3874 3513 3892 .

1941 3912 1997 3965 p.
2028 3897 2097 3953 89
2138 3899 2227 3955 ed.
2262 3903 2390 3973 Reg.
2430 3906 2509 3962 sic
2541 3908 2742 3966 habet:
2787 3914 2874 3965 Ἐν
2909 3919 3028 3980 ταῖς
3056 3920 3291 3989 ἡμέραις
3315 3924 3369 3975 δὲ
3416 3925 3515 3977 τοῦ

1944 3987 2208 4057 βασιλέως
2260 3997 2483 4068 Μιχαὴλ
2529 4002 2623 4053 τοῦ
2683 4003 3072 4075 Παλαιολόγου.
3127 4011 3223 4063 τοῦ
3284 4017 3517 4083 πρώτως

1944 4077 2364 4148 βαδιλεύσαντος
2394 4087 2450 4140 ὲν
2484 4090 2895 4160 Παλαιολόγοις,
2941 4092 3106 4165 ἦλθόν
3137 4116 3281 4164 τινες
3324 4077 3516 4159 διταλώ

1940 4174 2220 4239 αἰτοῦντες
2248 4178 2307 4229 τὸ
2338 4178 2464 4248 ὅρος
2491 4180 2628 4252 (agit
2668 4184 2736 4239 de
2771 4197 2957 4242 monte
2988 4189 3266 4263 Phocidis)
3291 4194 3513 4266 δοθῆναι

1938 4267 2143 4335 adhic,
2188 4270 2282 4322 καὶ
2332 4272 2633 4341 λαμϐάνειν
2685 4277 2808 4331 κατ’
2878 4280 2997 4342 ἔτος
3029 4283 3086 4334 τὸ
3123 4289 3510 4358 συμορωνηθέν.

1936 4356 2242 4429 Imperante
2286 4361 2545 4419 Michaele
2606 4367 2931 4440 Palwologo,
2961 4390 3018 4426 eo
3072 4378 3161 4444 qui
3206 4379 3407 4445 primus
3457 4383 3514 4436 in

1937 4448 2151 4504 domum
2180 4452 2546 4526 Palwologam
2573 4458 2851 4528 imperiam
2880 4464 3080 4528 intulit,
3111 4475 3511 4543 veneruntjqui-

1864 4559 1909 4615 ι)
1938 4544 2064 4597 dant
2118 4543 2251 4599 Itali
2280 4556 2511 4614 petentes
2576 4563 2808 4607 montem
2844 4555 3078 4612 Phocaea:
3112 4562 3210 4613 sibi
3270 4564 3388 4616 dari
3417 4568 3512 4619 sub

1936 4640 2287 4706 pensitatione
2338 4645 2508 4697 annui
2543 4647 2745 4701 tributi.
2809 4649 2934 4703 Haec
2966 4651 3169 4716 Ducas,
3214 4655 3307 4723 qui
3340 4672 3515 4725 quan-

1935 4745 2098 4799 quam
2134 4731 2226 4787 hic
2266 4750 2373 4788 non
2410 4738 2656 4792 nominat
2682 4740 2816 4795 istos
2846 4742 3032 4807 Italos,
3085 4746 3249 4812 paulo
3276 4748 3513 4803 inferius

1936 4830 2117 4877 tamen
2177 4824 2383 4879 indicat
2415 4842 2509 4881 eos
2561 4844 2592 4883 e
2646 4841 2807 4899 gente
2840 4832 3077 4888 Catanea
3134 4836 3323 4902 fuisse,
3376 4838 3510 4892 dum

1932 4914 2124 4969 scribit
2153 4930 2167 4967 :
2192 4911 2372 4971 ἾΙσαν
2405 4919 2458 4971 δὲ
2482 4921 2531 4972 οἱ
2563 4922 2822 4990 ῥηθέντες
2850 4927 2945 4991 τῆς
2976 4925 3181 4988 mihi»;
3212 4929 3361 4995 (νέας
3389 4932 3507 4983 Φω-

1932 5006 2114 5077 καίας)
2165 5010 2430 5079 κτήτορες
2464 5014 2527 5063 ἐκ
2553 5012 2663 5064 τῶν
2720 5016 3017 5067 Κατανὲων
3048 5018 3351 5085 Γενουῖται,
3388 5021 3510 5074 Ἀν-

1930 5098 2091 5167 δρὲας
2133 5104 2227 5153 καὶ
2294 5103 2572 5168 Ἰάκωϐος,
2602 5114 2713 5159 etc.
2769 5106 2944 5161 Erant
2998 5118 3174 5164 autem
3229 5118 3510 5169 memorati

1929 5190 2069 5244 urbis
2128 5209 2272 5246 nova:
2315 5193 2549 5249 Pltocaza:
2595 5198 2793 5250 domini
2841 5216 2867 5253 e
2918 5202 3168 5257 Cataneis
3206 5204 3504 5260 Genuenses

1930 5281 2170 5335 Andreas
2223 5292 2271 5335 et
2316 5284 2563 5351 Jacobtts,
2616 5290 2821 5355 posteri
2874 5291 3129 5348 videlicet
3164 5296 3377 5351 illorum
3409 5312 3505 5352 aut

1928 5371 2077 5427 illius
2113 5374 2207 5444 qui
2245 5391 2369 5430 cum
2402 5377 2669 5433 Michaclc
2710 5381 3013 5453 Palmologo
3046 5387 3213 5455 priori
3248 5388 3314 5441 de
3350 5404 3505 5444 nion-

1926 5465 1996 5521 tis
2022 5468 2266 5525 Phocaea:
2298 5472 2544 5525 dominio
2576 5482 2940 5547 transegerat.
2974 5478 3127 5536 Unde
3173 5482 3505 5553 intelligitur

1926 5559 2074 5614 hunc
2125 5564 2282 5633 cujus
2335 5566 2589 5621 meminit
2643 5568 2747 5623 hoc
2806 5570 2926 5627 loco
2972 5574 3357 5644 Pachymercs,
3398 5580 3496 5646 qui

1925 5653 2133 5721 primus
2158 5668 2401 5713 montem
2433 5660 2694 5718 Phocidis
2727 5664 2995 5721 beneﬁcio
3031 5668 3375 5737 imperatoris
3398 5672 3499 5727 ob-

1924 5743 2110 5809 tinuit,
2139 5745 2441 5804 Mannelem
2474 5752 2765 5810 Cataneam
2798 5757 2967 5815 fuisse
3007 5770 3279 5826 vocatum,
3322 5764 3495 5818 filium

1922 5833 2196 5893 Zachariae
2226 5842 2478 5901 Catanes:
2510 5847 2625 5904 sive
2648 5851 2896 5907 Catanci.
2935 5855 3256 5923 “operimus
3288 5868 3340 5913 et
3389 5860 3495 5911 (la~
