3992 6548
398 380 547 447 1139

1306 384 1368 446 P.
1412 386 1718 448 POSSINI
1755 376 2414 447 OBSERVATIONUM
2452 378 2602 447 LIB.
2645 384 2731 448 Il.

3523 360 3669 443 t'ito‘

401 494 629 549 telusios
661 501 921 549 vocatos:
957 508 1083 549 nam
1122 494 1217 564 qui
1270 497 1426 551 multi
1464 497 1518 552 in
1553 498 1802 553 historiis
1834 498 1972 552 cite—

2101 501 2188 561 τοῖς
2242 499 2444 569 ἄκροις
2496 497 2606 550 τῶν
2657 494 2938 566 ὑποὸόχων
2991 492 3232 561 ἀγγείων
3278 492 3664 561 πεπαγομένος

400 583 566 638 rioris
602 584 777 639 astatis
806 583 1211 640 Catelusiorutn
1262 588 1633 657 appellatione
1667 604 1978 645 memoran-

402 687 514 740 tur,
555 689 623 730 ex
652 676 841 731 eadem
873 692 995 732 cum
1031 675 1281 733 Cataneis
1304 694 1424 737 esse
1457 681 1659 736 familia
1688 690 1840 737 certo
1861 680 1978 736 col-

400 767 594 838 ligitur
648 784 715 823 ex
770 769 1064 825 collatione
1117 771 1401 827 variorum
1448 773 1697 828 locorum
1729 773 1975 838 Villanii,

401 858 629 914 Laonici
659 871 713 914 et
744 860 978 916 aliorum
1011 862 1400 919 historicorum
1433 865 1529 933 qui
1578 879 1668 919 res
1715 865 1981 935 quingen-

402 957 585 1007 torum
618 965 765 1009 retro
794 970 1070 1009 annorum
1100 956 1309 1027 scripto
1341 956 1615 1026 complexi
1665 962 1815 1012 sunt.
1864 956 1981 1013 Nec

403 1059 544 1099 nova
581 1061 671 1101 res
703 1054 788 1101 est
817 1047 1016 1101 mutari
1046 1047 1257 1117 aliquid
1308 1048 1365 1103 in
1412 1048 1730 1103 nominibus
1756 1064 1983 1117 magna-

404 1153 531 1192 rum
558 1136 842 1225 domuum,
860 1154 984 1194 cum
1009 1139 1137 1194 olim
1162 1141 1400 1197 sciamus
1416 1142 1677 1196 Cloantos
1702 1140 1760 1194 in
1788 1141 1984 1196 Cluen-

405 1230 534 1293 tios,
569 1230 767 1286 Lamos
797 1231 853 1286 in
887 1231 1122 1298 Lamias,
1146 1232 1376 1289 Clausos
1403 1234 1457 1288 in
1485 1234 1745 1290 Claudios
1770 1244 1826 1290 et
1850 1232 1981 1291 Clo-

406 1322 551 1389 dios,
585 1322 909 1381 HOrtensios
942 1326 1110 1381 etiam
1153 1326 1207 1382 in
1243 1326 1494 1382 llortalos
1521 1328 1805 1393 transisse,
1829 1328 1983 1383 nullo

407 1419 464 1475 id
518 1422 573 1476 in
626 1432 1010 1493 argumentum
1058 1424 1312 1483 trahente
1350 1424 1573 1479 familiae
1616 1424 1884 1489 diversae;
1925 1430 1985 1477 ut

405 1513 657 1571 omittam
687 1514 889 1571 similia
918 1515 1155 1586 plurima
1209 1517 1412 1586 passim
1463 1516 1753 1571 observata
1782 1514 1837 1569 in
1869 1530 1987 1569 me-

407 1603 584 1658 moria
618 1604 986 1660 recentiorum
1024 1606 1275 1676 adeoque
1308 1606 1472 1660 hodie
1501 1606 1806 1677 vigentium
1853 1606 1985 1661 stiro

407 1695 582 1764 pium.
609 1696 731 1750 Non
758 1697 905 1752 enim
926 1697 1014 1755 his
1036 1698 1318 1753 immorari
1343 1698 1499 1754 locus
1526 1707 1622 1753 aut
1655 1698 1987 1768 praescripta:

408 1787 700 1845 brevitatis
758 1790 890 1845 sinit
947 1792 1167 1854 modus,
1199 1806 1364 1861 quem
1398 1792 1620 1861 quidem
1651 1792 1761 1861 jam
1796 1802 1988 1846 exces-

411 1880 550 1936 sisse
593 1869 681 1938 me
726 1882 1009 1953 paululum
1063 1884 1265 1949 sentio,
1297 1883 1508 1938 scilicet
1549 1881 1733 1938 ofﬁcio
1783 1883 1990 1937 clatum

412 1973 553 2042 grati
586 1973 755 2027 animi
781 1989 909 2045 erga
932 1975 1198 2030 familiam
1251 1974 1675 2041 nobilissimam,
1709 1975 1867 2045 cujus
1895 1989 1991 2028 ve-

414 2072 531 2120 tera
586 2065 1070 2137 illustrissimaque
1115 2076 1333 2124 exstant
1365 2082 1493 2139 erga
1527 2083 1703 2123 meam
1755 2070 1990 2139 patriam

414 2154 638 2212 Galliam
672 2158 796 2212 ﬁdei
828 2159 1335 2230 benevolentiaque
1389 2177 1496 2215 non
1523 2161 1766 2231 vulgaris
1795 2176 1994 2215 monu—

413 2260 618 2306 menta.
669 2251 846 2313 Rufus
891 2253 1115 2322 quippe,
1171 2252 1295 2310 aliis
1360 2254 1634 2317 Rullinus,
1697 2254 1990 2317 Cataneus,

414 2352 779 2412 cognomento
842 2343 929 2415 μδ.
969 2344 1092 2415 475]
1148 2343 1217 2400 de
1270 2345 1446 2410 Vulta,
1484 2345 1718 2415 l’hilippi
1763 2343 1995 2414 Augusti

415 2433 603 2489 Gallia:
642 2436 789 2506 regis
822 2436 1253 2493 archithalassus
1276 2437 1400 2505 fuit,
1430 2447 1485 2492 et
1512 2453 1635 2492 eum
1665 2446 1787 2507 post
1822 2452 1994 2506 expu-

416 2540 634 2597 gnatam
661 2528 937 2583 Acconem
968 2528 1278 2598 deportavit
1314 2530 1368 2582 in
1407 2530 1681 2598 Apuliam,
1714 2538 1773 2583 ut
1803 2528 1995 2598 Rigor-

417 2621 523 2674 dtts
577 2620 739 2676 docet
774 2621 831 2675 in
886 2620 1030 2675 libro
1065 2620 1142 2673 De
1182 2622 1341 2691 gestis
1382 2620 1618 2691 Philippi
1665 2621 1907 2690 Augusti,
1935 2637 1990 2690 p.

420 2712 544 2779 “9,.
578 2711 832 2771 Salvator
860 2713 1029 2768 ctiam
1065 2713 1259 2769 Vitalis
1284 2713 1340 2767 in
1364 2713 1534 2783 678
1557 2712 1835 2767 Chronico
1857 2711 1991 2766 Cor-

417 2811 547 2865 sica:
575 2810 760 2877 tradit,
791 2811 851 2867 in
881 2810 1233 2881 expeditione
1276 2809 1334 2865 S.
1382 2808 1647 2863 Ludovici
1705 2823 1810 2877 qua
1845 2807 1993 2877 cepit

417 2903 721 2969 Pelusium,
758 2918 928 2959 unum
963 2918 1030 2958 ex
1061 2901 1254 2958 eadem
1285 2900 1457 2972 stirpe
1517 2899 1884 2955 Cataneornm
1924 2898 1993 2950 de

418 2994 575 3051 Volta
601 2996 746 3051 inter
773 2995 944 3051 duces
968 2996 1247 3050 exercitus
1277 2993 1466 3048 fuisse.
1489 2990 1650 3045 Anno
1671 2991 1802 3045 item
1828 2986 1995 3043 Chri-

419 3090 486 3143 sti
521 3089 676 3155 1396,
708 3104 833 3144 cum
868 3087 1176 3144 Genuensis
1224 3100 1314 3140 res
1368 3083 1584 3153 publica
1618 3082 1672 3136 in
1710 3080 1859 3152 gravi
1891 3092 1995 3133 suo

2081 590 2110 641 ὁ
2157 587 2340 657 ζωμὸς
2369 585 2463 639 καὶ
2493 585 2884 656 ὑπεραυγίζων
2936 583 3141 653 ὁμοίως
3177 582 3525 654 κρυστάλλῳ,
3557 589 3667 635 ctc.

2084 680 2200 735 lloc
2236 691 2325 735 est
2383 696 2451 735 ex
2498 678 2756 734 versione
2796 677 3069 732 Bulialdi:
3127 676 3194 729 In
3247 673 3498 736 Phocide,
3554 680 3673 741 quia

2088 773 2263 829 laniat
2312 772 2548 844 adjacet,
2598 786 2746 825 mons
2793 778 2907 824 erat
2966 766 3173 822 metalli
3201 766 3456 821 aluminis
3480 765 3670 835 ferax;

2084 869 2359 939 cunctique
2405 866 2630 935 lapides,
2678 866 2771 936 qui
2808 865 2864 919 in
2910 865 3099 920 uertice
3138 864 3356 924 montis,
3404 861 3462 914 in
3495 859 3674 928 ignem

2083 962 2336 1033 primum,
2393 957 2728 1027 postmodum
2781 957 2838 1010 in
2896 970 3095 1025 aquam
3145 953 3294 1007 missi
3341 951 3397 1004 in
3447 964 3671 1002 arenam

2083 1055 2543 1108 comminuuntur.
2590 1050 2714 1104 licet:
2762 1065 2826 1104 ea:
2875 1050 2992 1102 istis
3050 1048 3313 1118 lapidibus
3349 1041 3577 1097 collecta
3617 1042 3674 1095 in

2084 1145 2335 1201 cacabum
2366 1160 2507 1215 aqua
2535 1145 2691 1197 mista
2725 1144 3045 1205 demittitur,
3079 1156 3142 1194 ac
3197 1139 3287 1193 ubi
3310 1152 3504 1209 parum
3533 1152 3677 1206 aqua

2083 1239 2282 1306 iniecta
2309 1236 2519 1308 ferbuit.
2551 1249 2714 1289 arena
2763 1232 2993 1303 liqueﬁt.
3017 1230 3170 1296 Quod
3192 1230 3411 1283 demum
3435 1236 3512 1281 est
3536 1228 3674 1296 ejus,

2083 1331 2205 1400 oﬁ'a;
2229 1328 2424 1391 simile,
2456 1327 2526 1380 ad
2563 1325 2777 1379 modum
2839 1323 2992 1378 lactis
3025 1324 3079 1377 in
3133 1336 3349 1375 caseum
3403 1317 3680 1390 coagulati

2084 1433 2365 1478 servatur:
2401 1419 2542 1493 quod
2567 1420 2759 1473 durum
2800 1427 2849 1472 et
2881 1425 3151 1480 terrestre,
3198 1424 3254 1469 ut
3303 1411 3497 1467 inutile
3533 1411 3677 1481 abji-

2086 1516 2244 1569 citur.
2282 1513 2395 1584 Offa
2436 1528 2558 1567 vero
2591 1510 2689 1564 illa
2717 1512 2771 1563 in
2801 1526 2930 1564 vasa
2966 1508 3155 1578 diffusa
3182 1523 3275 1576 per
3306 1513 3542 1575 quatuor
3562 1502 3677 1555 dies

2087 1609 2142 1661 in
2176 1609 2249 1662 eis
2278 1604 2543 1671 subsidit;
2571 1610 2854 1675 posteaque
2902 1603 3045 1655 circa
3096 1612 3219 1653 oras
3252 1612 3493 1652 summas
3526 1611 3677 1648 raso-

2089 1718 2207 1755 rum
2233 1708 2476 1755 concreta
2514 1696 2903 1767 splendensque
2934 1694 3003 1748 ad
3032 1693 3208 1761 instar
3241 1687 3485 1760 crystalli
3529 1700 3681 1755 repe-

2089 1794 2244 1855 ritur,
2299 1799 2406 1844 etc.
2464 1788 2608 1844 Satis
2632 1787 2779 1842 enim
2843 1785 2961 1839 lucc
3012 1791 3145 1839 sunt
3204 1780 3273 1836 ad
3315 1776 3679 1833 indicandum

2095 1883 2257 1939 istius
2314 1882 2405 1937 hic
2449 1876 2741 1934 memorati
2795 1873 3004 1930 laboris
3053 1871 3302 1927 modum.
3336 1869 3683 1935 Qumstuosm

2095 1991 2263 2047 porro
2311 1970 2685 2029 distractionis
2739 1967 2903 2039 hujus
2969 1965 3173 2021 mercis
3227 1978 3450 2019 causam
3497 1961 3684 2015 Ducas

2095 2084 2219 2123 mox
2250 2074 2543 2131 memorat,
2596 2060 2743 2133 quod
2775 2060 2996 2116 alumen
3029 2055 3365 2113 tinctoribus
3414 2068 3686 2109 necessa—

2095 2163 2239 2217 rium
2285 2160 2352 2215 sit
2391 2176 2405 2212 :
2437 2159 2592 2211 Ἐστι
2638 2156 2696 2210 δὲ
2723 2156 3021 2223 ἀναγκαῖον
3058 2151 3249 2223 χρῆμα
3305 2148 3679 2209 δευσοποιοῖς.

2094 2256 2224 2322 Quae
2252 2252 2581 2307 confirmant
2608 2249 2661 2303 id
2697 2246 2845 2318 quod
2873 2254 3061 2300 noster
3089 2245 3252 2314 paulo
3279 2241 3517 2297 inferius
3540 2239 3687 2293 scri-

2094 2348 2215 2402 bit:
2258 2346 2389 2401 Inde
2420 2343 2682 2414 siquidem
2740 2342 2843 2395 vim
2906 2338 3105 2407 inferre
3137 2349 3387 2405 magnam
3430 2333 3520 2386 illi
3551 2329 3685 2399 (Ge-

2093 2439 2355 2505 nuenses)
2396 2445 2716 2490 consuerant
2746 2432 2899 2487 istius
2931 2429 3118 2483 mercis
3152 2425 3461 2496 (aluminis)
3489 2424 3679 2478 cendi-

2095 2529 2211 2585 bilis
2250 2532 2303 2584 in
2359 2528 2565 2598 primis,
2597 2525 2848 2595 quoniam
2882 2520 3165 2590 plurimus,
3214 2524 3370 2583 prout
3424 2512 3689 2575 hodieque

2094 2626 2348 2680 cernitur.
2374 2622 2488 2690 ejus
2520 2635 2642 2672 usus
2676 2626 2751 2670 est
2778 2617 2834 2669 in
2876 2614 3067 2684 pannis
3098 2627 3125 2664 e
3151 2610 3279 2663 lana
3323 2615 3469 2659 texta
3504 2602 3687 2658 colore

2096 2718 2243 2771 vario
2268 2711 2439 2784 679
2465 2711 2727 2781 fucandis.
2749 2708 2846 2762 llis
2865 2703 3121 2760 omnibus
3145 2701 3288 2757 addo
3309 2698 3684 2753 Cataneorum

2096 2805 2529 2877 imperitantium
2587 2803 2830 2857 Phocaea:
2870 2797 3209 2852 mentionem
3258 2792 3426 2847 etiam
3458 2796 3687 2844 exstare

2095 2898 2239 2969 apud
2275 2897 2745 2957 Cantacuzenum,
2781 2886 2824 2943 1.
2868 2905 2928 2955 ιι,
2956 2902 3006 2942 c.
3031 2885 3121 2951 29,
3152 2900 3209 2955 p.
3244 2882 3350 2937 290
3374 2880 3464 2936 ed.
3498 2878 3635 2947 lleg.
3662 2916 3680 2940 .

2096 2991 2190 3046 ubi
2227 2988 2500 3051 eamdem,
2540 2992 2600 3039 ut
2644 2990 2885 3054 apparet,
2932 2996 3048 3035 rem
3098 2988 3332 3031 narrans
3365 2989 3533 3042 quam
3582 2989 3683 3027 su-

2097 3082 2285 3155 perius
2316 3080 2607 3136 retulimus
2633 3093 2662 3132 e
2688 3076 2949 3145 Gregora,
2984 3067 3268 3141 Mitylenes
3289 3067 3553 3122 videlicet
3582 3079 3680 3118 ecs-

418 3182 670 3252 periculo
722 3179 1097 3235 necessarium
1155 3176 1464 3231 censuisset
1497 3172 1768 3243 subjicere
1796 3186 1855 3225 se
1891 3171 1995 3224 im—
2020 3197 2064 3252 ο
2094 3174 2446 3246 cupationcm
2495 3187 2595 3241 per
2625 3169 2901 3225 Calaneos
2930 3166 3174 3221 Phocaza:
3204 3161 3424 3232 regulos
3452 3159 3681 3219 factam,

419 3271 575 3342 perio
599 3270 779 3326 Caroli
806 3270 874 3327 Vl
906 3270 1052 3340 regis
1081 3267 1289 3330 Gallim,
1316 3267 1520 3320 missus
1550 3264 1618 3318 ad
1647 3264 1798 3316 illum
1846 3276 1994 3314 eom-

419 3361 578 3418 tnuni
604 3361 838 3417 consilio
869 3362 1166 3416 Damianus
1193 3357 1473 3413 Cataneus
1514 3368 1728 3409 summa
1756 3353 1995 3421 pruden-

422 3458 498 3512 tia
552 3457 783 3525 parique
843 3454 1106 3510 felicitate
1163 3452 1439 3522 negotium
1511 3447 1765 3510 confecit,
1824 3445 1997 3499 relato

421 3551 646 3606 domum
677 3565 745 3604 cx
776 3550 925 3619 regia
958 3547 1131 3618 gratia
1162 3545 1324 3599 titulo
1368 3553 1532 3611 atque
1560 3541 1771 3595 honore
1820 3551 2000 3592 mare-

423 3643 616 3699 schalli
648 3642 912 3698 Franciae.
944 3638 1434 3706 Perseveravitque
1463 3634 1696 3688 allectus
1727 3633 1783 3685 in
1817 3639 1999 3701 postc-

424 3735 502 3790 ris
529 3750 635 3789 non
677 3732 797 3789 sine
830 3742 1035 3786 mutum
1070 3745 1258 3800 regum
1290 3726 1693 3783 benevolentim
1738 3724 1910 3795 signis
1937 3724 2001 3777 il-

422 3826 692 3885 lustribus
716 3842 731 3891 ;
759 3824 922 3895 quale
956 3824 1060 3879 fuit
1091 3822 1238 3893 quod
1274 3820 1587 3875 Ludovicus
1617 3818 1735 3882 ΧΠ,
1768 3813 1999 3870 solemni

423 3934 624 3990 pompa
659 3918 903 3974 Genuam
937 3918 1211 3978 invectus,
1247 3913 1432 3968 villam
1465 3908 1752 3965 Laurentii
1774 3906 2000 3963 Catanel

426 4013 545 4082 ejus
576 4010 807 4067 invitatu
846 4007 1243 4064 humanissime
1274 4004 1425 4068 visit,
1457 4002 1789 4058 delectatum
1821 4014 1879 4053 se
1900 3998 2003 4051 ho-

426 4107 593 4177 apitio
640 4105 952 4175 gratissime
1007 4101 1322 4173 praeferens.
1352 4098 1551 4167 {Quare
1609 4095 1663 4149 in
1716 4090 2004 4148 occasione

426 4204 763 4273 legationum
795 4202 861 4257 ad
895 4214 1051 4271 reges
1085 4195 1330 4252 Francia:
1357 4192 1582 4250 Catanci
1616 4207 1647 4245 a
1699 4186 2006 4245 Genuensi-

423 4299 532 4353 bus
571 4297 919 4368 plerumque,
958 4300 1019 4346 ut
1071 4291 1145 4345 ibi
1203 4288 1453 4360 gratiosi,
1512 4283 1858 4354 legebantur.
1913 4278 2004 4333 Sic

426 4404 571 4447 anno
604 4389 740 4444 1499
774 4385 1230 4457 Christophorus,
1270 4396 1415 4436 anno
1467 4379 1599 4433 l5“
1635 4377 1879 4431 Thomas
1897 4373 2005 4429 Ca-

429 4483 601 4547 tanei,
633 4494 777 4536 anno
807 4480 942 4533 15l3
974 4480 1118 4534 alius
1146 4478 1276 4532 item
1306 4475 1600 4538 Cataneus,
1626 4471 1789 4543 legati
1818 4469 2006 4524 Genua

429 4580 484 4632 in
513 4576 743 4631 Galliam
780 4574 997 4629 venisse
1029 4572 1407 4642 reperiuntur.

498 4670 631 4738 Pag.
662 4665 790 4722 420.
825 4664 1089 4719 Aluminis
1129 4663 1340 4733 fodinae.
1368 4658 1500 4727 Quis
1533 4659 1625 4714 hic
1672 4656 1828 4712 labor
1862 4660 2009 4709 esset

430 4772 487 4819 et
520 4769 788 4832 quantum
830 4772 898 4813 ex
934 4772 1003 4811 eo
1033 4757 1273 4817 lucrum,
1301 4754 1568 4809 discimus
1610 4766 1677 4805 ex
1711 4751 1877 4810 Duca.
1913 4746 2007 4817 qui

432 4851 773 4908 domicilium
811 4863 870 4903 se
900 4847 1159 4902 habuisse
1195 4846 1248 4902 in
1277 4846 1376 4900 ista
1402 4860 1541 4899 nova
1576 4843 1800 4897 Phocaea
1841 4840 2009 4909 proli-

431 4956 575 5008 tens,
603 4957 727 5012 qum
762 4940 930 4995 refert
973 4946 1250 5008 spectasse
1302 4936 1478 4990 oculis
1510 4933 1788 4988 creditur:
1826 4930 1916 4983 Ἐν
1943 4931 2007 4999 τῇ

430 5037 634 5091 Φωκίδι
669 5037 736 5105 τῇ
775 5032 919 5086 κατὰ
944 5031 1043 5101 τὴν
1085 5030 1298 5083 ’ἰωνίαν
1326 5028 1449 5097 ὄρος
1472 5022 1538 5096 ἦν
1569 5029 1625 5078 ἐν
1747 5023 2010 5093 μέταλλον

437 5129 784 5200 στυπτηρίας
812 5126 1073 5195 ὑπάρχειο
1094 5124 1190 5177 καὶ
1222 5124 1249 5176 ὁ
1282 5121 1431 5184 λίθος
1483 5118 1632 5182 ἄπας
1682 5118 1782 5185 τῆς
1825 5118 2012 5186 ἀκρω-

437 5227 588 5297 ρείας
614 5223 750 5295 πυρὶ
780 5219 1224 5292 προσομιλήσας,
1258 5211 1378 5268 εἶτα
1425 5212 1603 5274 ὕδατι,
1651 5210 1727 5274 ὡς
1784 5210 2012 5280 ψάμμος

432 5321 666 5388 γίνεται.
691 5316 803 5387 Τὴν
823 5314 880 5368 δὲ
906 5313 1012 5369 ἀπὸ
1043 5310 1137 5365 τοῦ
1168 5307 1318 5362 λίθου
1348 5304 1651 5375 γενομένην
1678 5302 1907 5373 ψάμμον
1934 5303 2014 5364 εἰς
2041 5364 2045 5368 ς

433 5413 638 5483 λέϐητα
661 5409 948 5481 βάλλοντες
973 5406 1072 5458 σὺν
1097 5401 1272 5466 ὕδατι,
1306 5400 1404 5453 και¹
1435 5395 1804 5469 καχλάζοντος
1829 5395 1891 5447 οὐ
1926 5394 2014 5445 τό·

435 5521 551 5567 σον,
574 5506 607 5574 ἡ
639 5500 897 5574 βληθεῖσα
920 5498 1147 5568 ψάμμος
1180 5490 1457 5548 διαλύεται
1478 5507 1492 5522 ’
1521 5490 1616 5545 καὶ
1640 5489 1700 5541 τὸ
1733 5487 1832 5559 μὲν
1863 5484 2011 5556 παχὺ

431 5598 529 5651 καὶ
573 5595 836 5657 οὐσιῶδες
905 5591 1076 5661 αὐτῆς
1134 5590 1191 5641 ὲν
1227 5586 1307 5658 τῷ
1356 5584 1524 5654 ζωμῷ
1561 5581 1724 5653 μένον
1758 5580 1836 5643 ὡς
1874 5578 2017 5646 γάλα

435 5690 699 5761 τυρῶδες,
723 5689 786 5741 τὸ
809 5685 975 5758 ξηρὸν
1010 5684 1104 5737 καὶ
1139 5680 1344 5749 γεῶδες
1370 5677 1542 5745 αὐτῆς
1582 5676 1686 5739 ἔξω
1728 5673 2015 5744 ῥίπτουσιν

438 5786 514 5848 ὡς
548 5783 825 5853 ἄχρηστον
847 5798 861 5812 υ
892 5781 985 5832 τὸν
1015 5778 1073 5831 δὲ
1109 5774 1292 5846 ζωμὸν
1322 5773 1401 5835 εἰς
1434 5770 1650 5838 σκάφας
1677 5764 2015 5829 κενώσαντες

446 5876 606 5948 ἄχρις
639 5870 865 5947 ἡμερῶν
889 5870 1172 5942 τεσσάρων
1210 5863 1591 5940 παραδρομὴν,
1616 5860 2016 5932 “phum...”

2098 3272 2151 3324 in
2183 3265 2503 3344 co‘videtur
2539 3279 2567 3317 a
2607 3262 2847 3331 Gregora
2904 3259 3239 3326 discrepare,
3270 3252 3419 3324 quod
3472 3252 3684 3306 factum

2100 3359 2152 3414 id
2176 3354 2474 3413 ‘Dominico
2504 3350 2747 3408 Catania:
2778 3348 3010 3405 Andreae
3036 3348 3147 3402 filio
3180 3344 3393 3408 tribuit,
3438 3346 3554 3398 non
3587 3357 3687 3395 au-

2100 3461 2207 3507 tem
2250 3450 2352 3519 ipsi
2388 3447 2622 3503 Andreae
2653 3441 2935 3501 etJacobo
2957 3439 3080 3511 ejus
3113 3437 3293 3492 fratri.
3334 3435 3515 3491 Verba
3542 3434 3693 3488 Cana

2103 3540 2352 3597 tacuzeni
2406 3540 2522 3594 huic
2552 3543 2721 3593 sunt:
2793 3530 3123 3601 Ἠγγέλλετο
3174 3529 3250 3592 ὡς
3306 3526 3612 3596 Δομένικος
3658 3526 3689 3576 ὁ

2115 3634 2370 3705 Ἀνδρέου
2407 3629 2506 3684 τοῦ
2540 3626 2815 3693 Κατανῐα,
2845 3626 2905 3689 ὃς
2953 3625 3057 3695 τῆς
3097 3622 3224 3686 νέας
3257 3619 3519 3682 Φωκαίας
3541 3612 3689 3689 ἦρχε

2105 3729 2370 3801 βασιλέως
2402 3723 2739 3794 παραδόντος
2772 3720 2917 3774 κατὰ
2945 3718 3127 3789 χάριν,
3159 3714 3253 3769 τοῦ
3291 3711 3498 3781 πατρὸς
3526 3710 3681 3779 αὐτῷ

2103 3821 2472 3881 ἀποθανόντος
2487 3814 2827 3886 κληρονόμος
2850 3806 2949 3879 τῆς
2981 3811 3039 3861 οὐ
3051 3808 3171 3870 σίας
3198 3804 3501 3874 καταστὰς,
3519 3802 3688 3855 πλού-

2108 3928 2222 3976 σιος
2249 3911 2305 3965 δὲ
2333 3907 2423 3983 ἦν,
2453 3884 2873 3978 τοῐςᾘχρὴμασι
2907 3900 3171 3972 φυσηθεὶς
3207 3899 3417 3953 Λέσϐον
3462 3884 3688 3964 διανοη-

2106 4004 2227 4074 θείη
2281 4000 2574 4071 Ῥωμαίων
2612 3996 2949 4067 ἀφελόμενος
2996 3992 3132 4047 ἰδίαν
3166 3989 3348 4060 ἑαυτῷ
3387 3986 3694 4060 περιποιήο

2109 4090 2719 4164 σασθαιήγεμονίαν,οι
2742 4095 2939 4144 caetera
2968 4098 3091 4158 qua
3128 4083 3203 4139 ibi
3228 4081 3412 4153 pergit
3437 4095 3690 4141 narrare,

2107 4188 2310 4261 quibus
2344 4184 2563 4257 egregie
2604 4182 3007 4238 confirmantur
3035 4193 3161 4249 quae
3204 4178 3273 4232 de
3318 4174 3557 4229 Phocaeae
3589 4172 3696 4225 do—

2108 4281 2274 4337 minis
2311 4277 2583 4335 beneﬂcio
2611 4274 3007 4345 imperatorum
3058 4269 3491 4339 Palaeologorum
3524 4263 3692 4319 Cata-

2106 4375 2231 4431 neis
2287 4373 2545 4437 diximus,
2606 4366 2920 4424 necessirio
2978 4363 3046 4419 ad
3096 4360 3462 4433 supplendam
3498 4358 3555 4413 in
3581 4357 3694 4411 hoc

2108 4469 2232 4523 loco
2260 4472 2461 4520 nostrae
2498 4460 2745 4518 historiae
2777 4459 2842 4530 [P
2881 4455 3007 4529 476]
3040 4453 3428 4523 ἀποσιώπησιν
3482 4451 3696 4519 Pachy-

2041 4541 2086 4595 ι)
2115 4560 2304 4617 meris.
2343 4556 2562 4611 familia:
2618 4568 2818 4608 nomen
2872 4548 3183 4607 omittentis
3234 4549 3291 4600 in
3327 4541 3695 4599 memorando

2112 4651 2360 4708 Manuele
2392 4646 2671 4702 Zacharia:
2711 4644 2843 4706 lilio,
2882 4640 3059 4709 primo
3093 4638 3340 4693 Phocum:
3370 4648 3698 4706 possessore

2112 4762 2177 4802 ex
2212 4741 2575 4798 concessione
2610 4734 2893 4793 Michaelis
2928 4732 3362 4801 Palmologorum
3391 4726 3558 4799 primi
3582 4725 3701 4780 Au.

2112 4836 2275 4909 gusﬁ.

2184 4971 2244 5027 P.
2294 4968 2419 5025 ἄξῃ.
2470 4964 2672 5023 Voc‘cm
2723 4957 3194 5029 ὲνσκευαςὰμενοι
3240 4964 3309 5011 ex
3347 4953 3594 5025 margine
3643 4952 3700 5006 in

2116 5072 2437 5121 contextum
2484 5058 2668 5123 intuii,
2703 5062 2981 5126 expuncto
3015 5052 3363 5124 νηῖσάμενοι,
3410 5047 3580 5104 verbo
3614 5045 3702 5099 ni—

2118 5158 2239 5213 hili.

2188 5296 2253 5352 P.
2305 5294 2429 5350 429.
2479 5292 2610 5359 Quae
2643 5290 2748 5345 hoc
2783 5303 2903 5359 cap.
2941 5292 3241 5341 narrantur
3286 5282 3354 5337 de
3402 5279 3570 5336 Maria
3614 5296 3701 5335 rev

2121 5392 2247 5462 gina
2295 5386 2565 5459 Bulgaria:
2619 5385 2676 5438 in
2708 5380 3041 5436 avunculum
3095 5377 3513 5446 imperatorem,
3567 5372 3700 5426 odio

2123 5483 2274 5553 pacis
2303 5477 2678 5536 Ecclesiarum
2708 5474 2776 5529 ab
2805 5489 2873 5528 eo
2908 5479 3237 5542 procuratur,
3275 5466 3557 5522 concitare
3588 5462 3704 5518 suld

2124 5586 2307 5632 tanem
2364 5571 2533 5644 Syria:
2579 5576 2842 5630 conante,
2898 5563 3056 5618 facile
3111 5559 3415 5616 ostendunt
3465 5571 3704 5628 pravum

2124 5665 2611 5725 schismaticorum
2659 5660 2941 5717 animum:
2980 5655 3059 5709 uti
3108 5665 3164 5709 et
3213 5667 3335 5722 quae
3386 5650 3565 5719 capite
3612 5665 3705 5702 se-

2125 5762 2315 5837 quenti
2360 5768 2416 5816 et
2453 5759 2714 5826 deinceps
2744 5759 3059 5814 narrantur,
3090 5762 3251 5818 quam
3295 5742 3557 5805 crudelis,
3594 5740 3703 5794 im-

2125 5859 2233 5930 pia,
2269 5856 2577 5913 facinorosa
2630 5850 2745 5907 haec
2805 5845 3003 5901 mulier
3055 5839 3222 5897 fuerit
3272 5839 3703 5898 demonstrant;
