3992 6538
288 368 413 431 iiii

1784 366 1921 427 N01.
1938 369 2018 426 ΛΞ.

3391 373 3533 436 1ἱᾶτὲ

276 495 451 552 quare
480 480 570 533 illa
603 479 935 550 protectrice
968 478 1305 541 schismatici
1339 481 1571 539 rebelles
1607 480 1843 553 glorien—
1872 477 1922 537 Α
1946 478 2074 533 tina:
2092 478 2226 533 nihil
2249 479 2851 552 proltiheatquomlnus
2869 483 3066 553 aliquis
3098 481 3265 539 ducat
3303 500 3530 540 uxorem

278 584 368 630 tur
408 574 558 635 licet,
592 572 759 642 digno
784 575 987 642 patella
1020 577 1305 644 cperculo.

347 668 410 723 Ρ.
445 668 570 723 456.
611 667 740 733 Quae
771 668 861 723 hic
906 678 1092 723 narrat
1123 670 1505 740 Pachymeres,
1540 685 1599 724 se
1632 667 1850 723 adhibi-

275 768 394 814 tum
435 759 506 814 ab
541 759 876 830 imperatore
905 761 973 814 ad
1014 761 1156 815 clam
1206 762 1606 831 explorandum
1643 760 1848 831 ecquid

274 848 624 904 Theodosius
670 851 993 914 monachus,
1030 852 1076 905 si
1112 852 1494 906 Autioehenus
1526 852 1848 922 patriarcha

274 941 455 1006 fieret,
498 941 809 997 obstiturus
856 954 1004 998 esset
1051 945 1273 1014 negotio
1310 944 1715 999 conciliationis
1746 942 1852 999 Ec-

272 1037 591 1099 clesiarum,
638 1052 753 1091 rem
808 1037 954 1091 illam
994 1053 1062 1092 ex
1119 1038 1349 1106 Augusti
1399 1035 1676 1092 sententia
1730 1051 1851 1105 ges~

272 1128 438 1192 sisse,
472 1127 771 1187 ostendunt
804 1129 953 1183 hunc
1000 1139 1273 1191 nostrum,
1307 1130 1413 1183 etsi
1447 1130 1615 1184 tacito
1641 1127 1853 1196 judicio

270 1221 445 1274 animi
478 1220 763 1275 schismati
798 1221 1030 1286 faveret,
1064 1230 1122 1276 ut
1150 1223 1319 1277 multa
1348 1221 1728 1275 demonstrant
1753 1220 1855 1273 hu-

270 1312 368 1382 jus
401 1313 653 1368 historire
686 1315 829 1379 loca,
862 1326 1047 1371 tamen
1079 1314 1430 1383 imperatoris
1457 1313 1707 1372 consiliis
1735 1314 1856 1383 ejus

271 1409 497 1475 generis
548 1407 694 1461 haud
753 1408 931 1478 palam
987 1408 1362 1464 adversatum.
1412 1408 1531 1462 Imo
1586 1404 1855 1473 suspicari

271 1501 422 1554 forte
473 1516 582 1555 non
638 1501 918 1556 immerito
971 1516 1258 1572 possemus
1309 1517 1437 1557 eum
1492 1501 1710 1554 vivente
1752 1498 1855 1552 Mi-

272 1592 471 1646 chaele
500 1607 631 1647 vere
657 1601 711 1647 et
743 1608 809 1646 ex
840 1593 1010 1649 animi
1045 1594 1127 1647 sui
1161 1594 1435 1649 sententia
1480 1592 1680 1646 favisse
1713 1590 1854 1661 paci,

277 1682 381 1737 sed
430 1684 685 1741 eumdem
738 1683 1026 1739 historiam
1075 1684 1276 1740 deinde
1329 1686 1470 1739 hanc
1520 1683 1857 1738 scribentem

275 1773 386 1828 sub
432 1773 771 1840 Andronico,
808 1775 903 1845 qui
933 1790 992 1831 se
1038 1776 1238 1831 iterum
1268 1791 1299 1829 a
1331 1774 1575 1829 Romana
1613 1770 1856 1828 Ecclesia

276 1867 524 1925 abscidit
558 1868 811 1923 rescissis
851 1870 1098 1939 paternis
1142 1868 1302 1934 actis,
1338 1868 1580 1923 servisse
1619 1865 1855 1935 tempori

275 1960 597 2016 revolutum
632 1962 686 2015 in
717 1961 1020 2019 familiares
1047 1977 1290 2018 errores.

352 2051 414 2106 P.
438 2052 565 2107 MO.
591 2052 673 2106 Ea:
700 2054 987 2107 rationibus
1025 2054 1293 2123 quondam
1321 2070 1351 2106 a
1379 2052 1577 2108 Sisim'o
1616 2050 1859 2122 perlatis.

271 2140 401 2197 Non
435 2152 523 2197 est
554 2143 644 2198 hic
674 2142 914 2199 Sisiuius
955 2144 1049 2197 ille
1079 2144 1348 2214 antiquus
1395 2142 1863 2209 Constantinopo-

272 2235 490 2291 litauus
536 2237 879 2307 patriarcha,
933 2239 1027 2307 qui
1084 2253 1231 2292 anno
1280 2237 1485 2293 Christi
1533 2236 1638 2291 426
1678 2234 1863 2292 Attico

272 2330 570 2395 successit,
596 2340 656 2384 ut
684 2342 872 2386 narrat
898 2331 1174 2397 Socrates,
1201 2332 1237 2388 l.
1266 2348 1366 2396 vn,
1384 2331 1543 2394 c.26.
1574 2329 1671 2385 sed
1698 2328 1860 2394 alius,

278 2432 346 2476 ut
380 2431 634 2492 apparet,
682 2424 845 2494 longe
878 2425 1176 2494 posterior,
1210 2426 1304 2494 qui
1344 2439 1492 2478 anno
1521 2423 1728 2479 Christi
1761 2425 1866 2483 993

271 2516 508 2571 Nicolao
536 2515 904 2587 Chrysobergi
930 2518 1198 2573 suffectus
1229 2526 1334 2573 est.
1364 2517 1499 2573 Nam
1528 2516 1678 2571 hunc
1702 2517 1867 2574 Joan-

272 2623 380 2664 nes
408 2608 770 2678 Curopalatcs
798 2611 964 2680 6&9
993 2611 1047 2665 in
1076 2610 1216 2665 Hist.
1244 2610 1312 2665 ad
1341 2626 1473 2666 ann.
1501 2609 1696 2664 mundi
1725 2609 1866 2664 6505

275 2711 526 2758 testatur
559 2718 802 2761 canones
835 2704 901 2759 de
944 2703 1318 2759 matrimoniis
1346 2704 1620 2759 sanxisse.

349 2796 491 2851 Ibid.
524 2797 734 2853 Gradus
771 2798 1064 2866 affinitatis.
1095 2798 1251 2852 Anna
1282 2798 1391 2853 filia
1436 2797 1722 2853 Michaelis
1751 2797 1865 2853 Au—

275 2889 454 2961 gusti,
503 2905 706 2959 sponsa
738 2890 1015 2945 destinata
1057 2890 1310 2946 Michaeli
1354 2890 1619 2960 despotic,
1666 2900 1865 2961 quarto

274 2982 781 3050 consanguinitatis
824 2983 1001 3056 gradu
1066 2984 1422 3053 contingebat
1465 2984 1676 3039 Annam
1729 2986 1867 3041 alte-

273 3090 420 3140 ram,
459 3075 620 3130 filiam
666 3076 874 3131 sororis
927 3076 1097 3146 patris
1147 3077 1260 3141 sui,
1290 3086 1515 3146 nuptam
1549 3078 1864 3146 Nieephoro

1956 586 2201 627 sororem
2226 574 2412 628 uxoris
2441 574 2630 630 fratris
2652 575 2736 628 sui
2759 576 2961 631 :altera
2984 574 3127 646 quod
3159 576 3212 630 in
3235 592 3536 631 numeran-

1955 663 2041 718 dis
2062 665 2401 735 cOgnatiouis
2434 674 2487 720 et
2511 665 2787 722 aﬁinitatis
2808 668 3072 737 gradibus
3100 678 3357 739 parentes
3386 684 3535 723 nunc

1957 772 2069 813 non
2096 758 2460 827 imputentur,
2487 760 2583 816 sed
2609 761 2820 831 primus
2844 763 3050 833 gradus
3072 758 3446 818 constituatur
3477 762 3534 818 in

1959 849 2244 914 fratribus,
2276 865 2426 914 cum,
2479 860 2538 906 ut
2590 862 2845 908 numerat
2882 855 2985 909 hoc
3018 854 3142 909 loco
3194 861 3405 920 noster,
3443 869 3539 910 ne-

1958 955 2117 996 cesse
2162 940 2234 995 sit
2264 942 2503 1010 primum
2532 942 2759 1013 gradum
2807 954 3062 1013 respectu
3114 945 3287 1014 patris
3333 958 3397 1000 ac
3422 960 3538 1000 ma-

1965 1031 2066 1086 tris
2097 1034 2252 1102 poni,
2281 1033 2585 1088 secundum
2616 1046 2871 1105 respectu
2897 1036 3130 1091 fratrum
3159 1052 3224 1091 ac
3254 1052 3533 1092 sororum.

1961 1122 2056 1179 Sic
2088 1124 2238 1179 enim
2276 1134 2488 1180 tantum
2526 1127 2878 1197 Nicephorus
2919 1130 3168 1199 despota,
3220 1130 3315 1201 qui
3367 1131 3536 1187 filiam

1961 1216 2171 1272 sororis
2205 1217 2560 1287 imperatoris
2588 1222 2643 1275 in
2675 1223 3032 1277 matrimonio
3063 1223 3322 1288 habebat,
3347 1224 3416 1278 ab
3456 1225 3539 1292 ip-

1962 1315 2077 1371 sius
2120 1314 2466 1383 imperatoris
2516 1315 2626 1372 filia
2671 1328 2871 1386 quarto
2916 1315 3196 1374 affinitatis
3237 1318 3407 1390 gradu
3456 1318 3539 1373 di-

1963 1415 2110 1462 stare
2140 1415 2377 1477 poterat,
2409 1416 2575 1478 prout
2610 1410 2698 1463 hic
2739 1409 2967 1465 dicitur.

2036 1500 2097 1554 P.
2153 1501 2279 1555 448.
2339 1500 2566 1566 Quando
2616 1502 2837 1557 ducente
2885 1504 3094 1558 Isaacio
3139 1505 3400 1576 Augusto,
3429 1511 3537 1559 etc.

1964 1595 2105 1649 Rem
2135 1594 2226 1648 hic
2256 1594 2550 1650 indicatam
2609 1596 2729 1652 fuse
2765 1612 2997 1653 narrans
3043 1597 3314 1668 Georgius
3366 1599 3542 1653 Acro-

1946 1684 2130 1754 rpolita
2153 1685 2428 1753 (Historia:
2450 1703 2561 1741 suae
2582 1703 2630 1743 c.
2654 1688 2741 1754 ll,
2758 1705 2812 1759 p.
2838 1688 2925 1754 tO,
2947 1691 3035 1745 ed.
3064 1691 3220 1761 Reg.)
3244 1690 3299 1745 in
3328 1705 3542 1745 summa

1966 1776 2132 1833 docet
2177 1779 2450 1835 lsaacium
2502 1781 2811 1851 Augustum
2867 1784 2920 1837 in
2956 1785 3240 1855 Bnlgaros,
3292 1786 3387 1857 qui
3439 1800 3541 1839 au-

1966 1877 2118 1925 ctore
2171 1871 2495 1928 rebellionis
2526 1875 2708 1929 Asane
2759 1890 2787 1929 a
2828 1892 2886 1930 se
2938 1877 3279 1943 defecerant,
3323 1878 3545 1948 expedi-

1964 1964 2114 2020 tione
2147 1974 2427 2035 snscepta,
2480 1965 2715 2020 Asanem
2750 1983 2874 2022 cum
2922 1969 3189 2038 praesidiis
3226 1981 3341 2024 arta
3389 1969 3545 2024 obsi-

1962 2056 2129 2112 dione
2169 2058 2413 2115 cinxisse
2439 2059 2584 2114 intra
2610 2060 2931 2128 oppidulum
2962 2060 3281 2115 Striunbum
3312 2061 3545 2122 dictum.

1969 2148 2120 2212 ἐντὸς
2160 2148 2256 2202 τοῦ
2308 2150 2590 2221 πολιχνίου
2632 2146 2693 2205 οὗ
2743 2151 2807 2221 δὴ
2877 2151 2938 2204 τὸ
3001 2153 3174 2222 ὄνομα
3227 2151 3539 2223 Στρὶνοϐος.

1964 2242 2195 2297 Videtur
2271 2244 2604 2313 amplificata
2678 2245 2878 2301 deinde
2948 2245 3017 2300 ab
3083 2248 3263 2300 Asane
3332 2246 3542 2301 victore

1962 2316 2082 2390 iure
2174 2336 2390 2398 civitas,
2475 2337 2682 2406 quippe
2740 2352 2905 2406 quam
2974 2346 3162 2391 noster
3226 2337 3544 2392 Teruobum

1964 2441 2186 2491 vocans,
2268 2428 2477 2497 regiam
2572 2428 2849 2498 Bulgaria
2920 2428 3111 2483 urbem
3192 2429 3358 2485 fuisse
3435 2445 3547 2485 non

1966 2519 2135 2573 semel
2202 2519 2426 2574 indicat.
2507 2521 2693 2591 Pergit
2764 2521 3083 2591 Acmpolita
3149 2520 3356 2584 dicere,
3420 2537 3547 2576 cum

1964 2610 2128 2680 631
2167 2610 2222 2664 in
2250 2620 2499 2666 extremo
2526 2612 2843 2666 discriminc
2876 2628 2961 2666 res
2985 2611 3180 2666 Asanis
3212 2621 3264 2666 et
3287 2611 3549 2682 Bulgaro—

1966 2720 2089 2758 rum
2114 2715 2321 2769 essent,
2359 2719 2499 2775 quos
2537 2721 2604 2760 nc
2638 2707 2692 2760 in
2738 2706 2928 2760 lsaaeii
2957 2705 3184 2776 Augusti
3215 2714 3544 2775 potestatem

1968 2812 2094 2851 mox
2130 2798 2381 2851 venirent
2408 2798 2555 2851 nulla
2590 2814 2676 2852 res
2710 2798 3005 2865 prohibere
3042 2797 3360 2852 humanitus
3393 2806 3550 2866 pote-

1969 2900 2084 2955 rat,
2141 2891 2341 2945 exiissc
2411 2889 2478 2944 ab
2532 2890 2668 2944 urbe
2726 2891 2950 2944 obsessa
3009 2890 3300 2959 quemdam
3361 2888 3549 2957 specie

1969 2984 2325 3053 transfugam,
2360 2983 2450 3054 qui
2489 2983 2698 3053 trepide
2732 2982 3049 3051 imperatori
3100 2981 3381 3035 nuntiaret
3422 2996 3550 3036 mox

1940 3064 1941 3067 η
1970 3075 2285 3146 irrupturos
2318 3076 2372 3129 in
2404 3075 2524 3144 ejus
2547 3087 2724 3129 castra
2750 3076 2987 3128 maximo
3016 3088 3244 3128 numero
3274 3072 3545 3143 Scythas:

276 3172 524 3238 despotae
555 3209 569 3234 ,
624 3169 903 3225 Michaelis
970 3170 1214 3238 despotae
1277 3186 1578 3240 germano;
1628 3180 1687 3226 et
1735 3171 1860 3241 quia
1893 3190 1936 3248 ο
1969 3185 2078 3239 quo
2106 3168 2195 3221 ille
2222 3167 2429 3221 indicio
2459 3167 2744 3236 perculsus
2772 3176 2932 3220 nocte
2956 3177 3180 3236 repente
3202 3165 3544 3219 obsidionem

272 3259 628 3330 Nicephorus
655 3273 710 3317 et
743 3266 898 3317 Anna
928 3265 1205 3332 conjuncti
1232 3265 1584 3319 matrimonio
1615 3279 1714 3335 pro
1750 3281 1858 3320 uno

274 3355 675 3417 censebantur,
725 3357 892 3411 etiam
953 3358 1270 3426 Nicephoro
1330 3367 1387 3412 et
1448 3367 1859 3429 consequenter

273 3448 534 3504 Mic'haeii
586 3450 707 3520 ejus
756 3451 911 3505 fratri
974 3453 1203 3505 totidem
1257 3451 1541 3507 affinitatis
1595 3454 1862 3523 gradibus

275 3540 701 3595 admovebatur.
746 3543 918 3596 Porro
957 3543 1185 3598 Michael
1217 3544 1387 3599 Annae
1426 3545 1586 3598 uxori
1633 3545 1717 3598 sui
1750 3545 1863 3598 fra-

277 3633 388 3686 tris
419 3632 700 3686 afiiuitatis
728 3633 899 3701 gradu
942 3633 1187 3687 secundo
1210 3633 1568 3703 jungehatur,
1602 3633 1730 3702 quia
1761 3648 1862 3686 suo

276 3738 548 3794 germano
573 3724 694 3792 ejus
722 3724 841 3776 viro
870 3724 1117 3779 secundo
1162 3724 1664 3794 consanguinitatis
1689 3724 1859 3794 gradu

276 3818 514 3888 junctus
540 3824 680 3870 erat.
713 3815 1010 3870 Afﬁnitatis
1038 3817 1245 3885 quippe
1272 3817 1498 3885 gradus,
1530 3824 1590 3870 ut
1622 3815 1865 3886 theologi

277 3921 337 3966 et
371 3911 517 3981 juris
571 3910 821 3965 canonici
857 3911 1095 3965 consulti
1133 3911 1247 3966 hate
1295 3918 1593 3966 tractantes
1635 3910 1860 3975 docent,

280 4003 407 4075 pari
442 4018 607 4074 passu
653 4012 965 4072 sequuntur
998 4004 1202 4074 gradus
1243 4004 1761 4074 consanguinitatis.
1794 4003 1866 4058 Ut

276 4110 419 4166 ergo
456 4096 955 4164 consanguinitatis
983 4095 1196 4163 primus
1242 4095 1446 4165 gradus
1493 4103 1578 4148 est
1627 4094 1722 4163 qui
1766 4109 1863 4162 pa-

278 4198 475 4245 rentes
524 4188 671 4243 inter
717 4196 773 4244 et
810 4187 1019 4243 liberos
1068 4186 1383 4249 intercedit,
1435 4186 1712 4240 secundus
1756 4186 1866 4240 fra-

280 4293 433 4336 trum
466 4280 534 4334 ad
563 4279 784 4344 fratres,
837 4279 1037 4333 tertius
1068 4278 1262 4333 fratris
1304 4278 1590 4333 sororisve
1625 4277 1861 4333 ﬁliorum

176 4413 188 4423 .
278 4374 351 4429 ad
380 4381 636 4443 patruos,
675 4372 1211 4435 avunculos,amitas
1238 4382 1295 4426 et
1326 4379 1672 4435 materteras,
1698 4387 1866 4441 quar-

280 4481 377 4522 tus
399 4466 863 4523 consobrinorum
894 4466 959 4520 ad
990 4465 1374 4529 consobrinos,
1407 4464 1481 4520 ita
1507 4473 1561 4519 et
1583 4464 1865 4519 afﬁnitatis

1968 3262 2189 3315 solvens
2218 3259 2350 3329 fugit
2384 3260 2452 3312 ab
2482 3257 2682 3328 oppido
2713 3258 2980 3329 postridie
3007 3257 3282 3319 dedendo,
3313 3266 3369 3312 et
3397 3255 3546 3326 ejus-

1968 3356 2091 3409 dem
2124 3353 2417 3423 proditoris
2440 3354 2605 3406 ctiam
2635 3352 2688 3405 in
2722 3352 2859 3421 fugre
2887 3352 2970 3404 via
2996 3351 3285 3405 consilium
3315 3349 3549 3404 fraudu-

1968 3446 2178 3500 lentum
2223 3460 2459 3515 sequens
2499 3460 2557 3499 se
2597 3459 2835 3512 suosque
2868 3446 3104 3514 conjecit
3146 3444 3201 3498 in
3245 3445 3545 3514 angustias,

1970 3538 2064 3592 ubi
2103 3554 2227 3592 mox
2278 3537 2501 3607 plurimi
2565 3553 2594 3591 a
2640 3537 2830 3606 paucis
2880 3536 3079 3589 misere
3135 3536 3380 3605 Oppressi
3424 3548 3551 3591 sunt

1970 3633 2236 3702 Bulgaris,
2257 3631 2351 3702 qui
2379 3647 2445 3685 ex
2481 3630 2783 3701 composito
2814 3629 2868 3682 in
2893 3631 3297 3685 circumventos
3331 3629 3549 3683 irruen-

1923 3758 1929 3769 ι
1972 3732 2054 3777 tes
2095 3724 2371 3776 ltomanos
2420 3722 2714 3789 plerosque
2765 3719 3003 3782 credunt,
3050 3720 3378 3787 imperatore
3421 3736 3547 3773 cum

1972 3832 2080 3871 non
2121 3816 2306 3869 multis
2329 3830 2469 3884 :rgre
2508 3829 2563 3867 se
2605 3813 2661 3866 in
2688 3823 2863 3866 tutum
2900 3812 3224 3882 recipiente,
3261 3813 3409 3866 omni
3448 3829 3548 3882 ap-

1972 3914 2166 3976 paratu
2198 3914 2250 3960 et
2288 3903 2637 3973 imperatoria
2696 3904 3023 3973 supellectili
3058 3904 3305 3959 hostibus
3330 3905 3544 3961 relicta.

1972 4000 2035 4052 Οἱ
2076 3999 2155 4062 δὲ,
2191 3998 2266 4053 ait
2308 3997 2644 4067 Acropolita,
2681 3997 3042 4060 διασωθέντες
3079 4000 3218 4068 μετὰ
3264 3998 3357 4051 τοῦ
3393 3987 3549 4065 βιαιο-ι-

1971 4091 2110 4151 λέω;
2149 4089 2348 4160 γυμνοί
2386 4107 2444 4141 τε
2484 4086 2627 4159 ἦσαν
2684 4093 2775 4143 καὶ
2824 4090 2995 4156 ὀλίγοι
3037 4092 3206 4146 πάνυ.
3263 4090 3548 4145 Ἐντεῦθεν

1974 4183 2252 4252 ὲφυσιώθη
2288 4183 2347 4235 τὸ
2372 4181 2480 4234 τῶν
2515 4182 2841 4252 Ωοολγάρων
2873 4183 3037 4250 φῦλον
3062 4184 3211 4236 ὶεὲαν
3252 4183 3450 4254 πολλὴν
3482 4186 3547 4237 ἐκ

1971 4278 2079 4330 τῶν
2118 4274 2406 4345 Ῥωμαὲων
2443 4276 2735 4344 κερίἦσαν,
2769 4275 2907 4329 ἀλλὰ
2936 4276 2998 4346 δὴ
3040 4277 3132 4330 καὶ
3167 4278 3228 4329 ὲκ
3261 4277 3366 4332 τῶν
3394 4278 3546 4348 βασι-

1972 4370 2141 4424 λικῶν
2191 4366 2538 4437 παρασήμων
2593 4368 2661 4420 τὰ
2703 4366 3039 4438 τιμιώτεροι·
3080 4371 3178 4431 τάς
3210 4387 3265 4423 τε
3297 4373 3404 4441 γὰρ
3449 4371 3546 4424 τοῦ

1977 4465 2241 4537 βασιλέως
2293 4463 2610 4532 πυραμίδοις
2666 4462 2991 4516 ἁνεῖἁὸοντο
3044 4466 3138 4516 καὶ
3192 4466 3391 4532 φιάλας
3440 4467 3548 4519 τῶν

277 4566 653 4613 numerantur
704 4558 973 4621 totidem;
1007 4558 1198 4627 quales
1247 4573 1442 4611 revera
1492 4557 1549 4611 in
1606 4557 1709 4611 hac
1754 4557 1861 4611 ﬁlia

1974 4557 2265 4625 ἐπισήμων
2310 4557 2403 4606 καὶ
2448 4557 2637 4624 χρῆμα
2677 4556 2756 4617 εἰς
2791 4553 2993 4624 πλῆθος
3041 4558 3133 4608 καὶ
3162 4557 3325 4610 αὐτὸν
3359 4557 3422 4628 δὴ
3458 4558 3550 4611 τὸν

278 4650 570 4705 Michaelis
610 4649 846 4719 Augusti
879 4658 1133 4718 respectu
1182 4649 1369 4719 sponsi
1398 4650 1448 4702 ci
1479 4648 1738 4703 destinati
1767 4647 1867 4703 Mi-

278 4739 499 4795 chaelis
539 4739 784 4808 despotte
806 4739 1262 4793 numerabantur.
1291 4738 1448 4794 Unde
1474 4754 1546 4793 cx-
1568 4739 1671 4795 hae
1687 4748 1861 4808 parte,

279 4839 345 4884 ut
377 4834 455 4885 ait
491 4829 818 4890 historicus.
873 4840 1115 4900 quatuor
1160 4840 1319 4885 erant
1369 4831 1701 4886 συνοικεσῖου
1749 4832 1866 4887 sive

278 4922 566 4978 afﬁnitatis
618 4923 846 4991 gradus,
895 4939 961 4977 ex
1022 4935 1180 4994 parte
1240 4939 1375 4979 vero
1437 4923 1628 4993 sponsi
1687 4924 1866 4992 ipsius

276 5014 566 5070 Michaelis
599 5014 838 5083 despota:
873 5027 1128 5084 resitcctu
1177 5016 1365 5069 fratris
1393 5015 1514 5086 ejus
1552 5015 1853 5083 Nicephori

278 5116 343 5160 et
376 5107 500 5177 ejus
544 5107 791 5177 conjugis
823 5108 994 5163 Anna:
1040 5118 1179 5161 natrn
1217 5125 1285 5162 ex
1334 5123 1525 5162 sorore
1566 5108 1855 5163 Michaelis

277 5199 541 5269 Augusti,
581 5199 720 5265 duo;
775 5201 905 5269 quia
954 5208 1015 5254 ut
1066 5198 1128 5271 [Ρ
1176 5199 1302 5271 477]
1356 5201 1859 5270 consanguinitatis

284 5292 461 5364 gradu
496 5292 740 5348 secundo
772 5294 1204 5348 connectebatur
1249 5292 1422 5348 frater
1450 5294 1632 5361 fratri,
1674 5294 1749 5350 ita
1780 5310 1869 5350 se-

281 5386 472 5441 cundo
532 5386 737 5455 pariter
803 5385 1083 5441 aﬁinitatis
1145 5386 1317 5456 gradu
1379 5388 1865 5457 conjungebantur

282 5475 430 5532 lcvir
476 5484 531 5529 et
562 5475 773 5531 fratria.
827 5474 953 5530 Haec
990 5491 1149 5530 mens
1198 5476 1363 5547 hujus
1411 5478 1517 5530 loci
1546 5486 1665 5543 est;
1721 5479 1869 5533 circa

284 5582 454 5639 quem
499 5567 739 5623 notanda
770 5567 921 5621 venit
958 5567 1157 5638 duplex
1187 5569 1505 5624 Graecorum
1550 5570 1701 5627 illius
1737 5580 1872 5626 tem-

286 5662 446 5731 poris
475 5676 505 5714 a
553 5660 765 5715 Latinis
820 5661 1107 5716 hodiernis
1153 5662 1546 5733 discrepantia.
1593 5664 1754 5719 Prior
1785 5675 1872 5721 est

287 5754 462 5823 quod,
497 5763 556 5807 ut
585 5753 712 5807 hinc
740 5764 991 5823 apparet,
1040 5756 1184 5824 apud
1226 5756 1445 5811 Graecos
1480 5767 1610 5812 tunc
1640 5757 1871 5813 afﬁnitas

286 5844 610 5901 eihnitatem
640 5845 909 5915 pariebat,
955 5861 1078 5900 cum
1106 5847 1158 5900 in
1177 5863 1275 5902 usu
1314 5849 1425 5921 jam
1465 5849 1725 5906 Ecclesia:
1767 5849 1870 5904 La-

1973 4650 2252 4721 βασιλικὸν
2297 4650 2550 4718 σταυρόν,
2589 4658 2693 4703 etc.
2730 4648 2856 4703 llzee
2902 4659 3032 4705 sunt
3071 4666 3190 4720 qua:
3238 4662 3426 4706 noster
3460 4651 3550 4707 hic

1972 4751 2131 4797 vocat
2164 4743 2391 4811 insignia
2424 4744 2651 4811 imperii.
2696 4742 2749 4796 In
2786 4744 2986 4812 quibus
3017 4742 3159 4812 quod
3193 4744 3289 4807 τὰς
3316 4743 3409 4796 τοῦ
3450 4745 3549 4812 βα-

1973 4834 2166 4897 σιλέως
2197 4834 2513 4904 πυραμίδας
2543 4836 2877 4903 imperatoris
2909 4834 3206 4904 pyramidas
3233 4834 3546 4903 Acropolita

1972 4932 2245 4989 numerat,
2284 4925 2466 4978 lumen
2513 4926 2712 4993 accipit
2747 4940 2815 4979 cx
2850 4925 2959 4978 alio
2995 4927 3112 4996 ejus
3143 4926 3283 4989 loco,
3327 4926 3462 4981 (list.
3493 4944 3544 4989 ς,

1972 5014 2062 5080 ΔΟ,
2089 5030 2145 5085 p.
2176 5014 2265 5078 56,
2291 5014 2382 5068 ubi
2416 5015 2483 5069 de
2515 5015 2806 5068 Theodoro
2837 5015 3042 5085 Angelo
3074 5014 3286 5082 imperii
3314 5015 3547 5083 insignia

1974 5107 2283 5176 deponente
2322 5109 2399 5161 sic
2431 5108 2619 5161 scribit
2652 5124 2667 5158 :
2701 5107 2782 5158 Ἰὰ
2830 5107 2927 5175 μὲν
2968 5108 3074 5175 γὲρ
3114 5105 3321 5174 ἐρυθρὰ
3357 5107 3547 5160 πέδιλα

1972 5198 2312 5252 antiit).er
2347 5199 2439 5251 xxi.
2461 5199 2559 5264 τὴν
2586 5196 3010 5266 περῖμαργαρον
3029 5195 3330 5262 πυραμίδα.
3368 5198 3448 5258 εἰς
3476 5199 3544 5266 ἣν

1972 5290 2067 5343 καὶ
2117 5290 2267 5352 λίθος
2319 5290 2700 5360 ὑπερκάοηται
2758 5289 3029 5351 κόκκινος,
3070 5286 3324 5357 βασιλικὰ
3371 5289 3547 5345 ταῦτα

1975 5384 2237 5452 σύμβολα.
2260 5382 2372 5435 Hoc
2393 5390 2564 5435 estex
2588 5380 2838 5434 versione
2864 5377 3167 5433 doctissimi
3192 5377 3543 5448 interpretis:

1972 5475 2215 5543 Namque
2238 5474 2384 5527 rubri
2407 5473 2567 5526 cnfeci
2596 5473 2821 5535 dimissi,
2852 5481 2900 5525 et
2927 5472 3200 5526 tmionibus
3214 5471 3546 5526 interstincta

1972 5570 2225 5639 pyramis,
2245 5582 2404 5636 super
2425 5582 2584 5635 quam
2612 5564 2747 5632 lepis
2780 5564 2965 5619 rubens
2996 5564 3277 5631 ettoicebat,
3309 5581 3428 5636 qua:
3449 5566 3548 5619 im-

1946 5730 1951 5737 .
1975 5670 2278 5731 peratorum
2311 5659 2545 5725 insignia
2568 5665 2711 5711 sunt.

2046 5753 2215 5822 Capp.
2277 5750 2345 5804 10
2389 5758 2444 5804 et
2476 5750 2561 5805 Η.
2619 5752 2753 5816 Qum
2784 5752 2874 5806 hic
2913 5760 3210 5807 narrantur
3261 5752 3328 5806 de
3369 5750 3550 5805 Vecco

1977 5846 2151 5901 libere
2230 5858 2452 5899 causam
2514 5859 2818 5917 pauperum
2879 5842 3080 5916 injuste
3149 5857 3547 5917 oppressorum
