3992 6522
442 323 582 389 1143

1322 331 1386 390 Ρ.
1431 329 1722 394 POSSlNl
1771 311 2421 397 OBSERVATIONUM
2460 337 2606 399 LIB.
2650 336 2730 399 If.

3547 332 3676 402 1144

436 453 631 515 agente
682 459 807 500 cum
855 445 1121 516 Augusto,
1153 461 1182 500 a
1215 462 1323 516 quo
1358 463 1420 502 ea
1454 448 1742 503 occasione
1774 449 2006 518 pessime
2034 449 2084 508 Δ
2111 450 2217 515 nis,
2260 467 2422 520 quam
2469 453 2734 507 Arsenius
2779 451 3016 506 libenter
3047 451 3235 516 dabat,
3275 451 3680 522 exprimeretur

435 540 797 602 tractabatur,
827 542 1004 610 palam
1042 541 1341 596 ostendunt
1369 557 1532 611 quam
1564 543 1656 598 ille
1683 543 1766 597 vir
1798 543 2010 598 alienus

436 630 507 687 ab
539 633 687 687 omni
721 633 1038 689 adulatione
1065 633 1255 697 fuerit,
1283 645 1339 689 et
1380 651 1545 704 quam
1574 645 1786 690 certum
1826 635 1918 699 sit,
1947 651 2011 690 ea

438 742 564 796 qua:
593 742 691 796 pro
720 726 965 783 Ecclesia
1002 737 1192 782 contra
1218 727 1438 783 Graecos
1475 728 1852 783 schismaticos
1879 729 2009 798 egit,

442 819 604 884 dixit,
636 820 878 890 scripsit,
930 830 1158 890 purgata
1194 820 1368 875 videri
1405 820 1606 875 debere
1640 835 1670 874 a
1701 820 2012 888 suspicione

440 911 551 965 fuci
607 929 669 965 ac
716 912 948 966 fraudis.
1001 913 1076 966 De
1133 913 1497 981 stauropegiis
1549 912 1666 966 fuse
1699 912 1914 980 agimus
1959 912 2012 965 in

440 999 740 1065 Glossario,
778 1002 868 1056 ubi
903 1011 958 1057 et
984 1003 1106 1057 \‘ide
1137 1003 1203 1057 de
1237 993 1455 1074 Colybis
1481 1001 1676 1069 capitis
1710 1002 1797 1056 19..

515 1093 753 1166 [ΕΣ-478]
803 1095 862 1149 Ρ.
897 1095 1023 1149 458.
1059 1098 1145 1148 Me
1197 1099 1505 1165 neutiquam
1554 1111 1832 1162 passurum
1889 1095 2015 1147 addi

447 1185 719 1257 Symbolo,
759 1196 868 1241 etc.
904 1187 1194 1256 Nunquam
1226 1195 1527 1256 exegerunt
1559 1187 1736 1240 Latini
1761 1202 1789 1240 a
1814 1186 2016 1241 Graecis

448 1291 505 1333 ut
533 1280 857 1349 particulam
888 1292 942 1335 et
979 1281 1080 1350 ipsi
1108 1279 1343 1349 Filioque
1373 1279 1642 1358 _Symbolo
1674 1281 1892 1334 Nicamo
1921 1279 2016 1332 atl-

447 1373 667 1438 dercnt,
704 1376 867 1428 modo
897 1375 1057 1428 ﬁdem
1090 1374 1260 1443 ipsam
1292 1372 1658 1443 proccssionis
1685 1372 1856 1427 sancti
1893 1371 2018 1439 Spi-

449 1467 592 1519 ritus
610 1481 675 1519 ex
707 1465 866 1520 Patre
883 1477 941 1520 et
971 1465 1107 1519 Filio
1143 1473 1412 1528 tenerent,
1439 1473 1493 1519 et
1515 1465 1815 1518 Romanam
1837 1463 2020 1516 Eccle-

446 1553 582 1612 siam
615 1558 923 1612 faterentur
947 1574 1055 1612 non
1087 1573 1343 1626 peccasse
1380 1573 1504 1611 cum
1535 1556 1600 1611 ad
1631 1555 2019 1610 declarandum

446 1649 767 1718 expressius
797 1649 992 1719 dogma
1025 1649 1254 1704 verbum
1299 1649 1433 1704 illud
1469 1649 1719 1719 Filioque
1761 1647 2021 1719 Symbolo

448 1741 682 1795 addidit.
741 1742 865 1796 [hcc
919 1741 1030 1795 duo
1077 1742 1122 1796 si
1177 1750 1458 1811 prmstent,
1506 1741 1600 1811 qui
1649 1757 1680 1796 e
1719 1740 2014 1796 schismate

447 1831 761 1888 Graecorum
800 1833 1054 1897 redeunt,
1093 1833 1229 1887 nihil
1257 1834 1407 1889 aliud
1438 1833 1505 1888 ab
1532 1834 1597 1888 iis
1625 1831 2020 1902 requirendum

450 1925 632 1979 sanxit
661 1925 826 1980 etian'i
852 1925 1105 1980 Clemens
1133 1925 1268 1987 Vlll,
1293 1925 1448 1994 cujus
1474 1939 1537 1979 ea
1562 1923 1630 1980 de
1661 1939 1719 1978 re
1740 1924 2021 1979 decretum

451 2013 676 2068 memini
718 2030 804 2069 me
833 2016 1014 2086 legere
1055 2014 1195 2085 apud
1229 2013 1587 2070 Posscvinum
1630 2015 1684 2068 in
1720 2014 2022 2084 Apparatu.

451 2105 586 2162 Vide
609 2123 730 2178 quas
759 2109 1015 2178 superius
1043 2108 1428 2162 adnotavimus
1453 2107 1519 2161 ad
1544 2123 1594 2162 c.
1623 2106 1766 2172 11,1.
1800 2123 1853 2161 ν.
1879 2107 2026 2162 Nihil

451 2213 584 2270 ergo
619 2205 820 2254 mirum
847 2201 893 2256 si
923 2201 1154 2256 Michael
1184 2201 1485 2272 imperator
1506 2215 1710 2272 gnarus
1733 2201 1864 2272 quid
1897 2216 2026 2256 vere

452 2288 636 2346 Latini
677 2303 950 2362 peterent,
987 2303 1044 2348 et
1073 2293 1267 2348 videns
1304 2293 1485 2364 spargi
1513 2309 1542 2346 a
1576 2292 1941 2348 schismaticis
1971 2291 2028 2346 in

452 2386 718 2454 populum
753 2403 924 2442 vanos
965 2396 1165 2450 metus,
1191 2387 1344 2457 quasi
1379 2387 1638 2457 jussurus
1663 2387 1848 2444 statim
1891 2400 2028 2455 papa

452 2477 598 2533 foret
622 2488 681 2533 ut
712 2480 766 2533 in
805 2481 969 2550 682
1001 2480 1257 2534 omnibus
1288 2479 1490 2534 Grecis
1517 2479 1764 2534 ecclesiis
1795 2477 2031 2548 Symbo-

451 2571 568 2626 lum
601 2571 862 2642 deinceps
888 2587 1010 2626 cum
1033 2570 1314 2626 additione
1346 2585 1542 2625 vocum
1560 2569 1829 2625 vocabulo
1852 2567 2028 2622 Filio-

453 2677 556 2731 que
583 2659 1032 2730 mquivalentium
1079 2668 1418 2723 cantarctur,
1451 2659 1748 2729 prannunit
1794 2657 2028 2721 animos.

455 2753 725 2824 profitens
756 2769 814 2808 se
850 2753 1176 2823 neutiquam
1210 2753 1262 2807 id
1299 2768 1608 2822 passurum.
1647 2752 2028 2809 Conscntanee

456 2841 544 2898 his
570 2854 625 2898 et
653 2843 824 2898 Graeci
858 2843 1161 2912 loquuntur
1192 2843 1246 2896 in
1283 2843 1518 2898 concilio
1540 2843 1858 2898 Florentino
1894 2858 2028 2898 scss.

455 2938 548 3002 23,
575 2953 628 3006 p.
658 2937 760 2991 508
789 2936 882 2992 ed.
907 2935 1064 3007 Reg:
1089 2939 1162 2990 Τὸ
1184 2937 1281 3007 τῆς
1317 2936 1834 3008 προσθήκης,ἠμεῖς
1870 2937 1929 2989 οὺ
1950 2937 2034 2990 δε-

459 3030 666 3102 ξόμεθα
694 3031 918 3087 πώποτε
951 3032 1180 3102 ταύτην,
1207 3033 1321 3085 ἀλλ’
1350 3031 1700 3102 ὲκχωροῦμεν
1731 3034 1860 3102 ὑμῖν
1887 3032 2031 3099 ἔχειν

2115 545 2401 616 indignum
2432 560 2554 599 eum
2579 543 2889 615 sacerdotio
2919 541 3110 610 fuisse,
3140 543 3361 610 ἀνάξιον
3389 545 3493 612 τῆς
3527 546 3681 614 ἱερω-

2115 638 2303 705 σύνης.
2338 639 2502 707 idque
2536 639 2616 700 εἰς
2637 637 2698 690 τὸ
2722 638 2821 705 τῆς
2841 638 3227 708 παραιτήσεως
3247 636 3496 706 εὔλογον.
3524 646 3579 689 ιιι
3612 639 3683 690 oi-

2115 731 2326 784 dcrctur
2367 731 2557 784 idonea
2599 732 2846 786 cessionis
2894 747 3078 795 causa,
3128 739 3288 799 prout
3346 741 3610 784 narratur
3654 745 3682 783 a

2115 831 2324 885 nostro,
2367 838 2419 890 p.
2459 823 2580 877 115.

2187 909 2246 964 Ρ.
2289 912 2412 966 461.
2458 911 2514 965 Is
2559 920 2676 965 erat
2715 922 2838 966 tunc
2869 913 3132 970 Urbanus.
3175 914 3687 969 Demonstrabimus

2118 1003 2371 1067 inferius,
2410 1005 2448 1058 l.
2484 1021 2565 1068 ιιι,
2600 1022 2650 1060 ο.
2683 1005 2749 1059 10
2786 1006 2838 1060 in
2871 1004 3165 1072 Chronico,
3190 1005 3256 1061 ad
3279 1022 3490 1060 annum
3529 1006 3684 1064 19.79.

2117 1112 2226 1150 non
2300 1097 2586 1152 Urbanum
2649 1107 2781 1152 tunc
2843 1098 3014 1152 fuisse
3083 1113 3316 1167 papam,
3362 1097 3460 1152 sed
3531 1096 3690 1150 Nico-

2118 1189 2264 1243 laum
2320 1189 2422 1250 III.
2489 1198 2549 1244 ut
2609 1189 2887 1244 memoria:
2941 1201 3033 1244 aut
3091 1190 3286 1245 calami
3344 1189 3537 1258 lapsus
3604 1189 3688 1243 hic

2119 1283 2502 1351 agnoscendus
2529 1283 2622 1353 sit,
2660 1299 2850 1338 errore
2879 1293 3057 1339 tamen
3102 1284 3156 1338 in
3189 1283 3374 1338 omnia
3415 1282 3691 1352 exempla-

2122 1376 2202 1431 ria
2240 1376 2461 1432 diffuso.

2193 1469 2252 1523 P.
2288 1469 2412 1524 467.
2443 1462 2740 1538 Δῶραμὲν
2764 1468 2964 1522 δέκτο.
3020 1467 3245 1538 Sumpta
3306 1465 3424 1521 haec
3488 1475 3574 1521 est
3626 1480 3690 1520 ex

2123 1560 2362 1614 llomero
2385 1560 2548 1614 Iliad.
2583 1559 2650 1630 β’,
2681 1575 2735 1614 v.
2761 1559 2865 1612 420
2896 1576 2908 1611 :
2949 1559 3088 1612 Ἀλλ’
3113 1561 3206 1627 ὅγε
3239 1559 3399 1611 δέκτο
3440 1557 3542 1627 μὲν
3579 1557 3690 1626 ἱρὰ,

2125 1655 2318 1707 πόντον
2355 1653 2400 1706 δ’
2422 1653 2738 1724 ἀμέγαρτον
2788 1651 3032 1721 suam“.
3061 1651 3217 1706 Unde
3257 1659 3317 1706 et
3351 1649 3694 1706 correximus

2124 1749 2271 1819 quod
2305 1749 2359 1804 in
2390 1762 2495 1804 ms.
2526 1749 2722 1802 vitiose
2756 1747 3042 1817 legebatur
3063 1745 3325 1815 ὤφελλεν.

2199 1842 2283 1914 [Ρ.
2341 1840 2470 1914 479]
2515 1841 2577 1896 Ρ.
2632 1841 2758 1898 460.
2825 1840 3114 1896 Oraculum
3165 1837 3482 1906 insculptum
3551 1853 3696 1891 mar-

2129 1934 2286 1996 mori,
2317 1942 2430 1987 etc.
2478 1931 2592 1987 Hoc
2633 1931 2919 1986 oraculum
2953 1931 3222 2001 Gregoras
3252 1929 3520 1984 describit
3563 1930 3597 1981 Ι.
3644 1945 3698 1993 ν,

2129 2043 2182 2096 p.
2217 2026 2306 2081 67.
2337 2025 2450 2080 Nos
2488 2025 2580 2079 hic
2619 2025 2753 2080 illud
2799 2039 2866 2080 ex
2897 2024 3142 2094 margine
3175 2022 3380 2078 codicis
3409 2020 3699 2075 B‘arberini

2130 2127 2592 2189 repraesentamus
2640 2132 2767 2172 cum
2817 2116 3041 2170 nomine
3095 2115 3337 2170 auctoris
3392 2129 3422 2168 a
3456 2112 3702 2183 Gregora

2130 2211 2304 2277 taciti,
2358 2211 2523 2266 etiam
2584 2209 2749 2279 paulo
2785 2209 3023 2264 auctius.
3069 2208 3203 2262 Nam
3247 2207 3361 2261 hac
3391 2207 3563 2260 verba
3609 2204 3704 2256 καὶ

2129 2304 2192 2358 τὸ
2219 2303 2350 2372 παρ’
2395 2299 2722 2374 Ἡρακλείου
2752 2299 3030 2371 πολίχνιον
3075 2298 3219 2369 apud
3247 2297 3548 2366 Gregoram
3591 2311 3704 2350 non

2131 2405 2473 2467 comparent.

2201 2489 2365 2562 683
2407 2482 2578 2554 Οὗτος
2615 2489 2644 2541 ὁ
2679 2487 2925 2559 χρησμὸς
2972 2484 3284 2540 Παυσανέου
3337 2482 3633 2554 προέδρου.

2133 2587 2246 2655 Τῆς
2286 2585 2343 2638 δὲ
2383 2584 2593 2645 πόλεως
2615 2582 2910 2649 Τράλλεων
2933 2579 2994 2634 τδ
3026 2579 3222 2640 κάλλος
3250 2575 3466 2648 χρόνοις
3498 2575 3705 2626 ἐπεῖται

2135 2675 2520 2745 σϐεννύμενον.
2565 2673 2638 2726 Τὸ
2676 2671 2733 2725 δὲ
2764 2669 3059 2723 πολλοστὸν
3100 2666 3304 2735 ταύτης
3338 2661 3711 2729 καταλειφθὲν

2135 2772 2194 2824 ὲν
2229 2767 2484 2831 ὑστάτοις
2520 2763 2960 2832 ὲκφοδηθήσεται
2999 2759 3305 2830 (Gregoras
3344 2756 3479 2827 legit
3508 2754 3709 2820 ὲκὸοηο

2136 2859 2386 2933 ϐήσεται)
2411 2860 2552 2912 ἔθνει
2596 2856 2840 2926 ἀνάρχῳ,
2875 2852 3219 2923 ἁλωθήσεται
3255 2849 3552 2918 (Gregoras
3575 2845 3714 2898 (nd.—

2137 2957 2313 3024 σεται)
2364 2953 2421 3006 δὲ
2470 2949 2740 3020 οὐδαμῶς.
2792 2943 2932 3001 Εἶτα
2981 2943 3508 3012 ἀνακομισθήσεται
3560 2939 3714 3004 παρὰ

2136 3044 2360 3101 δυνατοῦ
2411 3040 2768 3110 Νικωνύμου,
2828 3038 2886 3101 ὃς
2935 3035 3219 3104 ὀκταπλῆν
3274 3032 3498 3101 ἀγλαῶς
3547 3030 3716 3084 ὲνάδα

456 3127 664 3195 ταύτην
694 3128 752 3178 ἐν
781 3127 901 3188 ταῖς
929 3125 1084 3194 ὑμῶν
1109 3126 1448 3196 ἐκκλησίαις,
1484 3127 1543 3179 οὐ
1575 3126 1680 3196 μὴν
1707 3127 1764 3177 ὲν
1798 3129 1914 3190 ταῖς
1938 3127 2034 3196 τῆς

2145 3138 2434 3207 (Gregoras
2491 3133 2686 3187 ὲννάδα
2731 3141 2785 3185 et
2826 3130 2882 3184 in
2930 3128 3174 3198 margine
3221 3125 3470 3194 ἐννεάδα)
3526 3123 3716 3193 puisse:

460 3221 750 3290 ἀνατολῆς.
790 3219 899 3271 Καὶ
933 3219 1169 3287 λέγομεν
1198 3219 1280 3271 ὅτι
1314 3219 1564 3288 ἀνάγκης
1596 3219 2035 3289 κατεπειγούσης

460 3314 802 3379 ὰνεπτύξατε
855 3312 915 3365 τὸ
960 3310 1238 3380 Σύμϐολον
1267 3327 1279 3340 ⁶
1326 3311 1419 3363 καὶ
1467 3311 1525 3363 οὑ
1560 3310 1792 3379 λέγομεν
1826 3308 1924 3379 τὴν
1967 3311 2034 3362 ἐκ

461 3405 568 3461 τοῦ
601 3407 740 3460 Υιοῡ
773 3403 956 3474 φωνὴν
989 3404 1022 3474 ἢ
1055 3403 1248 3475 ἑτέραν
1283 3403 1461 3456 πίστιν
1491 3404 1522 3477 ἢ
1552 3403 1876 3473 προσθήκην
1892 3404 2034 3468 τινὰ,

462 3497 580 3550 ἀλλ’
611 3496 832 3566 εὐσεϐῆ,
862 3497 956 3548 καὶ
984 3497 1284 3564 σαφήνειαν
1315 3495 1406 3548 τοῦ
1434 3495 1706 3566 ἡμετέρου
1741 3495 2036 3564 συμϐόλου.

466 3589 576 3643 Καὶ
607 3589 716 3643 εἰσὶ
751 3590 821 3643 τὰ
858 3588 1114 3658 Σύμϐολα
1159 3589 1448 3658 ἀμφότερα
1485 3589 1704 3659 εὐσεϐῆ,
1755 3590 1851 3642 καὶ
1889 3589 2040 3659 ὡμοο

463 3684 705 3753 νοημένοι
731 3681 988 3750 λέγεσθαι
1034 3682 1092 3734 ὲν
1137 3683 1203 3751 τῇ
1244 3680 1351 3733 τῶν
1391 3680 1680 3749 Ῥωμαίων
1720 3681 2036 3752 Ἐκκλησία,

467 3775 651 3840 καοὼς
702 3776 859 3846 ὑμεῖς
907 3775 1120 3844 λέγετε,
1153 3774 1248 3827 καὶ⁸
1296 3776 1354 3828 ὲν
1381 3776 1447 3844 τῇ
1486 3775 1808 3842 ἁνατολικῇ,
1856 3773 2041 3836 καθὼς

468 3871 624 3924 αὐτοὶ
672 3871 834 3940 ἡμεῖς
889 3868 1150 3938 λέγομεν.
1203 3869 1316 3922 Καὶ
1371 3866 1514 3920 οὕτω
1546 3867 1789 3934 γενέσθω
1831 3869 1862 3937 ὴ
1907 3867 2039 3919 ἕνω-

467 3979 578 4026 σις.
625 3961 702 4014 De
737 3961 1005 4015 additione
1029 3977 1046 4015 :
1073 3978 1164 4015 nos
1192 3959 1341 4014 illam
1372 3977 1642 4032 nunquam
1680 3961 2039 4022 admitteums,

466 4057 557 4112 sed
597 4072 713 4110 eam
748 4056 886 4110 vobis
938 4057 991 4110 in
1036 4054 1221 4108 vestris
1267 4051 1499 4107 ecclesiis
1547 4053 1738 4105 habere
1785 4053 2047 4120 permitti-

469 4167 610 4212 mus,
645 4167 746 4203 non
781 4157 957 4202 autem
991 4149 1041 4201 in
1067 4146 1801 4212 Orientalibus;dicimusque
1830 4143 2046 4214 Symbo-

471 4242 581 4297 lum
621 4261 650 4296 a
676 4242 812 4296 vobis
839 4239 1158 4311 explicatum
1190 4239 1498 4292 necessitate
1523 4249 1770 4308 cogente;
1796 4247 1844 4290 el
1873 4251 2045 4290 vocem

471 4335 626 4389 illam
660 4352 676 4384 ι
716 4349 779 4386 ea:
815 4330 958 4384 Filio
990 4350 1007 4381 ι
1047 4346 1150 4383 ιιοη
1182 4345 1289 4382 esse
1315 4328 1478 4382 aliam
1501 4326 1662 4396 [idem
1707 4333 1799 4379 aut
1827 4324 2046 4394 aliquod

471 4429 915 4485 additamentum,
939 4425 1032 4479 sed
1055 4425 1194 4494 piam
1230 4429 1278 4475 et
1310 4422 1479 4474 nostri
1522 4418 1755 4490 Symboli
1783 4416 2048 4488 explana~

2137 3230 2378 3292 δίσκων,
2412 3227 2539 3280 νκαὶ
2587 3225 2708 3295 τρὶς
2769 3225 2910 3276 ἑπτὰ
2977 3220 3196 3274 κύκλων
3241 3219 3397 3273 πόλιν
3456 3216 3714 3270 Ἀττάλου

2138 3321 2472 3392 λαμπρυνεῐ,
2504 3319 2600 3372 καὶ
2646 3317 2707 3370 τὸ
2755 3317 2886 3387 παρ’
2947 3312 3271 3384 Ἡρακλείου
3318 3311 3627 3382 πολίχνιον·

2141 3416 2236 3470 καὶ
2294 3413 2478 3476 πόλεις
2545 3411 2798 3482 ἑσπέριαι
2859 3406 3234 3477 ὑποκύψουσι,
3282 3405 3379 3458 καὶ
3437 3404 3719 3475 ἀγέρωχοι

2143 3505 2604 3575 ὑποκλιθήσονται
2641 3503 2931 3564 παιδικῶς.

2358 3593 2468 3648 Iloc
2499 3599 2576 3646 est
2614 3589 2887 3644 oraculum
2917 3587 3208 3642 Pausania:
3244 3585 3504 3655 praesidis.

2148 3687 2296 3743 Urbis
2345 3703 2466 3740 vero
2515 3683 2776 3739 Trallium
2824 3683 2978 3736 decus
3031 3679 3349 3750 temporibus
3376 3679 3477 3731 erit
3516 3677 3720 3730 exstin-

2143 3789 2308 3836 ctum.
2343 3778 2536 3833 Tenues
2558 3786 2734 3831 tamen
2766 3776 2880 3843 ejus
2911 3773 3145 3844 reliquiae
3174 3772 3230 3826 in
3257 3769 3456 3824 ultimis
3483 3777 3722 3822 exterre-

2145 3870 2340 3923 buntur
2365 3885 2396 3922 a
2427 3875 2579 3938 gente
2607 3866 2721 3918 sine
2747 3864 3048 3934 principatu
3075 3875 3094 3913 .'
3131 3869 3187 3915 at
3243 3875 3586 3930 nequaquam
3628 3875 3724 3911 ca-

2147 3963 2376 4031 pientur.
2416 3959 2775 4014 Renovabitur
2809 3963 2986 4010 autem
3017 3973 3049 4009 a
3086 3963 3293 4024 petente
3331 3953 3416 4006 cui
3438 3970 3470 4004 a
3503 3952 3725 4005 uictoria

2149 4071 2360 4110 nomen.
2393 4051 2494 4118 Qui
2528 4051 2769 4120 octuplex
2804 4049 3072 4119 splendide
3096 4048 3442 4102 novenarium
3475 4047 3606 4098 vivet
3641 4043 3728 4096 di-

2146 4162 2378 4211 scorum,
2424 4152 2472 4197 et
2516 4152 2594 4198 ter
2639 4152 2836 4213 septem
2871 4141 3074 4194 orbium
3106 4139 3374 4193 ciuitatem
3404 4136 3569 4188 Attali
3598 4133 3731 4187 illu-

2147 4241 2360 4303 strabit,
2398 4248 2445 4292 et
2470 4238 2606 4308 quod
2635 4238 2698 4290 ab
2725 4233 2969 4288 Heraclio
3001 4230 3347 4303 oppidulum;
3379 4230 3464 4283 cui
3494 4237 3543 4282 et
3573 4228 3732 4281 urbes

2151 4329 2392 4386 Occiducz
2435 4327 2802 4398 subjacebunt,
2851 4334 2901 4379 et
2955 4324 3152 4393 feroces
3197 4320 3548 4386 subiicientur
3595 4334 3730 4386 pue-

2152 4417 2344 4477 riliter.

471 4524 767 4582 tionem;et
801 4535 908 4571 esse
945 4479 1225 4585 utrumque
1248 4511 1555 4584 Symbolum
1577 4512 1726 4582 pium
1744 4520 1791 4563 et
1812 4507 2042 4580 ejusdem
2077 4479 2124 4540 θ
2223 4515 2400 4580 veni,
2444 4521 2506 4568 ut
2547 4513 2600 4567 in
2651 4510 2896 4567 oraculis
2928 4510 3048 4564 ﬁeri
3077 4508 3262 4572 debet,
3293 4509 3438 4562 κατὰ
3469 4506 3629 4572 πόία,
3658 4506 3726 4561 ad

471 4616 768 4678 sententiw,
811 4623 865 4665 ut
891 4614 944 4664 in
982 4610 1218 4664 Ecclesia
1256 4608 1497 4660 Romana
1532 4607 1778 4659 recitetur
1801 4605 1936 4658 sicut
1961 4618 2048 4657 vos

473 4707 669 4771 dicitis,
694 4718 743 4760 ct
790 4708 844 4760 in
881 4704 1138 4760 Orientali
1168 4711 1222 4755 ut
1264 4718 1356 4756 nos
1385 4701 1484 4771 ipsi
1513 4701 1754 4762 dicimus,
1789 4707 1946 4766 atque
1974 4698 2049 4750 ita

475 4802 773 4872 faciendum
800 4800 1067 4853 unionem.

544 4897 605 4951 Ρ.
643 4895 764 4950 460.
807 4894 889 4947 Οὐ
945 4893 1274 4960 προΐσχετο
1323 4890 1468 4954 ὅλως
1521 4887 1670 4953 αὕτη
1718 4885 1837 4938 τῶν
1877 4881 2051 4951 ιερῶν

473 4987 838 5059 «panicium
893 4984 1170 5050 ἀνάξιον.
1231 4982 1369 5036 llinc
1423 4987 1650 5050 apparet
1705 4977 2051 5032 existimasse

477 5085 694 5140 Grmcos
745 5081 798 5137 in
853 5079 1087 5135 formula
1138 5074 1507 5131 abdicationis
1551 5081 1646 5128 aut
1689 5069 2054 5142 depositionis

478 5177 715 5247 alicujus
757 5190 823 5230 ex
860 5171 1158 5242 episcopali
1203 5169 1467 5238 dignitate
1494 5164 1826 5229 necessario,
1857 5173 1919 5218 ut
1958 5179 2053 5217 va-

473 5267 587 5323 lida
623 5273 969 5328 censeretur,
1004 5260 1242 5331 exprimi
1277 5258 1500 5320 debere,
1527 5273 1653 5312 eum
1697 5255 1791 5326 qui
1819 5253 2053 5324 deponi-

476 5375 568 5416 tur
601 5358 891 5428 indignum
923 5371 990 5410 eo
1023 5355 1146 5409 loco
1182 5361 1238 5408 et
1272 5352 1520 5420 ineptum
1540 5348 1719 5403 ollicio
1749 5362 1895 5402 esse.
1923 5345 2056 5411 Quae

479 5468 644 5507 causa
664 5449 985 5504 fuitNicetaa
1009 5447 1270 5516 episcopo
1293 5441 1844 5506 IleraclcensLmisso
1867 5455 1896 5493 a
1925 5453 2021 5508 syn
2040 5467 2056 5478 ο

479 5546 588 5602 odo
650 5543 718 5599 ad
781 5541 1073 5598 Arsenium
1130 5537 1534 5610 patriarcham,
1569 5542 1860 5604 postquam
1896 5531 1944 5586 is
1986 5531 2056 5585 ab

479 5639 715 5694 ecclesia
770 5637 986 5707 fugiens
1015 5635 1070 5688 in
1103 5631 1500 5687 monasterium
1529 5635 1853 5690 recesserat,
1882 5637 1944 5679 ut
1987 5624 2056 5679 ab

481 5743 549 5784 co
601 5728 907 5783 cessionem
969 5722 1376 5796 patriarcbatus
1421 5718 1684 5790 exigeret,
1737 5731 1922 5778 causa,
1976 5715 2059 5770 in-

478 5837 668 5892 quam,
696 5821 811 5877 haec
842 5821 891 5878 ci
923 5819 1026 5876 fuit
1052 5816 1289 5875 instandi
1323 5822 1381 5870 ut
1406 5813 1460 5870 in
1491 5811 1723 5869 formula
1753 5808 2057 5866 abdicatio—

2151 4608 2408 4672 verbum,
2453 4605 2702 4676 singulos
2751 4605 3068 4674 exprimens
3098 4601 3302 4670 apices.
3348 4599 3628 4655 iudicium
3659 4599 3727 4654 de

2152 4701 2271 4772 ipso
2315 4699 2598 4766 vaticinio,
2640 4713 2906 4752 verumne
2951 4696 3024 4750 sit
3079 4711 3147 4749 an
3202 4693 3414 4758 fictum,
3444 4691 3590 4763 quod
3635 4708 3733 4746 su-

2123 4786 2394 4864 spiratos
2427 4800 2482 4847 et
2514 4790 2898 4860 Pachymerem
2917 4797 2972 4843 et
2994 4786 3291 4855 Gregoram
3315 4785 3500 4849 video,
3537 4793 3652 4838 tum
3686 4783 3731 4838 si

2155 4900 2370 4949 verum,
2421 4897 2533 4953 quo
2565 4883 2684 4952 ejus
2725 4880 2993 4942 ἀπόϐασις
3043 4879 3336 4948 pertineat,
3385 4875 3579 4931 lectori
3639 4889 3730 4930 re-

2155 4979 2345 5046 linquo
2380 4979 2676 5046 integrum.

2225 5071 2287 5126 P.
2323 5070 2451 5126 470.
2486 5073 2552 5124 In
2604 5069 2728 5138 fatis
2775 5075 2914 5123 erat.
2950 5066 3086 5123 Vide
3135 5080 3256 5134 quze
3304 5061 3619 5116 notavimus
3663 5059 3730 5114 ad

2155 5181 2213 5236 p.
2252 5163 2356 5218 ‘lOl
2385 5172 2441 5218 et
2470 5163 2592 5227 159,
2625 5162 2757 5217 item
2805 5160 2873 5215 ad
2909 5176 2965 5230 p.
3001 5159 3140 5221 2'29;
3175 5156 3380 5227 quibus
3412 5154 3732 5207 haereticam

2158 5257 2465 5313 doctrinam
2519 5254 2701 5309 fatalis
2758 5252 3102 5308 necessitatis
3151 5250 3387 5304 liberum
3439 5245 3732 5299 arbitrium

2160 5349 2482 5422 perimentis
2534 5347 2850 5418 rejecimus,
2903 5346 2947 5400 si
2992 5344 3135 5398 forte
3179 5343 3270 5396 hic
3313 5340 3462 5394 illam
3494 5337 3735 5408 scriptor

2159 5437 2548 5497 schismaticus
2583 5437 2877 5491 indicatam
2909 5433 3096 5488 vellet.

2229 5535 2290 5589 ι).
2323 5533 2448 5587 ns.
2504 5530 2676 5585 Edicti
2726 5511 3009 5581 sententia.
3053 5523 3282 5579 Videtur
3336 5519 3443 5573 hoc
3489 5517 3736 5571 edictum

2162 5625 2457 5696 imperator
2479 5621 2770 5677 inchoasse
2802 5618 2869 5672 ab
2902 5617 3008 5672 illis
3041 5615 3098 5670 S.
3127 5612 3374 5682 Gregorii
3405 5605 3737 5663 Nazianzeni

2163 5717 2352 5772 verbis
2377 5731 2500 5786 qua:
2533 5715 2613 5769 sic
2650 5713 2702 5767 in
2737 5712 2987 5766 oratione
3022 5717 3218 5762 contra
3251 5701 3626 5757 Eunomianos
3657 5700 3741 5754 le-

2165 5818 2368 5880 guntur
2394 5824 2450 5878 p.
2483 5806 2583 5861 1ῡῦ
2615 5815 2667 5862 et
2711 5804 2806 5860 196
2838 5801 2924 5859 ed.
2955 5801 3125 5857 Graec.
3155 5797 3476 5854 Basilcens.:
3508 5795 3738 5861 Μνημο-
