3992 6536
198 4846 201 4849 ’
214 4848 233 4911 '7

261 363 395 434 1Μό

1756 364 2003 431 ΝΟΤ

3373 372 3509 441 1146

257 483 473 539 νευτέον
517 480 628 552 γὰρ
681 479 817 533 Θεοῦ
872 480 1143 552 μᾶλλονῆ
1182 479 1611 535 ἀναπνευστέον.
1676 482 1826 547 Quod

1940 487 2027 540 hic
2058 486 2252 555 positis
2298 496 2475 556 potest
2527 488 2720 542 astrui.
2775 488 2933 543 Prius
2969 499 3051 543 est
3081 489 3507 549 Constantinum

259 577 521 646 deinceps
551 575 639 631 hic
673 573 975 629 historicus
1003 573 1188 642 culpat
1216 573 1578 645 orthodoxam
1606 575 1833 643 patriar-

261 670 417 724 eham
464 667 727 730 Veccum,
761 666 890 736 quia
922 667 967 721 is
1011 668 1231 736 scriptis
1276 667 1526 720 refellere
1566 667 1833 721 schisma-

261 763 395 817 ticos
454 762 531 814 sit
582 775 889 831 aggressus,
926 760 1290 815 schismaticas
1341 759 1581 829 loliginis
1633 776 1831 817 succus

260 862 358 917 est,
422 853 578 907 nullo
621 853 755 907 satis
783 852 1034 922 specioso
1092 852 1326 906 tectorio
1379 852 1605 906 lividam
1669 852 1830 905 mali—

259 948 518 1017 gnitatem
576 947 781 1001 velans.
828 946 1016 1016 Itaque
1068 947 1272 1001 oblitus
1323 962 1485 1016 quam
1543 947 1831 1015 magnifice

263 1050 418 1093 antea
456 1040 838 1108 praedicaverit
870 1040 1106 1094 nobilem
1136 1049 1192 1094 et
1221 1040 1450 1094 liberam
1484 1039 1647 1095 Vecci
1678 1040 1833 1094 indo-

258 1132 362 1185 lem
403 1131 473 1184 ab
518 1133 668 1185 omni
716 1132 974 1186 adulandi
1013 1133 1279 1187 servitute
1319 1132 1828 1202 disjunctissimam,

261 1227 424 1285 nunc,
463 1223 508 1277 si
540 1227 755 1292 superis
780 1224 978 1293 placet,
1009 1239 1133 1279 eum
1172 1224 1392 1278 exhibet
1418 1225 1581 1279 Persa
1635 1226 1831 1295 quovis

262 1313 610 1384 abjectiorern
666 1314 722 1367 in
777 1313 1130 1378 assentando,
1180 1314 1473 1384 prodigum
1516 1314 1826 1381 titulorum,

260 1416 312 1461 et
336 1406 470 1459 nihil
515 1406 618 1460 sibi
654 1406 949 1461 facientem
990 1407 1188 1476 reliqui
1216 1408 1272 1461 in
1301 1407 1617 1462 extollendo
1650 1408 1828 1461 hono-

261 1499 411 1553 ribus
460 1499 728 1554 indebitis
775 1500 1136 1569 Ephesinum,
1188 1501 1346 1571 cujus
1400 1516 1567 1569 opera
1620 1508 1826 1571 egeret,

259 1590 578 1656 antistitem,
609 1607 719 1660 quo
773 1593 846 1645 ita
895 1593 998 1647 sibi
1057 1609 1181 1647 eum
1244 1594 1569 1648 dcvineiret.
1613 1592 1825 1657 Scribit,

259 1681 431 1750 inquit
460 1698 516 1751 p.
565 1684 693 1748 479,
732 1684 801 1739 ad
833 1684 1175 1755 Epliesinu-n,
1212 1702 1455 1756 eumque,
1492 1694 1549 1738 ut
1600 1685 1713 1754 ipsa
1745 1688 1829 1738 in-

258 1776 540 1843 scriptione
579 1778 956 1842 demereretur,
1015 1794 1117 1831 non
1144 1777 1457 1848 simpliciter
1513 1776 1825 1845 ἱερώτατον,

1938 581 2084 634 hunc
2106 595 2355 635 aversum
2379 596 2436 635 se
2467 597 2495 635 a
2524 597 2653 650 pace
2682 581 3052 637 Ecclesiarum
3083 584 3261 653 palam
3295 586 3509 643 tulisse:

1936 674 2081 743 quod
2121 690 2229 729 non
2278 682 2363 729 est
2407 673 2705 729 verisimile
2757 675 3027 729 facturum
3069 692 3218 739 eum,
3272 680 3316 732 si
3351 689 3508 747 pater

1936 769 2075 837 ejus,
2142 768 2295 837 pacis
2340 769 2459 837 ejus
2494 768 2652 836 quasi
2700 778 2890 822 auctor
2936 778 2991 821 et
3037 770 3503 833 studiosissimus.

1936 858 2169 911 viveret.
2220 857 2491 921 Alterum,
2544 858 2929 925 impera-torem
2964 858 3330 913 Constantino
3376 876 3505 915 suc-

1936 957 2252 1003 censentem
2284 963 2350 1002 eo
2390 949 2614 1002 nomine
2644 964 2755 1002 rem
2789 949 2855 1002 ad
2892 958 3099 1017 patrem
3124 950 3343 1018 juvenis
3395 968 3504 1004 non

1934 1040 2196 1096 detulisse
2214 1052 2269 1096 et
2295 1042 2345 1095 ei
2378 1042 2548 1095 filium
2582 1042 2958 1111 castigandum
2993 1059 3101 1097 non
3139 1044 3507 1099 commisisse.

1936 1134 2042 1188 Sed
2075 1134 2138 1187 ad
2169 1134 2409 1202 primum
2441 1134 2678 1188 dicimus
2712 1139 2914 1187 mirum
2951 1150 3059 1187 non
3090 1150 3208 1188 csse
3237 1133 3509 1187 Constan-

1936 1229 2112 1282 tinum
2166 1243 2196 1280 a
2240 1237 2399 1296 patre
2442 1226 2792 1291 dissensisse,
2837 1242 2962 1281 cum
3010 1227 3263 1296 superius
3292 1227 3506 1296 Pachy-

1935 1337 2114 1375 meres
2138 1320 2389 1375 docuerit
2417 1320 2473 1375 in
2495 1320 2724 1390 singulis
2752 1321 2923 1375 ferme
2949 1331 3079 1373 tunc
3107 1319 3330 1373 familiis
3352 1321 3511 1389 paria

1935 1414 2254 1484 Contigisse.
2289 1412 2449 1467 Certe
2491 1413 2543 1466 in
2576 1412 2692 1482 ipsa
2729 1412 3084 1481 imperatoria
3115 1410 3366 1464 videmus
3400 1410 3505 1462 liu-

1934 1507 2133 1581 litgiani
2179 1504 2459 1559 Michaelis
2486 1503 2713 1574 Augusti
2755 1518 3073 1573 germanam
3124 1500 3502 1556 charissimam

1934 1597 2113 1667 palam
2157 1597 2215 1651 in
2244 1596 2421 1665 ipsum
2465 1595 2535 1649 ob
2568 1610 2756 1665 pacem
2799 1594 2997 1648 factam
3030 1592 3419 1656 insurrexissc,
3452 1602 3507 1645 et

1934 1690 2070 1744 alios
2093 1688 2533 1757 consanguineos
2562 1688 2728 1741 etiam
2756 1701 2929 1755 usque
2946 1685 3011 1739 ad
3028 1700 3303 1748 carceres,
3330 1699 3504 1737 excae-

1936 1782 2181 1835 cationcs
2227 1789 2283 1834 et
2328 1795 2519 1834 necem
2555 1780 2728 1851 ipsam
2768 1778 3080 1848 pertinaces
3112 1777 3165 1830 in
3210 1776 3505 1830 schismate

259 1867 344 1935 qui
372 1864 506 1919 solet
540 1866 727 1921 titulus
755 1869 1004 1937 episcopis
1040 1868 1216 1933 tribui,
1261 1866 1353 1921 sed
1418 1866 1823 1936 πανιερώτατον
1856 1862 1898 1917 Β
1934 1871 2129 1927 fuisse.
2190 1870 2271 1925 Ad
2332 1870 2637 1926 secundum
2703 1869 3011 1938 respondeo
3065 1868 3207 1922 forte
3262 1865 3505 1920 abfuisse

256 1958 308 2011 in
331 1960 501 2027 [rente
539 1959 841 2014 litterarum
868 1960 1258 2030 nuntupatJta
1309 1960 1708 2032 Pachymeres;
1738 1958 1831 2028 qui

258 2048 470 2104 videtur
512 2052 630 2106 haec
670 2051 919 2107 scribens
963 2067 1245 2121 nunquam
1291 2051 1487 2121 legisse
1535 2050 1739 2105 librum
1773 2050 1829 2103 in

258 2143 453 2202 Graecia
484 2148 1187 2219 notissimum,Liturgiam
1207 2147 1604 2220 Clirysostomi.
1628 2147 1686 2201 lu
1722 2162 1830 2217 qua

257 2238 509 2294 sacerdos
563 2240 853 2296 celebrans
914 2256 1047 2296 voce
1104 2241 1318 2295 sublata
1362 2240 1497 2295 dicit
1534 2239 1825 2311 μνήσθητι,

257 2329 444 2400 Κύριε,
474 2333 887 2403 πανιερωτάτου
916 2332 1314 2403 μητροπολίτου
1342 2331 1708 2403 summa
1735 2332 1826 2385 τοῦ

254 2422 418 2485 δεῖνος
451 2443 463 2478 :
490 2423 778 2499 Memento,
814 2424 1056 2491 Domine,
1085 2425 1495 2504 πανιερωτάτου
1529 2425 1830 2494 metropoli-

255 2524 320 2572 ιω
344 2520 509 2573 nostri
545 2518 620 2573 N.
656 2519 726 2575 Et
771 2519 970 2573 iterum
1024 2536 1148 2573 mox
1175 2518 1271 2572 τοῦ
1326 2519 1495 2582 δεῖνος
1550 2535 1826 2589 πανιερω-

253 2607 408 2661 τάτου
471 2609 880 2679 μητροπολίτου
942 2610 974 2681 ἢ
1033 2611 1337 2663 ἐπισκόπου
1368 2612 1516 2673 ὅστις
1552 2609 1617 2663 ἂν
1647 2606 1704 2684 ᾖ,
1753 2609 1823 2664 Ν.

257 2699 605 2766 panhierotati
628 2700 974 2771 metropolitw
1002 2709 1095 2755 aut
1126 2702 1389 2771 episcopi,
1421 2702 1713 2771 quicunque
1733 2701 1824 2753 sit.

257 2791 407 2858 Quod
452 2794 496 2849 si
522 2794 867 2850 sacerdotem
893 2794 1181 2848 facientem
1212 2794 1278 2848 ad
1302 2810 1476 2860 aram,
1496 2801 1551 2849 et
1582 2794 1637 2847 in
1667 2809 1825 2848 sacro

258 2892 445 2941 ornatu
476 2886 683 2941 Christi
724 2901 1013 2955 personam
1045 2895 1552 2955 repraesentantem,
1587 2901 1696 2939 non
1728 2885 1822 2940 dc-

260 2974 409 3032 decet
450 2980 864 3047 πανιερωτάτου
923 2980 1140 3033 deferre
1181 2978 1399 3032 titulum
1437 2978 1665 3032 cuilibet
1702 2979 1823 3047 epi-

260 3083 437 3138 scopo,
477 3071 606 3141 quis
652 3072 973 3141 patriarcha:
1011 3072 1250 3141 privatas
1281 3071 1494 3126 litteras
1535 3069 1603 3124 ad
1637 3071 1821 3139 Ephe-

260 3164 387 3218 sinae
414 3166 816 3235 antiquissima:
852 3175 907 3220 et
934 3165 1378 3219 honoratissimae
1407 3163 1554 3218 sedis
1605 3164 1821 3217 antisti-
1849 3204 1892 3265 Ο

262 3263 361 3309 tem
397 3256 547 3311 danti
587 3267 743 3328 putet
774 3259 910 3313 vitio
940 3258 1262 3313 vertendum
1293 3259 1337 3312 si
1375 3258 1468 3312 tali
1504 3273 1631 3312 eum
1665 3258 1823 3311 titulo

260 3344 339 3419 [P.
368 3350 491 3422 480]
521 3353 979 3421 compellaverit?
1002 3352 1146 3421 Ergo
1171 3352 1277 3405 alia
1309 3350 1529 3420 quidem
1561 3350 1825 3405 schisma-

260 3444 347 3498 tici
380 3445 643 3516 obiiciant
693 3447 893 3510 Vecco,
920 3446 965 3500 si
1007 3444 1214 3500 habent
1244 3460 1261 3498 :
1296 3442 1437 3514 αὕτη
1489 3442 1599 3513 γὰρ
1650 3445 1681 3514 ὴ
1723 3446 1825 3514 μή·

263 3537 434 3605 ρινθος
472 3539 626 3592 οὐδὲν
663 3538 895 3593 ἔσπασε.

331 3630 386 3683 Ρ.
414 3632 541 3687 482.
624 3632 905 3685 Enimvero
962 3630 1337 3685 scandalorum
1362 3669 1376 3693 ,
1411 3638 1520 3684 etc.
1552 3628 1697 3684 Satis
1729 3644 1825 3681 au-

262 3724 460 3790 dacter,
498 3739 568 3779 ne
595 3724 772 3778 dicam
821 3724 1170 3793 impudenter
1198 3732 1253 3777 et
1306 3722 1472 3791 impie
1507 3720 1824 3776 schismati-

259 3830 350 3871 eus
370 3818 455 3871 hic
474 3817 713 3887 scriptor
728 3824 946 3871 sanctos
966 3815 1222 3870 Ecclesiae
1240 3814 1425 3869 Patres
1452 3814 1825 3867 scandalorum

266 3924 572 3979 magnorum
610 3924 806 3963 causas
840 3908 1059 3961 dedisse
1092 3907 1189 3971 ait,
1224 3905 1354 3960 dum
1383 3921 1596 3960 sacrum
1630 3904 1826 3974 dogma

260 3999 322 4053 de
349 4000 699 4069 processione
727 3998 967 4069 Spiritus
988 3997 1163 4052 sancti
1187 4012 1253 4051 ex
1285 3997 1445 4051 Patre
1473 4012 1572 4067 per
1603 3995 1824 4057 Filium,

261 4088 358 4144 hoc
388 4103 469 4146 est
518 4090 681 4145 simul
713 4090 879 4145 etiam
927 4104 995 4142 ex
1031 4088 1192 4153 Filio,
1221 4096 1370 4141 recte
1414 4096 1470 4141 ct
1519 4087 1826 4141 orthodoxe

260 4181 548 4249 explicant.
577 4182 793 4248 Quanto
823 4182 1125 4251 sapientius
1152 4180 1380 4246 faceret,
1402 4180 1447 4235 si
1479 4195 1601 4235 cum
1627 4180 1823 4242 Vecco,

264 4286 413 4341 quem
468 4275 563 4330 hic
592 4274 871 4330 immerito
920 4274 1127 4343 culpat,
1150 4280 1497 4328 exserentem
1533 4287 1591 4327 se
1620 4272 1825 4326 verita-

265 4372 387 4431 tcm,
416 4383 580 4437 quam
627 4367 780 4436 prius
832 4367 1199 4437 ignoravcrat,
1244 4364 1581 4427 admitteret,
1613 4372 1669 4418 et
1701 4380 1823 4417 cum

264 4453 465 4515 Latinis
498 4459 853 4530 profiteretur
886 4473 1001 4512 rem
1029 4474 1059 4511 a
1094 4457 1209 4512 suis
1239 4456 1375 4526 ipsis
1406 4455 1609 4511 Graecis
1643 4456 1823 4510 Patri-

1934 1976 2069 2020 tunc
2092 1964 2161 2018 ab
2196 1965 2321 2018 aula
2358 1964 2651 2035 Georgium
2684 1977 2941 2032 magnum
2971 1961 3323 2031 logothetam,
3356 1958 3508 2028 lcga-

1935 2059 2084 2112 tione
2126 2057 2309 2132 aliqua
2356 2058 2443 2111 vel
2500 2056 2825 2127 provinciali
2871 2054 3201 2125 prmfcctura
3237 2051 3366 2105 alibi
3413 2066 3507 2105 us-

1932 2154 2077 2221 piam
2102 2150 2407 2206 detentum.
2440 2149 2823 2219 Supcrvixisse
2852 2163 3016 2218 porro
3046 2146 3199 2200 illum
3226 2144 3502 2210 Michaeli,

1931 2254 1987 2301 et
2034 2245 2102 2300 ab
2130 2244 2448 2299 Andronico
2482 2251 2707 2313 propter
2743 2240 3071 2311 legationem
3106 2240 3171 2293 ad
3215 2253 3409 2308 papam
3444 2246 3499 2291 ct

1930 2337 1998 2392 ad
2026 2337 2324 2393 concilium
2379 2336 2743 2407 Lugdunense
2790 2334 2955 2405 685
3006 2348 3105 2403 pro
3156 2346 3318 2387 causa
3351 2330 3499 2401 pacis

1931 2431 2133 2485 obitam
2162 2431 2220 2485 in
2250 2445 2528 2485 carcerem
2570 2429 2905 2498 conjectum,
2938 2425 3300 2481 disertissime
3336 2424 3504 2477 tradit

1932 2523 2167 2578 idoneus
2195 2532 2392 2577 auctor
2426 2520 2737 2574 Demetrius
2783 2516 2987 2572 Raules
3012 2515 3255 2570 Gabaces
3280 2530 3346 2569 ex
3376 2515 3499 2568 Plc-

1930 2617 2100 2671 thone
2131 2614 2401 2679 Gemisto,
2445 2614 2537 2683 qui
2590 2611 2777 2666 videre
2813 2609 2993 2680 potuit
3026 2624 3147 2677 quae
3176 2608 3334 2671 dicit,
3375 2621 3499 2660 cum

1928 2702 2407 2771 ConstantinOpoli
2469 2701 2572 2755 sub
2627 2700 2888 2755 Micliaele
2936 2708 2997 2753 et
3042 2710 3165 2767 post
3201 2698 3348 2751 hunc
3396 2697 3500 2750 sub

1927 2794 2242 2850 Andronico
2273 2793 2497 2855 vixerit,
2532 2794 2698 2846 etiam
2727 2807 2757 2846 τι
2785 2790 3118 2860 Pachymere
3140 2797 3496 2844 memoratus.

1926 2888 2059 2942 Vide
2092 2902 2211 2955 qure
2251 2886 2561 2939 notavimus
2595 2883 2661 2938 ad
2697 2898 2750 2952 p.
2793 2882 2918 2936 5H.

1996 2982 2057 3036 P.
2094 2980 2217 3034 496.
2264 2980 2323 3033 In
2367 2978 2670 3047 Acropolita
2702 2978 2908 3047 quidem
2938 2974 3232 3029 ulciscendo
3265 2976 3403 3027 irant
3446 2980 3503 3027 in

1925 3081 2178 3143 potestate
2202 3070 2403 3125 habuit.
2439 3068 2563 3123 Scio
2590 3069 2769 3122 visum
2802 3068 2870 3123 iri
2896 3068 3133 3136 cuipiam
3165 3066 3351 3120 Grazca
3379 3066 3493 3127 illa,

1926 3166 2020 3219 καὶ
2054 3165 2319 3232 κρείττων
2350 3161 2457 3215 τῶν
2482 3160 2614 3214 κατ’
2665 3162 2873 3213 ἐκεῖνον
2905 3160 2995 3212 τὶν
3028 3159 3196 3228 θυμὸν
3222 3154 3347 3226 ἦγε,
3387 3174 3498 3210 non

1930 3256 1982 3310 id
2031 3253 2176 3325 quod
2228 3262 2387 3309 sonat
2434 3252 2636 3316 versio,
2675 3252 2772 3322 sed
2828 3251 2982 3321 quasi
3025 3250 3360 3306 contrarium
3411 3266 3501 3303 so-

1928 3365 2083 3402 nare.
2118 3349 2319 3403 Verum
2350 3347 2693 3401 adversativa
2721 3362 2843 3415 qua:
2878 3362 3003 3399 mox
3038 3344 3308 3414 sequitur,
3332 3342 3408 3413 τῷ
3442 3343 3503 3395 δὲ.

1927 3440 2251 3505 Μουζὰλωνι
2282 3444 2376 3494 καὶ
2406 3439 2525 3492 λίαν
2561 3438 2914 3509 χολούμενος,
2949 3439 3053 3491 hoc
3089 3435 3316 3505 intelligi
3350 3434 3499 3504 quod

1927 3533 2300 3602 expressimus
2328 3532 2382 3585 in
2419 3532 2696 3600 prioribus
2724 3531 2910 3585 verbis
2944 3531 3169 3595 indicat,
3200 3541 3498 3601 quantum-

1928 3627 2012 3681 vis
2064 3627 2156 3680 illa
2206 3626 2315 3679 huc
2365 3624 2532 3677 invita
2575 3623 2984 3691 pcrtrahantur,
3024 3622 3184 3691 plane
3226 3621 3499 3690 siquidem

1927 3716 2233 3787 significare
2249 3717 2569 3769 vultaucmr
2589 3715 2884 3782 diversoac
2907 3715 3020 3767 fere
3039 3712 3316 3766 contrario
3339 3712 3503 3764 modo

1929 3826 1988 3867 se
2018 3810 2249 3881 gessisse
2280 3809 2585 3878 Augustum
2648 3822 2772 3860 cum
2838 3805 3056 3860 duobus
3122 3806 3291 3868 hisce,
3353 3803 3499 3857 Cou-

1928 3905 2173 3961 stautino
2203 3903 2516 3971 Acropolita
2549 3910 2604 3955 ct
2644 3900 2933 3953 Theodoro
2972 3898 3287 3964 Muzalone;
3331 3911 3502 3966 quare

1928 3998 2131 4053 diserte
2188 3995 2461 4048 afﬁrmans
2516 3994 2744 4047 effusam
2803 3993 2856 4046 in
2917 3992 3065 4046 hunc
3104 3991 3172 4044 ab
3219 4006 3286 4043 eo
3333 3999 3498 4043 totam

1928 4089 2285 4145 acerbitatem
2321 4088 2435 4148 irm,
2486 4086 2591 4139 hoc
2639 4085 2758 4155 ipso
2794 4084 3175 4138 necessitatem
3204 4081 3375 4135 nobis
3400 4081 3502 4134 im-

1928 4183 2081 4253 ponit
2125 4179 2461 4251 intelligendi
2518 4178 2706 4231 mitius
2742 4176 2917 4246 egisse
2951 4191 3074 4230 cum
3118 4174 3313 4238 altero,
3343 4181 3399 4226 et
3446 4174 3500 4225 in

1927 4290 1994 4330 eo
2026 4273 2311 4328 multando
2346 4271 2645 4326 iracundia:
2684 4270 2915 4323 fraenum
2951 4267 3261 4328 attraxisse,
3302 4276 3500 4319 utcun-

1927 4382 2037 4437 que
2076 4366 2131 4420 id
2159 4380 2271 4419 non
2303 4365 2447 4417 clare
2494 4362 2793 4432 archetypa
2823 4360 3151 4430 exprimant.
3178 4357 3499 4426 Quanquam

1928 4460 1973 4515 si
2000 4460 2125 4529 quis
2166 4458 2406 4529 penitius
2451 4454 2813 4524 introspiciat,
2868 4452 3087 4508 confido
3120 4451 3502 4520 deprehensu-

261 4546 376 4611 hus.
416 4562 473 4607 ut
508 4552 715 4607 fatetur
764 4552 879 4620 ipse
918 4566 1161 4620 quoque.
1211 4548 1498 4603 manifeste
1541 4549 1817 4603 traditam.
1855 4566 2052 4625 Drum
2118 4552 2283 4606 etiam
2352 4550 2420 4603 ad
2486 4564 2801 4618 expressam
2854 4563 2883 4601 a
2941 4545 3101 4600 nobis
3171 4547 3499 4600 sententiam

324 4640 380 4695 P.
418 4645 543 4699 484.
582 4641 676 4695 Illi
709 4656 832 4710 ergo
873 4640 1025 4693 ambo
1067 4639 1167 4693 soli
1216 4638 1464 4709 gloriam,
1501 4647 1610 4691 etc.
1666 4636 1820 4701 Quod

260 4727 343 4786 hic
370 4733 522 4788 vides
552 4731 763 4786 laudari
794 4730 1103 4799 pertinaces
1140 4728 1194 4781 in
1228 4727 1526 4781 schismate
1553 4739 1723 4793 usque
1754 4720 1821 4776 ad

260 4824 664 4893 perpetiendam
712 4823 1070 4879 etfossionem
1107 4820 1420 4882 oculorum,
1457 4820 1664 4888 imputa
1688 4817 1823 4870 vitio

260 4912 496 4973 historici
530 4919 733 4988 palam,
769 4928 828 4970 ut
877 4916 1083 4970 dictum
1116 4921 1221 4979 est,
1260 4912 1543 4967 schismati
1588 4908 1821 4963 addicti.

260 5003 324 5060 Et
356 5011 628 5077 pertinere
681 5008 789 5063 huc
834 5017 963 5078 puta
1008 5008 1227 5076 sapiens
1261 5004 1483 5058 effatum
1517 5001 1690 5056 sancti
1724 5000 1824 5070 Cy-

261 5100 448 5167 priani,
502 5102 813 5163 haereticos,
855 5100 949 5170 qui
991 5115 1089 5169 pro
1130 5099 1214 5153 sui
1250 5096 1456 5152 erroris
1499 5094 1822 5149 defensione

263 5188 371 5244 dira
402 5202 701 5250 mortemve
740 5203 1079 5260 paterentur,
1132 5206 1243 5245 non
1291 5188 1517 5261 gloriam
1570 5185 1819 5256 martyrii

261 5288 471 5353 mereri,
506 5287 599 5342 sed
628 5301 843 5356 pmnam
875 5285 1028 5339 luere
1062 5284 1325 5355 perfidiae.

326 5374 384 5429 P.
426 5378 548 5432 495.
585 5377 1011 5431 Constantinum
1040 5374 1410 5444 Acropolitam
1438 5393 1471 5429 α
1505 5383 1656 5445 patre
1708 5390 1823 5426 ma-

263 5478 357 5530 gno
400 5467 658 5539 logotlteta
716 5478 1010 5538 acceptum.
1064 5468 1250 5522 Videri
1326 5468 1527 5535 poterit
1582 5465 1818 5535 cuipiam

262 5552 546 5629 Georgium
596 5559 967 5628 Acropolitam
1019 5574 1274 5628 ntagnum
1332 5558 1662 5627 logothetatn
1714 5558 1820 5612 hoc

264 5651 497 5718 tempore
539 5650 650 5721 jam
694 5650 865 5705 fuisse
897 5658 1203 5704 mortuum.
1232 5649 1291 5704 ιιι
1322 5649 1469 5705 enim
1503 5664 1569 5705 ex
1604 5648 1819 5706 duobus

331 5820 401 5895 (ι)
436 5826 515 5884 Cf.
552 5826 684 5885 Obs.
714 5828 783 5903 ad
812 5828 1113 5887 Andronie.
1145 5829 1181 5885 l.
1220 5846 1281 5898 ιι,
1316 5844 1365 5885 c.
1410 5828 1455 5881 l.

1929 4644 2119 4701 Graeca
2150 4643 2284 4698 satis
2319 4657 2478 4712 posse
2505 4640 2912 4696 accommodari
2939 4641 3040 4707 tt).

1997 4735 2083 4809 [P.
2115 4734 2245 4806 481]
2275 4734 2335 4788 Ρ.
2385 4735 2509 4789 438.
2560 4733 2641 4787 Ad
2692 4732 2925 4786 Montem
2968 4732 3213 4801 Nigrum.
3242 4729 3499 4797 Supplcvi

1926 4828 1992 4881 ad
2027 4826 2119 4880 illa
2148 4826 2331 4880 Gra'ca
2363 4823 2499 4893 πρὸς
2527 4824 2586 4875 τὸ
2630 4824 2799 4893 μέλαν
2836 4823 3165 4877 vocabulum
3201 4822 3325 4888 ὅρος
3362 4838 3506 4872 mon-

1928 4928 2053 4972 tem.
2087 4918 2259 4971 Erant
2286 4918 2340 4971 in
2370 4915 2551 4970 Monte
2580 4915 3038 4983 Nigromonaehi
3072 4911 3316 4981 plurimi,
3351 4920 3402 4963 ct
3433 4910 3500 4962 ad

1926 5008 2319 5079 capessendam
2371 5007 2729 5061 monasticam
2759 5004 3157 5074 professionem
3191 5016 3503 5057 accommo.

1925 5106 2089 5161 datus
2167 5104 2259 5157 ille
2339 5103 2515 5156 locus.
2570 5102 2758 5169 Itaque
2834 5099 2950 5152 illic
3014 5096 3317 5151 monachus
3369 5095 3499 5147 olim

1924 5196 2138 5249 vixerat
2198 5193 2508 5248 Germanus
2565 5202 2751 5261 postea
2807 5188 3140 5259 patriarcha,
3198 5197 3259 5242 ut
3312 5196 3502 5241 noster

1924 5288 2106 5353 docet,
2142 5303 2197 5356 p.
2242 5284 2761 5350 280;Theodosius
2806 5284 2932 5337 item
2972 5282 3250 5351 princeps,
3302 5280 3502 5333 deinde

1926 5381 2241 5452 patriarcha
2300 5378 2699 5440 Antiochenus,
2756 5386 2816 5430 ut
2870 5376 3104 5430 habetur
3134 5376 3171 5429 Ι.
3236 5392 3290 5438 ν,
3321 5390 3370 5428 ο.
3408 5374 3499 5430 Ἡ.

1923 5460 2145 5530 Poterat
2167 5481 2221 5527 ct
2240 5472 2306 5526 ad
2337 5470 2398 5524 τὸ
2421 5469 2591 5540 μέλαν
2621 5469 2955 5538 subintelligi
2984 5468 3192 5537 σχῆμα,
3212 5468 3355 5537 quod
3409 5484 3503 5520 vc-

1923 5567 2025 5621 stis
2048 5565 2443 5620 monachorum
2472 5577 2569 5633 pcr
2586 5562 2862 5618 Orientem
2884 5563 3036 5632 nigra
3058 5571 3202 5638 esset
3225 5581 3237 5615 :
3263 5562 3355 5616 sed
3376 5575 3500 5612 vero

1924 5658 2057 5716 bum
2109 5658 2452 5727 καταφυγεῖν
2505 5655 2850 5713 commodius
2905 5656 3145 5711 refertur
3188 5655 3254 5710 ad
3316 5657 3501 5710 locum
