3992 6546
252 361 397 444 uti

1337 373 1485 434 LIB.
1530 373 1648 435 lll.
1686 399 1752 408 —
1794 372 2469 436 CHRONOLOGICUS.

3429 377 3527 440 Ἀξιῦ

249 493 351 564 γδς
382 494 477 547 καὶ
515 492 1001 564 μεγαλεπήϐολος,
1034 493 1061 545 ὀ
1094 492 1499 561 Κομνηνοξςυὴς
1547 491 1840 544 Halmom-

1944 488 2160 557 gnando
2219 497 2582 543 consueverat.
2650 487 2832 544 Codex
2902 489 3239 546 BarLeIinus
3290 492 3521 550 formam

253 603 371 655 γων
406 585 659 656 βλαστὸς.
691 588 786 641 καὶ
834 586 1057 654 σύμπαν
1103 583 1568 654 ἀξιοθαύμαστος.
1603 582 1842 655 Inclytus

256 679 311 731 in
358 678 766 748 imperatoribus
814 677 1061 733 Michael.
1106 693 1357 747 magnum
1404 676 1757 732 Orientalium
1794 688 1842 729 et

257 768 610 825 Occiduoram
665 780 934 825 tractuum
978 788 1190 831 nomen,
1245 780 1338 824 aut
1382 774 1553 840 po;ius
1614 778 1844 841 quatuor

258 867 449 919 mundi
470 867 749 919 cardinum
791 876 963 921 terror
997 873 1047 919 et
1074 865 1271 933 gloria,
1296 867 1493 934 pietate
1523 867 1843 923 constantis-

251 961 415 1020 sima,
464 958 658 1026 ﬁducia
700 961 754 1013 in
805 958 972 1012 Deum
1006 960 1226 1012 ardente
1271 959 1477 1027 pariter
1511 968 1556 1011 et
1590 960 1844 1013 immuta-

252 1050 386 1115 bili;
426 1052 517 1122 qui
545 1069 638 1123 per
665 1062 831 1107 totam
854 1054 1016 1107 vitam
1044 1069 1197 1122 scopo
1227 1051 1427 1106 illustri
1452 1052 1548 1106 sibi
1574 1054 1841 1122 proposito

251 1145 380 1213 ﬁdei
408 1147 646 1209 sineerw,
688 1155 876 1200 cuncta
912 1162 1029 1215 qua?
1060 1147 1129 1199 ad
1162 1149 1301 1200 hanc
1325 1147 1687 1210 conducerent,
1724 1164 1841 1218 qua:

251 1236 409 1292 illam
440 1238 906 1309 quomodocunque
934 1238 1212 1309 referrent,
1247 1255 1357 1309 pra:
1380 1242 1524 1295 omni
1550 1257 1729 1310 opere,
1755 1259 1841 1295 σο·-

250 1329 528 1398 gitatione,
557 1325 799 1393 consilio,
845 1331 990 1383 omni
1023 1331 1175 1384 modo
1219 1340 1269 1384 et
1298 1340 1545 1401 tempore,
1591 1333 1837 1398 sedendo,

248 1424 537 1493 surgentia.
573 1425 627 1478 in
653 1426 797 1479 omni
824 1434 969 1480 motu
1000 1442 1063 1479 ac
1084 1443 1245 1496 possit
1267 1428 1515 1497 spectavit
1539 1428 1840 1496 amplexus-

250 1532 352 1586 que
390 1525 486 1571 est.
519 1516 787 1587 Indefessa
834 1533 998 1579 mens.
1036 1534 1349 1588 magnorum
1378 1519 1530 1573 homo
1567 1535 1835 1583 sensuum,

250 1607 495 1668 calcatis.
548 1625 746 1679 magna
793 1621 1064 1679 operatus.
1111 1611 1344 1680 ingentia
1378 1619 1630 1675 conatus;
1677 1608 1840 1665 Coma
1925 1642 1935 1652 τ

250 1718 392 1754 uena
447 1704 631 1756 mistus
679 1705 844 1774 stirpe
897 1704 1321 1773 Palatologorum
1365 1703 1629 1767 surculus,
1676 1705 1836 1773 plane

1947 579 2158 651 ellingit
2192 580 2357 651 hujus
2389 582 2725 637 cliaraclcris
2757 582 2810 653 in
2850 583 2997 637 hunc
3027 582 3274 638 modum.

1937 1712 2143 1769 Prii-ter
2190 1731 2311 1770 eam
2364 1732 2531 1786 porro
2582 1734 2747 1788 quam
2796 1718 2957 1774 ειπερ-ι
3015 1718 3104 1775 liie
3152 1718 3527 1792 Pacliymeres

249 1793 610 1849 αάητίναίίοηε
651 1797 861 1865 δίθηηδο
917 1797 1040 1850 Ηίυο
1080 1797 1156 1852 ibi
1196 1795 1465 1867 ϐροτείιιε
1502 1796 1830 1860 Μθιοεωως
1868 1835 1906 1890 Β
1939 1809 2101 1880 hujus
2131 1813 2200 1864 Πῖ
2227 1811 2482 1879 triplicati
2516 1812 2808 1877 rationem,
2846 1830 2909 1869 ex
2954 1814 3141 1869 divina
3181 1814 3522 1885 prmnotione

247 1901 375 1953 qua
415 1901 514 1940 nos
562 1887 812 1942 cncomia
857 1888 1027 1959 688
1076 1887 1281 1945 laudati
1320 1889 1585 1951 auctoris,
1643 1889 1832 1944 ortho-

248 1977 380 2030 doxi
414 1978 618 2048 quippe
651 1979 1008 2045 confessoris,
1049 1983 1139 2049 qui
1169 1990 1372 2037 tetrum
1406 1998 1437 2037 a
1459 1983 1829 2038 schismaticis

248 2083 530 2124 carcerem
563 2086 666 2140 pro
699 2070 803 2126 (ille
839 2072 1138 2142 apostolica
1177 2074 1420 2128 Romana
1448 2074 1637 2129 multis
1669 2068 1831 2130 annis

248 2175 431 2231 usque
494 2161 561 2216 ad
617 2172 850 2219 mortem
909 2164 1112 2218 invicta
1168 2166 1478 2223 constantia
1541 2167 1824 2231 sustinuit.

245 2262 470 2307 mortuo
505 2254 824 2324 imperatori
879 2266 1070 2311 nostro
1099 2272 1200 2326 pro
1243 2257 1463 2314 funebri
1509 2259 1826 2317 laudatione

245 2342 646 2413 impendimus,
706 2347 787 2402 sic
842 2358 1008 2418 prout
1064 2366 1357 2418 possumus
1402 2352 1830 2417 ἁντιςηκοῦντες

244 2450 650 2507 compensantes
704 2439 1085 2499 conviciorum
1127 2443 1394 2512 plaustra,
1460 2461 1582 2516 qure
1626 2446 1828 2516 passim

245 2525 303 2579 in
347 2542 476 2581 eum
506 2527 798 2585 eﬂ'nndunt
826 2530 997 2586 Graeci
1031 2533 1373 2590 scitismatici
1418 2546 1474 2589 et
1502 2535 1683 2591 Latini
1715 2539 1826 2593 lite-

244 2619 446 2683 rctici,
509 2621 807 2693 perfectam
858 2624 928 2678 ab
995 2640 1062 2679 eo
1112 2624 1482 2685 Ecclesiarum
1539 2629 1832 2686 Orientalis

246 2724 378 2765 cum
409 2710 651 2768 Occidua
687 2715 1136 2772 conciliationem
1181 2718 1358 2774 livore
1389 2719 1647 2776 Satanico
1685 2721 1830 2777 indi-

247 2811 505 2871 gnantcs.

321 2892 410 2965 [P.
461 2894 589 2968 485]
641 2897 703 2953 P.
746 2900 869 2955 552.
913 2900 1164 2973 Sigillum
1208 2906 1349 2976 quod
1388 2905 1634 2961 adhibere
1690 2907 1833 2961 absi-

282 3126 479 3158 ά--ιο

1937 1902 2117 1956 exitus
2181 1902 2460 1958 Michaelis
2511 1903 2801 1975 Palmologi
2852 1905 3105 1976 petitam,
3155 1906 3325 1960 fuisse
3358 1905 3521 1959 aliam

1936 1993 2188 2063 Oportuit
2220 1994 2276 2049 in
2306 2004 2491 2050 mente
2518 1995 2621 2065 ipsi
2648 1997 2924 2061 Mieliaeli,
2962 1998 3155 2069 utique
3189 1999 3377 2068 ignaro
3409 1996 3520 2050 diei

1935 2101 1998 2141 ac
2030 2087 2136 2141 loei
2161 2102 2273 2141 sua:
2296 2089 2508 2152 mortis,
2533 2104 2657 2142 cum
2690 2104 2808 2143 eam
2836 2090 2978 2145 ultro
3006 2106 3072 2144 ac
3104 2090 3283 2145 libens
3309 2103 3526 2143 assum-

1936 2179 2062 2247 psit.
2089 2179 2333 2233 Putarim
2359 2180 2619 2250 equidem
2660 2196 2785 2236 eum
2813 2197 2910 2251 per
2933 2181 3077 2236 istud
3115 2182 3278 2237 tertio
3316 2181 3522 2250 repeti-

1935 2279 2048 2325 tum
2088 2272 2159 2323 Πῖ
2192 2272 2433 2326 voluisse
2461 2271 2705 2328 indicare
2732 2272 2784 2328 id
2819 2274 2965 2343 quod
3000 2274 3159 2329 initio
3200 2274 3363 2343 hujus
3393 2272 3519 2326 libri

1933 2367 2408 2429 monuimus,esse
2429 2381 2486 2420 se
2517 2364 2878 2437 Palaeologum
2902 2384 3011 2423 non
3034 2385 3101 2423 ex
3132 2377 3284 2438 patre
3316 2366 3518 2428 solum,

1931 2458 2028 2514 sed
2082 2460 2248 2513 etiam
2300 2476 2364 2513 ex
2405 2470 2602 2524 matre,
2656 2477 2719 2515 ac
2748 2472 3045 2533 propterea
3080 2459 3276 2529 majori
3335 2461 3523 2514 littera

1932 2549 2001 2602 lli
2032 2550 2082 2603 in
2121 2548 2307 2604 medio
2361 2553 2540 2621 posita
2584 2569 2641 2607 se
2684 2555 2863 2623 ipsum
2910 2563 3354 2624 repraesentasse.
3399 2553 3524 2608 aliis

1936 2642 2152 2698 duabus
2186 2660 2216 2696 a
2249 2645 2439 2699 dextra
2505 2655 2561 2699 et
2612 2646 2834 2701 sinistra
2886 2655 3171 2717 parentem
3226 2656 3523 2714 utrumque

1936 2737 2402 2805 signiﬁcantibus.
2451 2737 2585 2792 Nam
2636 2739 2998 2810 Palaeologum
3056 2739 3371 2809 significare
3418 2739 3522 2794 ista

1935 2827 2024 2892 Πῖ,
2062 2827 2266 2883 indicat
2296 2829 2485 2885 littera
2516 2834 2554 2883 A
2586 2831 2642 2885 in
2676 2842 2870 2887 ventre
2902 2831 3071 2887 medii
3097 2833 3296 2903 posita.

1911 3163 3511 3188 MM

1049 3354 1525 3487 PETRI
1634 3361 2252 3492 POSSINI
2327 3364 2459 3496 S.
2568 3368 2694 3491 .J.

704 3632 1761 3761 OBSERVATIONUMJ
1816 3642 3037 3739 PACHYMERIANABUM

1287 3868 1705 3985 LIBER
1803 3868 2473 4014 TERTIUS,

1547 4103 2221 4167 CHRONOLOGICUS.

1830 4321 1904 4333 ..-

654 4466 820 4543 689
851 4471 915 4545 [P
943 4470 1071 4544 485]
1105 4469 1335 4529 CAPUT
1371 4462 1412 4525 l.

322 4604 401 4667 De
432 4608 723 4664 nominibus
756 4608 1017 4662 mensium
1052 4626 1083 4662 a
1117 4607 1441 4678 Pachymcre
1471 4608 1757 4677 usurpatis.

323 4751 456 4817 Qua:
498 4757 686 4803 noster
716 4745 1034 4810 historicus,
1078 4754 1277 4814 praeter
1319 4760 1528 4800 morem
1562 4760 1829 4815 usumque

246 4852 601 4903 ceterorum,
631 4837 685 4891 in
718 4836 1000 4891 mensibus
1035 4836 1374 4905 appellandis
1403 4846 1591 4900 novat,
1637 4852 1701 4891 ea
1727 4837 1830 4890 etsi

247 4934 430 4989 videri
449 4939 698 5003 poterant
714 4930 781 4985 ad
798 4929 1208 5000 grammaticam
1229 4930 1508 5003 pertinere
1537 4929 1828 4992 rationem,

246 5026 345 5081 hic
395 5032 574 5077 tamen
624 5019 950 5089 exponenda
999 5018 1180 5087 potius
1230 5033 1392 5086 quam
1448 5018 1502 5072 in
1553 5017 1831 5072 Glossario

246 5114 485 5189 putavi,
538 5114 668 5184 quia
712 5124 961 5171 errorem
1016 5112 1073 5165 in
1124 5109 1482 5179 chronologia
1531 5109 1831 5165 obtrudcre

248 5207 447 5265 lectori
490 5214 746 5277 poterant
800 5204 907 5259 nisi
957 5203 1025 5259 de
1069 5204 1136 5258 iis
1174 5212 1631 5274 prannoneretur.
1689 5203 1826 5257 Cum

244 5302 403 5359 enim
431 5301 554 5370 quis
590 5297 826 5369 exempli
860 5296 1037 5368 gratia
1067 5297 1276 5367 legeret
1318 5298 1697 5366 inauguratum
1731 5295 1833 5350 im.

246 5402 566 5465 peratorem
616 5390 940 5447 Mithaelem
991 5388 1282 5444 neomenia
1333 5387 1828 5453 llecatoutbzeonis,

247 5486 347 5541 vix
391 5492 593 5555 posset,
634 5483 782 5539 veris
820 5496 885 5536 ac
923 5480 1156 5550 vulgatis
1190 5491 1604 5551 praeoccupatus
1646 5481 1830 5535 notio-

247 5580 441 5644 nibus,
487 5578 635 5633 aliud
679 5578 865 5633 animo
894 5575 1167 5646 subjicere
1200 5590 1367 5644 quam
1394 5574 1546 5629 Junii
1580 5580 1676 5627 aut
1700 5573 1833 5628 Julii

247 5668 547 5737 mensisid
593 5667 854 5724 Kalendis
884 5666 1111 5723 factum.
1145 5665 1312 5735 Atqui
1338 5674 1552 5721 erraret
1593 5666 1669 5720 ita
1706 5679 1833 5720 cre-

251 5758 393 5813 dens
430 5768 546 5813 toto
574 5758 736 5824 coelo,
768 5768 823 5813 et
854 5757 1103 5811 brumam
1142 5755 1195 5810 in
1236 5757 1532 5811 solstitium
1558 5758 1830 5819 :cstivum,

252 5851 573 5908 hnuarium
600 5851 653 5907 in
691 5850 993 5919 Quintilem
1035 5856 1239 5905 temere
1288 5850 1631 5906 transferret.
1669 5849 1829 5906 Edis-

1856 4472 1902 4535 C
1934 4476 2151 4523 seratur
2186 4467 2277 4521 hic
2309 4464 2478 4535 igitur
2510 4465 2564 4519 iu
2596 4464 2789 4520 limine
2826 4465 3259 4537 Pachymeriana
3293 4480 3529 4524 nomen-

1942 4559 2105 4613 clatio
2136 4559 2433 4619 mensium,
2459 4572 2529 4612 ne
2554 4572 2662 4627 qua
2695 4556 2935 4627 cuipiam
2958 4558 3015 4614 in
3040 4558 3149 4625 hoc
3173 4574 3379 4630 genere
3406 4560 3527 4615 bal-

1939 4651 2206 4706 lucinatio
2233 4650 2487 4721 obrepat.

2010 4746 2624 4815 EKATOMBAION,p.
2663 4744 2755 4808 96,
2799 4744 3273 4816 Ἑκατομϐαιῶνος
3324 4761 3530 4815 νουμη-

1939 4835 2050 4889 νία.
2071 4833 2130 4889 In
2185 4834 2434 4904 margine
2489 4836 2781 4904 utriusque
2843 4838 3115 4903 codicisB
3137 4848 3192 4892 et
3226 4840 3269 4891 Α
3302 4847 3529 4891 notatur

1952 4926 2307 4996 ’lavouaplou,
2333 4927 2480 4996 quod
2510 4929 2688 4987 solum
2724 4930 2776 4982 in
2806 4939 3065 4983 contentu
3098 4929 3393 4985 Vaticanus
3425 4945 3527 4983 ex-

1939 5020 2153 5090 primit.
2179 5020 2443 5090 ldemque
2477 5030 2799 5079 constanter
2830 5022 3161 5077 observatur
3206 5023 3526 5092 ubicunque

1937 5114 2074 5173 alias
2110 5107 2586 5183 Ἑκατομϐαιῶνος
2620 5129 2820 5169 nomen
2845 5115 3091 5184 ponitur.
3110 5115 3530 5185 Ἐκατομῦαιὼν

1941 5207 2272 5265 vocabulum
2318 5208 2611 5275 antiquum
2662 5216 2747 5263 est
2808 5209 2971 5277 primi
3026 5209 3234 5264 mensis
3288 5210 3344 5263 in
3380 5224 3527 5262 anno

1940 5296 2145 5360 Attico,
2168 5297 2237 5352 ab
2260 5296 2604 5352 hecatombis
2628 5296 2743 5350 sive
2766 5298 3056 5353 sacriﬁciis
3083 5309 3305 5352 centum
3335 5300 3524 5360 boum,

1942 5406 2063 5461 qum
2096 5389 2449 5459 auSpieandis
2485 5390 2617 5444 anni
2654 5389 2782 5443 novi
2827 5388 3090 5445 Kalendis
3133 5389 3369 5444 solemni
3411 5389 3524 5444 ritu

1943 5483 2169 5549 ﬁebant,
2193 5482 2513 5538 deductum.
2544 5481 2722 5537 Verus
2751 5482 2811 5536 in
2840 5482 2965 5537 coeli
2995 5481 3212 5537 ratione
3236 5483 3379 5537 situs
3403 5481 3529 5535 hu—

1932 5575 2025 5645 jus
2047 5575 2277 5638 mensis,
2297 5583 2357 5630 ut
2378 5573 2499 5628 fuse
2521 5572 2868 5629 demonstrat
2889 5566 3244 5630 doctissimus
3271 5574 3533 5629 Petavius

1941 5676 2056 5723 tota
2084 5667 2459 5736 descriptione
2497 5669 2627 5723 attni
2669 5668 2864 5733 Attici,
2894 5668 3202 5738 praesertim
3232 5682 3283 5723 ο.
3316 5667 3401 5733 Η,
3431 5668 3469 5721 l.
3502 5676 3527 5722 ι

1945 5757 2020 5811 De
2044 5757 2286 5811 doctrina
2329 5765 2647 5828 temporum,
2690 5757 2796 5812 fuit
2843 5758 2991 5813 circa
3022 5759 3232 5828 τροπὰς
3265 5758 3486 5831 θερινὰς
3511 5780 3535 5822 ,ι

1942 5847 2219 5903 solstitium
2253 5849 2514 5906 crstinum.
2555 5847 2707 5909 Unde
2743 5847 2916 5904 Graeci
2967 5858 3224 5906 auctores
3269 5847 3481 5907 classici
3510 5869 3534 5916 ι
