3992 6534
530 370 661 441 liful

1427 386 1489 450 P.
1534 380 1834 451 POSSlNI
1872 381 2518 454 OBSERVATIONUM
2559 388 2706 456 LIB.
2746 390 2859 458 ut.
3639 397 3759 467 ns:

524 491 621 560 qui
648 505 735 545 res
767 491 1038 549 Remanas
1069 503 1403 562 tractarunt,
1430 495 1941 555 Hccatombzeonem
1981 514 2105 555 eum
2139 502 2180 555 Α
2209 499 2411 554 festum
2445 510 2689 572 agerent,
2722 503 2935 574 putavit
2964 506 3180 563 erudite
3210 522 3269 565 se
3297 507 3567 567 facturum
3601 514 3643 568 si
3675 532 3761 570 an-

526 597 716 636 mense
741 582 941 638 Juliani
974 587 1101 641 anni
1132 587 1295 643 Junio
1321 587 1434 644 fere
1461 600 1805 661 comparant,
1833 590 2096 646 Januario

524 681 708 726 autem
742 672 959 729 Juliano
1002 679 1185 746 potius
1227 678 1599 734 Gamelionem
1645 688 1953 750 opponunt.
1988 679 2099 734 lle-

522 765 797 821 eentiores
827 777 1011 823 autem
1051 770 1216 841 690
1252 772 1561 841 expeditius
1591 772 1837 827 Romana
1872 773 2098 826 nomina

520 855 726 912 Grecis
757 858 961 914 litteris
1004 864 1345 932 exprimunt,
1410 863 1768 932 Ἰανουάριον,
1826 862 2104 933 Φεϐρουά-

526 962 661 1017 ριον.
694 948 958 1019 Μάρτιον,
1006 961 1063 1006 et
1097 952 1178 1006 sic
1203 952 1287 1016 ,de
1320 953 1536 1009 caeteris
1568 952 1874 1008 scribentes
1917 971 1931 1007 :
1977 967 2102 1006 nam

522 1037 726 1108 alioqui
769 1038 941 1096 Graeci
978 1057 1196 1097 menses
1243 1043 1465 1098 lunares
1510 1052 1701 1099 exacte
1751 1043 2097 1113 respondere

521 1127 756 1185 Julianis
778 1130 1003 1186 minime
1029 1133 1314 1188 lunaribus
1338 1141 1640 1204 nequeunt.
1676 1133 1875 1189 Nostro
1911 1144 2098 1189 tamen

522 1220 847 1292 Pachymeri
880 1223 1056 1278 visum
1086 1234 1171 1281 est
1200 1227 1336 1281 nulli
1380 1227 1566 1281 tritam
1613 1234 1860 1281 veterum
1889 1234 1984 1281 aut
2006 1227 2103 1297 ju-

523 1312 743 1369 nisrum
770 1316 912 1371 viam
942 1317 1214 1374 insistere.
1229 1320 1304 1374 Ac
1336 1335 1458 1374 cum
1489 1319 1604 1375 fere
1622 1320 1804 1375 ewteri
1832 1319 2106 1389 Ἑκατομ-

521 1404 759 1469 σαιῶνος
786 1421 922 1462 voce
971 1407 1197 1464 Junium
1232 1420 1327 1464 aut
1372 1411 1579 1466 Julium
1627 1411 1938 1482 designent,
2002 1412 2107 1482 ipsi

521 1491 692 1551 libuit
735 1494 793 1552 id
849 1511 1052 1552 nomen
1102 1497 1365 1552 Januario
1413 1498 1677 1553 tribuere.
1727 1498 1787 1552 ln
1818 1512 1928 1567 quo
1971 1498 2106 1553 satis

522 1595 750 1656 apparet
803 1603 968 1657 quam
1027 1588 1298 1643 rationem
1346 1588 1421 1643 sit
1473 1599 1722 1645 secutus.
1770 1588 1911 1655 Quia
1957 1588 2108 1643 enim

520 1680 763 1749 primum
784 1681 911 1735 anni
961 1682 1127 1738 Attici
1159 1697 1406 1739 mensem
1447 1682 1911 1751 Ἑκατομϐαιῶνα
1965 1682 2108 1736 scie-

521 1770 615 1826 bat
644 1769 712 1843 [P
745 1770 871 1844 486]
899 1772 1129 1838 dictum,
1161 1773 1267 1827 isto
1295 1788 1516 1843 quoque
1559 1772 1827 1828 vocabulo
1873 1770 1958 1828 t'as
1998 1772 2107 1827 sibi

518 1841 734 1933 putavit
755 1841 1003 1937 primum
1038 1863 1169 1920 item
1209 1841 1447 1921 Romani
1475 1864 1604 1920 anni
1643 1878 1886 1918 mensem
1916 1864 2106 1933 appel-
2137 1841 2184 1901 Β

519 1952 654 2017 lare,
687 1971 879 2025 parum
916 1965 1106 2012 curato
1135 1956 1457 2012 discrimine
1494 1965 1907 2026 tempestatum.
1930 1958 2006 2012 Ac
2035 1956 2113 2012 si-

521 2047 712 2103 milem
762 2048 818 2103 in
867 2048 1099 2103 aliorum
1154 2049 1320 2104 etiam
1376 2049 1793 2104 nomenclatura
1839 2050 2114 2103 mensium

522 2138 804 2194 licentiam
834 2154 1113 2210 usurpans
1140 2139 1489 2210 implicuerat
1517 2140 1753 2196 lectores
1786 2155 1916 2196 suos
1936 2139 2112 2196 ambi-

519 2225 729 2296 guitate
782 2227 1249 2296 perincommoda,
1278 2229 1382 2283 nisi
1407 2230 1526 2299 ejus
1555 2228 1764 2285 librarii
1797 2229 2110 2286 succurris-

520 2327 645 2374 sent
676 2320 919 2374 notando
954 2319 1072 2375 fere
1103 2320 1308 2391 ubique
1338 2320 1396 2376 in
1425 2336 1523 2377 ora
1559 2321 1820 2392 marginis
1848 2336 1980 2377 vero
2011 2336 2112 2379 no-

521 2407 671 2461 mine
698 2409 909 2463 mensis
934 2398 1187 2464 indicati.

590 2498 911 2555 ΛΗΝΑΙΩΝ
928 2543 943 2567 ,
970 2517 1024 2571 p.
1056 2492 1182 2558 306.
1224 2503 1287 2556 Ἦ
1321 2504 1489 2577 μηνθις
1517 2504 1830 2576 Ληναιῶνος
1858 2505 2107 2578 δευτέρα.

519 2590 581 2645 lu
613 2592 854 2662 margine
875 2594 1162 2649 amborum
1188 2597 1525 2666 optimorum
1556 2598 1718 2653 codd.
1744 2598 1785 2652 B
1812 2606 1867 2653 et
1892 2598 1937 2653 A
1959 2608 2017 2654 et
2047 2601 2104 2655 in

520 2692 779 2738 contextu
814 2685 854 2740 V
883 2686 1255 2759 Φεϐρουαρίου
1301 2689 1589 2745 scribitur.
1631 2691 1708 2746 Ac
1739 2706 1827 2765 res
1866 2692 1983 2762 ipsa
2025 2693 2109 2747 io-

520 2776 710 2841 quitur
750 2768 1110 2832 Februarium
1151 2777 1242 2834 hic
1283 2778 1511 2849 signari,
1541 2780 1703 2852 cujus
1732 2781 1822 2836 die
1864 2781 2108 2836 secunda

519 2867 718 2924 festum
741 2869 1118 2943 ’Υπαπαντῆς,
1146 2873 1294 2945 quod
1326 2874 1772 2933 Puriﬁcationem
1800 2879 1969 2934 beata:
1985 2879 2111 2934 Dei-

514 2974 667 3037 parze
712 2960 889 3018 Latini
937 2964 1196 3031 dicimus,
1247 2968 1520 3024 celebrari
1571 2970 1925 3028 manifestum
1980 2981 2105 3029 est.

522 3050 597 3106 De
641 3034 747 3109 hoc
787 3065 970 3112 autem
1014 3058 1155 3115 t‘esto
1200 3059 1291 3116 hic
1336 3069 1527 3117 noster
1572 3063 1687 3133 agit
1732 3064 2060 3119 nominatim
2089 3105 2102 3120 .

520 3141 678 3200 Unde
721 3156 910 3203 autem
959 3149 1015 3204 in
1047 3161 1289 3208 mentem
1329 3153 1436 3223 ipsi
1464 3154 1680 3209 venerit
1731 3154 2101 3211 Februarium

519 3236 816 3308 Ληναιῶνα
852 3255 1073 3305 vocare,
1108 3241 1350 3299 diﬂieilis
1382 3245 1704 3316 conjectura
1738 3257 1863 3302 est:
1917 3265 2102 3319 neque

518 3329 666 3382 enim
718 3331 865 3387 ullus
893 3333 1201 3390 Atticorum
1255 3337 1421 3407 vulgo
1465 3349 1896 3397 memoratarum
1925 3357 1988 3396 ac
2034 3358 2104 3397 ne

518 3421 999 3483 Macedonicorum
1020 3429 1265 3498 quidem,
1286 3431 1725 3503 Blthynicorum,
1747 3436 2103 3507 Pythicorum

518 3525 617 3571 aut
648 3518 878 3574 omnino
930 3521 1099 3577 ullius
1128 3522 1315 3580 Graece
1364 3525 1563 3581 locutae
1608 3528 1787 3597 gentis
1831 3529 2104 3585 mensium

520 3607 629 3665 hoc
657 3626 878 3678 nomen,
917 3612 1065 3684 quod
1097 3618 1291 3683 sciam,
1329 3616 1453 3675 fuit.
1493 3619 1699 3676 Scribit
1739 3622 2105 3692 quidem~Pe-

520 3704 725 3768 tavius,
753 3705 793 3762 Ι.
823 3721 841 3760 ι
879 3705 956 3762 De
990 3700 1140 3767 Daci.
1174 3718 1333 3782 temp.
1355 3748 1371 3774 ,
1404 3726 1457 3766 c.
1492 3712 1587 3773 δι.
1619 3714 1919 3769 Βουκάτιον
1943 3714 2108 3771 Boeo-

520 3799 703 3848 torum
734 3798 970 3864 primum
1015 3814 1261 3856 mensem
1302 3801 1591 3873 Ληναιῶνα
1617 3804 1802 3858 vocari
1834 3804 1903 3860 ab
1931 3804 2106 3878 Hesy-

515 3884 669 3941 chio.
705 3886 950 3957 Verum,
989 3891 1135 3961 quod
1174 3891 1280 3947 viri
1323 3894 1527 3949 summi
1569 3906 1705 3965 pace
1741 3894 2005 3962 dixerim,
2049 3896 2104 3953 id

514 3976 663 4046 apud
692 3975 1024 4049 Hesychium
1060 3996 1172 4037 non
1216 3982 1358 4054 lego,
1398 3984 1518 4040 loco
1548 3999 1714 4055 quem
1746 3988 1862 4056 ipse
1890 3987 2103 4054 citavit,

513 4068 688 4123 verbo
718 4068 931 4127 scilicet
954 4073 1233 4144 Ληναιὼν,
1269 4074 1361 4130 ubi
1387 4089 1585 4132 contra
1608 4076 1688 4132 sic
1712 4077 1980 4148 scriptum
2013 4094 2108 4135 ex-

513 4168 661 4216 stat:
712 4163 969 4233 Ληναιὼν
1021 4168 1172 4237 μήν.
1224 4168 1429 4223 Οὐδένα
1481 4169 1592 4224 τῶν
1645 4171 1835 4243 μηνῶν
1877 4173 2106 4227 Βοιωτοὶ

514 4252 660 4309 οὕτω
683 4256 965 4313 καλοῦσιν.
1001 4260 1231 4325 Εἰκάζει
1261 4262 1320 4316 δὲ
1342 4266 1369 4317 6
1398 4263 1751 4336 Πλούταρχος
1777 4264 2102 4320 Bouaria-tow

515 4348 612 4401 καὶ
649 4350 760 4417 γὰρ
796 4350 1004 4422 ψυχρός
1044 4356 1216 4411 ἐστιν.
1262 4357 1437 4411 Ἔνιοι
1465 4357 1524 4411 δὲ
1558 4358 1651 4411 τὸν
1703 4359 1968 4429 Ἑρμαῖον
1991 4399 2005 4424 ,
2044 4359 2105 4424 ὃς

517 4442 662 4509 μετὰ
693 4442 991 4498 Βουκάτιον
1029 4446 1201 4503 ἔστιν·
1243 4451 1341 4504 καὶ
1376 4451 1488 4521 γὰρ
1534 4450 1815 4521 Ἀθηναῖοι
1854 4453 1955 4519 τὴν
1991 4452 2104 4506 τῶν

513 4533 772 4605 Ληναίων
800 4537 996 4610 ἑορτὴν
1021 4540 1079 4595 ιν
1107 4540 1257 4612 αὐτῷ
1285 4544 1533 4611 ἄγουσιν,
1574 4544 1689 4599 Hoc
1722 4552 1841 4599 est:
1870 4544 2095 4601 Lenaea
2131 4533 2175 4590 υ

511 4625 726 4680 mensis.
748 4626 968 4683 Nullum
1000 4633 1255 4687 mensium
1280 4633 1446 4690 Baeti
1463 4637 1539 4690 sic
1561 4635 1860 4707 appellant.
1880 4636 2092 4691 Iudicat

511 4727 694 4772 autem
744 4717 1070 4778 PluIarchus
1107 4724 1420 4783 Bucatium:
1457 4747 1582 4785 nam
1627 4739 1675 4784 et
1707 4731 1933 4801 frigidus
1968 4740 2043 4787 est
2075 4769 2091 4787 .

510 4808 692 4882 Aliqui
706 4829 832 4867 vero
848 4814 1171 4886 Hermwum,
1207 4824 1297 4891 qui
1325 4832 1438 4893 post
1468 4823 1747 4879 Boeotium
1771 4835 1878 4883 est:
1903 4829 2096 4882 etenim

508 4906 849 4966 Athenienses
892 4910 1204 4970 Lenaeorum
1232 4917 1426 4987 festum
1461 4921 1517 4973 in
1556 4922 1670 4990 ipso
1715 4928 1907 4991 agunt.
1940 4921 2098 4975 llunc

509 4996 693 5053 locum
741 5001 997 5074 llesychii
1046 5006 1337 5077 descripsi,
1392 5011 1521 5079 quia
1575 5025 1642 5065 ex
1693 5011 1790 5067 illo
1846 5012 2099 5081 suspicor

508 5089 753 5148 oblatam
788 5097 1140 5154 occasionem
1177 5098 1503 5173 Pachymcri
1540 5103 1810 5159 Lenreona
1844 5104 2094 5159 Februa-

508 5182 658 5238 rium
688 5188 941 5244 vocandi.
978 5190 1251 5246 Nimirum
1285 5210 1409 5248 cum
1446 5195 1573 5251 inde
1598 5204 1788 5251 noster
1813 5195 2098 5251 didicisset

506 5276 813 5333 secundum
845 5279 1206 5338 Thebanorum
1237 5300 1479 5341 mensem
1514 5288 1608 5357 qui
1638 5288 1924 5343 Bucatium
1960 5288 2091 5343 anni

510 5366 759 5424 Thebani
780 5382 944 5441 caput
961 5376 1144 5429 statim
1171 5379 1425 5448 sequitur
1442 5387 1498 5433 et
1531 5379 1793 5448 Ἑρμαῖος
1812 5379 2086 5435 Hernicus

502 5473 712 5515 nomen
760 5461 947 5528 habet,
997 5467 1275 5537 aliquibus
1314 5471 1492 5526 videri
1535 5471 1824 5527 Lenaeonis
1860 5486 2084 5541 quoque

507 5551 682 5606 verbo
709 5551 1078 5625 designatum,
1115 5559 1320 5616 idcirco
1359 5561 1506 5630 quod
1547 5561 1694 5616 circa
1734 5570 1952 5631 tempus
1991 5576 2079 5616 se-

503 5640 679 5696 cundi
726 5646 931 5702 mensis
974 5648 1290 5706 Boeotorum
1343 5652 1712 5710 Athenienses
1761 5653 2083 5709 Lenteorum

572 5823 647 5885 (Ἰ
670 5823 742 5875 Cf.
769 5824 981 5887 Glossar.
1008 5824 1219 5880 alterum
1244 5845 1287 5881 τ.
1316 5832 1553 5889 Ληναιών.

2203 605 2320 645 sam
2363 607 2431 646 ex
2478 607 2546 648 eo
2576 595 2849 654 arriperet
2893 599 3121 654 secundi
3153 602 3526 657 Romanorum
3575 609 3761 665 mensis

2202 682 2398 737 eodem
2440 683 2729 743 Lenasonis
2760 690 3030 745 vocabulo
3071 692 3344 763 signandi.
3382 694 3509 750 llaec
3546 697 3761 767 scripse-

2204 790 2321 829 ram
2371 790 2495 831 cum
2529 777 2697 836 incidi
2747 780 2803 835 in
2851 781 3031 838 locum
3081 784 3549 857 Harpocrationis,
3590 790 3678 844 ubi
3716 793 3762 848 in

2206 865 2611 939 Diagrammate
2648 874 2920 929 mensium
2952 878 3260 934 Atticorum
3294 878 3762 953 Romanorumque

2206 961 2509 1032 Ληναιὼνὸ
2530 966 2624 1018 καὶ
2642 963 2944 1021 Ποσειδεὼν
2974 966 3134 1041 691
3162 988 3195 1025 e
3224 973 3448 1045 regione
3475 978 3760 1047 opponitur

2204 1052 2577 1126 Φεϐρουαρίῳ.
2626 1057 2681 1113 Id
2715 1070 2966 1117 secutum
3019 1064 3123 1119 hoc
3152 1064 3275 1121 loco
3320 1077 3575 1124 nostrum
3605 1071 3763 1126 credi-

2206 1147 2372 1203 bilius
2418 1158 2505 1204 est
2538 1150 2626 1221 (θ).

2278 1243 2620 1301 κΡοΝιοΣ.
2674 1245 3006 1303 Constanter
3032 1248 3136 1305 hoc
3166 1252 3389 1309 nomine
3418 1254 3766 1317 Paehvmeres

2209 1334 2463 1391 Martium
2514 1354 2753 1395 mensem
2788 1340 3065 1413 indigitat.
3098 1339 3231 1400 Nam
3289 1362 3345 1417 p.
3401 1348 3534 1413 2H,
3568 1349 3655 1405 ubi
3702 1351 3767 1407 sic

2209 1430 2477 1500 scriptum
2500 1440 2585 1486 est
2602 1449 2615 1486 :
2635 1433 2743 1486 Τοῦ
2760 1433 2804 1488 δ’
2823 1435 2987 1489 αὐτοῦ
3018 1437 3170 1502 ἔτους
3199 1440 3372 1509 μηνὸς
3401 1440 3657 1513 Κρονίου,
3678 1444 3769 1497 τῶν

2210 1521 2375 1575 Θείων
2401 1523 2625 1595 ἡμερῶν
2676 1525 2775 1596 τῆς
2828 1529 3089 1596 νηστείας
3132 1530 3509 1602 τελουμένων,
3561 1542 3768 1606 uterque

2210 1615 2384 1670 codex
2408 1615 2447 1669 Β
2477 1625 2533 1672 et
2564 1617 2610 1673 A
2647 1634 2679 1674 e
2730 1619 2956 1688 regione
2990 1623 3141 1678 Vocis
3195 1623 3427 1692 Κρονίου
3463 1624 3517 1679 in
3552 1628 3769 1698 margine

2213 1719 2445 1764 annotat
2475 1711 2762 1781 Μαρτίου;
2790 1722 2848 1767 et
2877 1712 3073 1785 jejunii
3122 1716 3551 1790 quadragenarii
3589 1721 3769 1777 mentio

2214 1801 2269 1855 in
2304 1816 2431 1857 eum
2477 1818 2724 1860 mensem
2780 1806 3127 1869 incurrentis
3158 1810 3321 1880 plane
3362 1812 3549 1867 Martii
3597 1814 3769 1869 chara-

2216 1904 2422 1951 cterem
2449 1896 2632 1954 habet.
2662 1899 2929 1956 Praeterea
2958 1918 3011 1972 p.
3053 1903 3180 1969 555,
3216 1906 3284 1961 ad
3336 1920 3402 1961 ea
3452 1907 3620 1962 verba
3650 1909 3770 1979 Κρο-

2216 1986 2333 2059 νίου
2363 1987 2533 2059 μηνὸς
2576 1992 2885 2056 ἐνστάντος.
2945 2004 3177 2065 uterque
3217 1998 3393 2054 codex
3431 1998 3502 2054 ad
3549 2016 3691 2055 oram
3715 2001 3771 2055 li-

2216 2078 2300 2135 bri
2331 2080 2581 2153 Μάρτιον
2606 2083 2754 2140 clare
2780 2086 3048 2144 nominat.
3085 2088 3260 2145 Vatic.
3294 2107 3525 2162 quoque
3546 2094 3612 2149 de
3639 2108 3767 2150 more

2215 2172 2468 2244 Μαρτίου
2505 2190 2606 2246 pro
2635 2177 2874 2247 Κρονίου
2926 2179 2979 2234 iu
3035 2190 3296 2237 contextu
3350 2184 3609 2241 collocat.
3634 2185 3768 2250 Quod

2216 2262 2348 2319 item
2379 2264 2510 2322 facit
2535 2283 2590 2338 p.
2621 2266 2747 2333 396,
2783 2269 2879 2325 ubi
2915 2271 3029 2329 haec
3064 2271 3301 2330 aliorum
3339 2271 3596 2331 codicum
3626 2277 3769 2334 verba

2214 2354 2447 2427 Κρονίου
2482 2358 2786 2441 ἀρχομένου
2839 2362 3029 2432 μηνὸς,
3059 2363 3177 2435 ipse
3208 2365 3391 2423 reddit
3416 2365 3661 2441 Μαρτίου
3690 2371 3770 2440 ἀρ-

2214 2449 2451 2519 χομένου
2507 2454 2698 2523 μηνός.
2748 2450 2819 2511 Ut
2857 2455 3145 2514 dubitaudi
3180 2460 3338 2517 locus
3385 2477 3499 2517 non
3555 2462 3769 2534 supersit

2214 2539 2348 2610 quin
2385 2541 2612 2599 Martius
2648 2548 2852 2602 mensis
2887 2547 2940 2602 in
2991 2548 3093 2605 hac
3123 2549 3359 2604 historia
3391 2551 3612 2607 dicatur
3649 2553 3770 2621 Κρί-

2213 2650 2345 2697 νιος.
2391 2635 2497 2690 Sed
2534 2650 2697 2707 qoam
2743 2640 3096 2698 manifestum
3134 2643 3362 2710 factum,
3398 2655 3515 2700 tam
3562 2646 3769 2703 obseura

2214 2725 2343 2783 laeti
2375 2743 2540 2786 causa
2571 2742 2673 2789 est.
2700 2730 2841 2799 Quid
2881 2735 3029 2791 enim
3081 2736 3383 2796 verisimile
3407 2741 3771 2796 comminisca-

2212 2834 2338 2873 mur
2368 2837 2469 2875 cur
2500 2824 2713 2892 primus
2741 2836 2796 2881 et
2847 2843 2990 2883 unus
3023 2829 3392 2900 Pachymeres
3424 2848 3614 2889 vocem
3653 2834 3771 2903 K96-

2212 2928 2325 2974 νιος
2388 2911 2841 2995 ἰιι-ἰειιοιῑειείιηιι
2897 2920 3095 2987 priscis
3141 2922 3299 2992 juxta
3359 2925 3768 2995 recentibusque

2213 3005 2439 3062 notione
2471 2991 2868 3079 usurpaverit?
2893 3012 3028 3066 Dum
3057 3013 3204 3069 aliud
3233 3018 3607 3086 opportunius
3629 3035 3770 3089 sagax

2211 3096 2386 3152 lector
2412 3100 2688 3169 expediet.
2711 3118 2813 3172 ego
2846 3105 3169 3174 suspicabar
3197 3117 3477 3169 nostrum,
3502 3125 3622 3163 cum
3649 3109 3768 3163 forte

2131 3196 2176 3255 ο
2214 3189 2443 3245 vidisset
2475 3193 2528 3246 in
2580 3191 3032 3264 Harpocrationis
3088 3198 3493 3268 Diagrammate
3525 3203 3766 3257 mensium

2208 3281 2471 3351 superius
2519 3284 2750 3342 laudato
2822 3287 3272 3346 llecatomhmoni
3328 3308 3433 3362 pro
3492 3308 3768 3365 synonyma

2209 3373 2472 3431 Cronium
2527 3379 2754 3450 apponi,
2808 3388 2864 3436 et
2917 3381 3139 3439 aliunde
3168 3384 3333 3439 sciret
3372 3385 3627 3441 Martium
3658 3387 3765 3443 olim

2208 3466 2379 3524 fuisse
2413 3471 2650 3540 primum
2686 3473 2815 3528 anni
2853 3472 3087 3531 Romani
3141 3492 3391 3533 mensem
3426 3479 3601 3550 (juxta
3650 3477 3766 3534 illud

2208 3561 2557 3618 tritissimum
2586 3563 2790 3621 Tibulli
2818 3582 2834 3621 :

2260 3671 2344 3747 ,[P
2373 3673 2499 3751 ιδῃ
2531 3676 2722 3733 Martis
2753 3678 2984 3736 Romani
3007 3681 3153 3751 [estw
3182 3696 3371 3738 venere
3418 3682 3705 3739 Kalendis:

2445 3746 2699 3804 Exoriens
2726 3754 2917 3805 nostris
2950 3746 3032 3805 hic
3063 3753 3161 3823 fuit
3188 3771 3360 3808 atauus
3392 3754 3553 3826 aris),

2206 3834 2304 3891 sed
2359 3846 2553 3907 postea
2593 3838 2799 3895 additis
2848 3840 3163 3898 deeimestri
3195 3860 3342 3899 anno
3377 3844 3600 3900 duobus
3637 3860 3766 3900 men-

2207 3928 2363 3983 sibus
2395 3929 2660 3986 honorem
2683 3932 2919 3989 ducendi
2949 3952 3153 3991 annum
3195 3928 3462 3993 Januario
3497 3940 3763 4003 tributum,

2208 4020 2628 4094 Pacltymerem,
2676 4026 2922 4097 inquam,
2975 4029 3081 4085 hoc
3135 4044 3195 4085 se
3253 4047 3420 4087 nosse
3463 4035 3766 4104 gestientem

2210 4125 2509 4182 ostentare,
2545 4119 2762 4176 duobus
2797 4120 3080 4179 mensibus
3110 4126 3267 4195 quasi
3297 4128 3363 4181 de
3398 4128 3637 4197 primatu
3665 4142 3769 4184 ecr-

2207 4209 2455 4264 tantihus
2491 4211 2546 4266 in
2580 4211 2832 4269 Romano
2860 4231 3026 4283 anno,
3076 4218 3342 4275 vocabula
3377 4221 3491 4277 duo
3532 4222 3765 4278 divisisse

2206 4316 2329 4371 qua:
2377 4302 2546 4358 Attici
2602 4305 2731 4360 anni
2786 4308 2964 4377 primo
2995 4311 3170 4367 mensi
3220 4315 3606 4371 convenirent.
3654 4315 3763 4370 Dia-

2209 4407 2458 4462 gramma
2507 4394 2643 4451 illud
2701 4400 2872 4454 semel
2922 4400 3014 4456 hic
3061 4403 3379 4463 describere
3426 4410 3564 4462 tanti
3606 4406 3762 4463 visum

2207 4492 2314 4539 est.

2423 4579 2722 4648 Ὀνόματα
2749 4581 2966 4652 μηνῶν
2996 4586 3151 4642 κατὰ
3195 4588 3571 4660 Ἀθηναίους.

2282 4689 2697 4762 Ἐκατομσαιὼν
2715 4694 2743 4747 6
2762 4694 2859 4748 καὶ
2883 4695 3028 4767 Κρόο
3095 4702 3123 4774 6
3151 4701 3533 4774 Σεπτέμϐριος

2272 4777 2386 4843 νιος
2660 4833 2673 4843 ι
3096 4773 3124 4825 6
3154 4771 3502 4843 Ὀκτξῶϐρὶος⁸

2273 4831 2613 4914 ysrayetrvs
2624 4833 2685 4887 ιώ
3093 4843 3121 4914 6
3156 4844 3291 4914 Δεκέ
3302 4831 3501 4914 μόριοξ

2276 4901 2600 4979 Ηυανεψιών
2662 4974 2672 4979 Δ
3094 4913 3123 4964 6
3167 4901 3507 4979 Ἰανόυάριοξ

2270 4971 2767 5057 Ιμαιμτκτηριῶνη
2891 5048 2913 5057 _
2967 5047 2979 5057 l
3095 4971 3530 5057 ῥφιεσρουᾶριᾶς

2269 5041 2528 5127 Amat.th
2554 5041 2697 5099 δ’καὶ
2721 5046 3025 5105 Ποσειδεὼν
3102 5055 3128 5127 6
3159 5041 3414 5127 animo:

2271 5111 2572 5193 ramum
2627 5184 2638 5193 _
3100 5125 3127 5175 6
3163 5111 3483 5193 Ἀτὲρίλλὶος

2282 5182 2683 5260 Ἀνθέστηριῴν
3098 5195 3126 5247 6
3165 5182 3343 5260 Μάῖός

2270 5252 2680 5333 Ἐλαφηϐολιών
3095 5266 3124 5317 6
3178 5252 3401 5333 Ἰούνιος

2271 5323 2599 5403 Ψουνυῇίιῴν
3096 5336 3127 5388 6
3162 5323 3388 5403 Ἰούλιοέ

2268 5394 2601 5480 ραρ-γΙηῖιών
2620 5469 2634 5480 ι
3100 5407 3128 5459 6
3166 5409 3348 5480 Δῠγου
3359 5394 3483 5477 ἆτος

2266 5465 2677 5538 Σκιρροφοριών

2259 5560 2425 5631 692
2460 5565 2942 5622 ΒΟΗΔΡΟΜΙΩΝ.
2966 5583 3024 5638 p.
3059 5567 3164 5624 257
3192 5569 3600 5641 Βοηδρομιῶνος
3623 5570 3762 5626 ἱστα-

2199 5654 2385 5724 μένου.
2427 5654 2670 5729 Uterque
2700 5660 2826 5716 cod.
2874 5659 2996 5717 Bet
3043 5664 3087 5717 Α
3147 5661 3201 5717 in
3248 5676 3344 5717 ora
3391 5658 3758 5734 lihri.'A1:ptl~

2322 5873 2350 5882 ,,
2393 5871 2402 5879 ι
