3992 6538
244 381 380 443 1λῖιᾶ

1545 376 1638 432 Cil
1654 375 2205 436 iithVOLOlleUS.

3372 383 3506 449 1.51

238 493 379 556 λίου,
413 490 587 545 Vatic.
624 488 745 542 τότε
777 490 953 544 τοίνυν
984 488 1297 560 Ἀπριλλίου
1322 490 1657 559 ἀρχομένου.
1690 490 1822 544 Boc-

1939 496 2092 549 ‘ui‘sse
2119 494 2497 551 Camciionem
2528 540 2542 563 ,
2581 513 2743 568 quem
2785 509 2936 554 certa
2976 500 3217 555 vidimus
3250 501 3505 573 Septem-

244 585 595 638 dromioncm
631 583 853 637 tertium
888 582 1054 639 fuisse
1097 598 1338 636 mensem
1373 582 1427 635 in
1460 598 1603 636 anno
1633 582 1818 636 Attico

242 677 585 730 demonstrat
618 675 894 737 Petavius,
922 676 963 730 ι.
991 693 1005 729 ι
1040 675 1112 729 De
1145 674 1292 728 Doct.
1328 684 1485 741 temp.
1519 690 1569 728 c.
1601 675 1687 737 ll,
1738 683 1819 728 te-

236 770 513 823 stimoniis
536 769 871 832 Aristotelis,
894 770 1256 838 Theophrasti
1283 780 1337 822 et
1358 769 1540 822 Plinii.
1565 767 1669 821 Sed
1694 782 1817 821 cum

240 862 468 914 tertium
508 862 688 915 locum
715 862 827 931 jam
860 871 1182 929 occupasset
1215 859 1570 930 Pachymeris
1600 858 1815 929 judicio

240 953 507 1017 Cronius,
563 965 824 1023 quartum
881 955 957 1008 illi
1016 954 1340 1023 assignavit,
1398 962 1491 1007 aut
1533 952 1681 1006 aliud
1736 964 1820 1007 est

238 1059 470 1104 secutus
510 1049 655 1118 quod
718 1064 817 1102 nos
856 1049 1009 1102 latet.
1074 1049 1147 1101 De
1192 1063 1251 1100 re
1297 1047 1411 1115 ipsa
1458 1056 1691 1110 constat,
1728 1046 1819 1099 hic

238 1138 449 1193 Juliani
483 1138 610 1191 anni
647 1138 889 1207 Aprilem
916 1134 1170 1204 intelligi,
1200 1150 1324 1187 cum
1354 1133 1700 1187 describatur
1741 1131 1820 1184 fc-

240 1239 390 1284 stum
435 1229 733 1283 ἀκάϐιστον
784 1228 1015 1289 dictum,
1068 1227 1283 1296 jejunio
1332 1241 1502 1278 verno
1552 1222 1817 1278 celebrari

239 1321 493 1387 solitum,
565 1320 807 1375 Sabbato
872 1318 1132 1373 videlicet
1205 1318 1410 1386 quinta:
1464 1315 1819 1370 hebdomadas

240 1412 707 1483 Quadragesinne,
753 1421 813 1465 ut
845 1410 1193 1480 ostendimus
1234 1410 1289 1462 in
1325 1409 1603 1463 Glossario
1650 1406 1819 1460 verbo

243 1506 566 1567 ἁκάΟιστος.
597 1506 715 1571 Quo
744 1504 833 1558 die
864 1504 1069 1557 Pascha
1094 1502 1187 1557 illo
1218 1517 1363 1555 anno
1390 1501 1578 1563 fuerit,
1605 1510 1660 1554 et
1684 1516 1818 1554 con-

239 1609 545 1669 sequenter
576 1598 630 1651 in
661 1613 822 1666 quem
855 1596 1057 1665 Aprilis
1090 1609 1178 1648 res
1211 1595 1299 1647 hic
1337 1602 1557 1647 narrata
1610 1592 1821 1648 incide-

243 1692 339 1755 rit,
372 1690 620 1745 dicemus
647 1690 811 1753 intra,
841 1690 932 1743 ubi
958 1690 1025 1744 de
1064 1687 1480 1744 characteribus
1510 1686 1819 1742 chronolo-

241 1781 383 1851 gicis
418 1782 587 1852 hujus
622 1780 865 1835 historia:
892 1756 1110 1850 agetuF.

1926 590 2079 642 brem
2106 604 2247 641 esse.

1993 683 2088 733 MO
2103 682 2463 743 ΥΝΥΧΙΩΝ,
2496 697 2617 751 pag.
2682 684 2805 739 3l8.
2861 686 3045 756 Μηνὸς
3096 688 3503 758 Μουνυχιῶνος.

1922 770 2096 827 Codd.
2126 774 2167 827 Β
2192 784 2248 828 et
2292 776 2334 829 A
2369 777 2748 845 Μουνιχιῶνος
2780 780 3050 847 glossema
3078 773 3313 835 solitum
3334 783 3506 836 ascri-

1922 863 2104 929 bunt,
2147 866 2453 921 Romanum
2508 871 2712 921 mensis
2774 872 2893 939 ejus
2942 872 3263 926 vocabulum
3321 875 3504 944 expri-

1922 972 2105 1023 mens,
2144 959 2455 1028 Νοεμϐρίου
2519 960 2849 1015 Novembris.
2891 962 3047 1027 Quod
3102 980 3229 1020 vero
3278 966 3500 1019 initium

1923 1050 1976 1103 id
2010 1049 2179 1105 fuisse
2229 1053 2353 1104 anni
2392 1053 2558 1106 verba
2596 1054 2685 1106 illa
2723 1056 2975 1118 ἐπιόντος
3025 1056 3177 1120 ἔτους
3230 1058 3499 1123 indicant,

1922 1142 2273 1195 referendum
2329 1143 2397 1197 ad
2432 1145 2818 1210 indictionem,
2851 1164 2972 1214 qum
3022 1150 3303 1217 peculiare
3358 1151 3493 1206 anni

1921 1234 2251 1303 principium
2309 1234 2549 1291 ducebat
2606 1253 2635 1289 a
2702 1237 3060 1306 Septembri,
3113 1256 3239 1295 cum
3288 1240 3498 1311 al‘oqui

1922 1325 2101 1378 civilis
2128 1326 2254 1379 anni
2294 1336 2459 1395 caput
2495 1327 2548 1380 in
2588 1328 2706 1381 Kal.
2737 1329 3021 1385 Januariis
3054 1330 3223 1385 ﬁxum
3252 1340 3417 1387 esset.

1994 1419 2541 1474 ΣΧΙΡΡΟΦΟΡΙΩΝ.
2562 1422 2773 1476 Nomen
2808 1424 3082 1494 hocapud
3109 1426 3498 1497 Pachymerem

1924 1510 2098 1563 ultimi
2153 1513 2358 1565 tuensis
2412 1520 2498 1566 est
2549 1513 2907 1580 Decembris,
2956 1525 3015 1570 ut
3060 1516 3386 1587 intelligitur
3431 1534 3500 1573 ex

1920 1602 2106 1656 verbis
2140 1619 2260 1672 pag.
2294 1602 2399 1657 303
2432 1621 2446 1659 :
2491 1604 2552 1657 '0
2596 1605 2854 1674 βασιλεὺς
2879 1606 3074 1661 τοῦτον
3121 1609 3497 1678 προϐάλλεται

1922 1695 2089 1763 μηνὸς
2122 1695 2594 1766 Σκιρῤοφοριῶνος
2647 1700 2863 1769 εἰκοστῇ
2919 1699 3101 1771 ὀγδόῃ.
3158 1701 3237 1758 Ad
3301 1704 3503 1774 margi.

1924 1802 2048 1840 nem
2089 1802 2118 1840 e
2143 1788 2369 1856 regione
2409 1788 2466 1841 in
2498 1789 2621 1843 cod.
2650 1791 2688 1842 Β
2718 1792 2983 1846 scribitur
3011 1794 3378 1862 Δεκεμϐρίου,
3416 1795 3495 1849 uti

316 1843 782 1935 ΠΥΑᾸἜΨΙΩΝ,
842 1887 900 1940 p.
931 1843 1082 1936 ⁷405,
1137 1873 1357 1940 εἰκοετῇ
1394 1870 1491 1940 μὲν
1538 1870 1635 1924 καὶ
1682 1871 1817 1941 ἕκτῃ

1937 1889 1980 1932 et
2009 1894 2130 1948 pag.
2168 1879 2294 1942 55‘2,
2332 1880 2424 1934 ubi
2459 1880 2527 1935 de
2576 1882 2907 1952 imperatore
2959 1885 3225 1940 scribitur
3269 1887 3498 1957 θνήσκει

240 1965 654 2033 Πυανεψιῶνος.
689 1965 731 2018 Ε
762 1964 985 2035 regione
1024 1964 1173 2019 vocis
1230 1965 1612 2034 Πυανεψιῶνος
1661 1964 1820 2021 codd.

238 2056 441 2113 BetA
475 2058 680 2113 habent
729 2059 931 2122 Μαΐου,
968 2058 1117 2128 quod
1169 2059 1209 2114 V
1265 2060 1333 2111 de
1382 2073 1533 2112 more
1571 2058 1624 2112 in
1688 2072 1819 2112 con-

241 2162 457 2207 textum
504 2152 721 2222 recipit.
764 2152 879 2207 Nec
935 2152 1165 2206 dubium
1233 2151 1567 2220 relinquitur
1593 2167 1658 2206 ex
1690 2150 1821 2205 cha-

241 2257 462 2300 ractere
502 2261 626 2299 mox
664 2260 928 2314 expresso
962 2243 1087 2299 festi
1138 2244 1396 2299 instantis
1444 2245 1822 2311 Pentecostes,

241 2347 307 2391 ut
336 2338 567 2393 inferius
595 2336 1123 2400 demonstrabimus,
1161 2338 1297 2407 quin
1330 2336 1503 2390 Maius
1549 2336 1640 2389 hic
1666 2351 1824 2389 men-

238 2432 324 2488 sis
358 2431 650 2486 indicetur.
680 2430 836 2485 Unde
871 2428 1259 2498 corrigendum
1323 2427 1541 2480 videtur
1579 2427 1725 2495 quod
1769 2442 1821 2495 ι).

238 2525 354 2580 270
384 2525 651 2580 scribitur
676 2522 1055 2585 πυαντιῶνοςς
1087 2529 1172 2577 est
1197 2522 1345 2575 enim
1381 2521 1457 2575 ibi
1488 2520 1542 2573 in
1579 2520 1823 2590 margine

241 2633 355 2671 Vox
393 2618 595 2678 Μαΐου,
634 2615 859 2684 antiqua
902 2629 1087 2679 manu,
1118 2613 1205 2668 cui
1248 2614 1515 2683 glossema
1558 2611 1827 2667 recentio-

244 2710 329 2763 ris
364 2723 561 2762 manus
583 2707 935 2778 subjungitur
961 2705 1486 2775 μεταγειτεινιῶνος.
1518 2704 1624 2757 [tes
1660 2719 1826 2773 porro

244 2802 369 2872 ipsa
396 2811 454 2855 et
492 2801 597 2856 loci
626 2800 924 2864 sententia,
958 2809 1018 2854 ut
1053 2799 1090 2852 Ι.
1130 2799 1163 2853 5
1216 2798 1649 2852 Observationum
1676 2811 1724 2851 c.
1753 2795 1786 2850 5
1811 2839 1824 2861 ,

242 2895 396 2950 clare
423 2895 885 2955 demonstramus,
917 2892 1142 2947 omnino
1174 2891 1372 2945 Maium
1422 2891 1611 2961 exigit.

318 2986 929 3049 ΜΑῙΜΑΚΤΠΡΙΩΝ,
959 3000 1011 3054 p.
1050 2984 1176 3039 450.
1233 2984 1471 3053 Δευτέρᾳ
1515 2983 1571 3035 δὲ
1602 2984 1826 3049 Μαιμα-

243 3082 580 3151 κτηριῶνος.
609 3079 665 3132 ln
699 3084 945 3150 margine
976 3078 1088 3132 duo
1119 3077 1280 3131 codd.
1324 3076 1571 3132 Ἰουνίου.
1605 3077 1829 3130 Tertius

1924 1969 1979 2022 δὲ
2011 1971 2482 2042 Σκιρροφοριῶνος
2550 1974 2848 2046 ἑνδεκάτῃ,
2881 1976 2934 2030 in
2989 1980 3230 2048 margine
3288 1980 3502 2050 Δεκεμ-

1926 2062 2105 2133 ϐρίου.
2140 2064 2296 2130 Quod
2333 2067 2627 2137 utrobique
2664 2067 2706 2122 V
2750 2070 2802 2123 in
2839 2079 3154 2126 contextum
3189 2071 3405 2143 recipit.

2546 2186 2772 2241 CAPUT
2813 2187 2877 2242 ll.

1928 2299 2147 2354 Initium
2188 2300 2399 2370 imperii
2450 2298 2707 2354 Theodori
2744 2300 2993 2354 Lnscaris
3049 2300 3308 2363 Junioris,
3363 2303 3500 2356 unde

1998 2374 2106 2443 haec
2129 2372 2349 2422 historia
2381 2371 2635 2443 procedit,
2680 2371 2973 2423 rationibus
3013 2374 3398 2443 c/tronologicis
3448 2381 3500 2427 et

1997 2442 2189 2495 cwlesti
2221 2442 2524 2494 charactere
2556 2440 2972 2494 demonstratur.

2000 2533 2044 2587 l.
2075 2534 2197 2588 Non
2230 2548 2524 2603 possumus
2565 2548 2629 2585 ex
2669 2534 3055 2602 opportuniori
3092 2534 3301 2604 epocha
3338 2534 3504 2607 hujus

1927 2627 2172 2682 historiae
2197 2635 2363 2695 caput
2410 2626 2614 2681 ducere
2652 2642 2817 2695 quam
2870 2642 2935 2680 ex
2972 2628 3131 2681 initio
3161 2628 3504 2698 principatus

1930 2719 2203 2773 Theodori
2238 2718 2489 2772 Lascaris
2525 2734 2591 2772 eo
2626 2718 2848 2773 nomine
2880 2719 3131 2780 secundi.
3166 2721 3260 2775 lilii
3292 2731 3349 2775 et
3382 2738 3507 2777 sue-

1930 2809 2166 2864 cessoris
2195 2809 2249 2862 in
2301 2808 2533 2877 imperio
2561 2807 2792 2862 Joannis
2828 2808 3009 2872 Ducze,
3044 2809 3275 2863 Batatue
3304 2826 3507 2882 cogno-

1928 2901 2145 2955 minati.
2182 2901 2490 2969 lnsigniora
2522 2902 2670 2954 enim
2702 2917 2936 2970 quaeque
2989 2901 3057 2955 de
3106 2903 3366 2957 Michaele
3400 2904 3504 2959 Pa-

1933 2995 2159 3064 laeologo
2204 2993 2387 3048 adhuc
2422 2995 2638 3063 privato
2679 2995 2769 3048 hic
2813 3004 3028 3048 narrata
3068 2994 3170 3049 hoc
3212 2994 3504 3050 Theodoro

1934 3086 2237 3153 imperante
2266 3085 2637 3152 contigerunt,
2668 3084 2823 3154 cujus
2867 3094 3259 3153 prmmaturum
3289 3086 3501 3141 obitum

243 3185 311 3228 ut
364 3174 505 3228 solet
560 3172 615 3226 id
668 3187 869 3226 nomen
909 3170 1189 3227 contextui
1242 3168 1436 3224 inserit
1470 3185 1570 3223 nec
1622 3169 1821 3223 festum
1854 3187 1895 3243 (ς
1930 3179 2110 3232 statim
2146 3178 2257 3232 fere
2287 3177 2570 3231 Michaelis
2598 3176 2841 3247 ejusdem
2888 3176 2942 3229 in
2971 3176 3260 3246 imperium
3287 3178 3501 3234 evectio

247 3268 617 3324 Pentecostes
650 3268 705 3321 in
748 3266 1048 3322 secundam
1076 3266 1170 3319 illo
1201 3280 1347 3318 anno
1377 3263 1526 3319 Junii
1556 3264 1828 3328 incidens,

245 3368 312 3415 ut
348 3376 451 3416 suo
484 3361 608 3415 loco
638 3360 987 3422 docebimus,
1016 3358 1246 3413 dubium
1276 3357 1545 3428 relinquit
1575 3357 1706 3426 quin
1736 3355 1830 3410 Ju-

243 3453 378 3506 nius
403 3450 724 3521 Pachymeri
744 3448 1191 3518 Μιιμακτηριὼν
1217 3446 1310 3501 sit.
1336 3445 1408 3498 Τὸ
1431 3447 1513 3498 ὅτι
1537 3453 1826 3500 tenemus:

241 3543 310 3596 τὸ
336 3543 495 3606 διότι,
530 3552 590 3597 ut
624 3542 678 3596 in
709 3541 946 3604 caeteris,
975 3537 1358 3609 quaarendum.
1383 3538 1517 3594 Davi
1550 3538 1698 3594 enim
1735 3554 1831 3594 su-

243 3650 402 3701 mus,
431 3651 542 3690 non
570 3634 771 3703 OEdipi
804 3635 891 3705 (‘).

318 3728 388 3801 [P
412 3728 541 3800 488]
564 3731 1096 3791 ΑΝΘΕΣἹἨΡῙΩΝ,
1122 3743 1176 3799 p.
1203 3727 1328 3791 286,
1351 3729 1378 3779 ὁ
1407 3724 1825 3795 Ἀνθεστηριῶν.

244 3821 289 3876 E
334 3821 561 3893 regione
608 3824 661 3876 in
722 3821 965 3892 margine
1015 3821 1256 3884 Ἰούλιος.
1311 3819 1353 3872 ν
1416 3820 1469 3874 id
1536 3819 1713 3873 solum
1772 3818 1829 3872 in

241 3923 513 3971 contextu
551 3914 739 3969 habet.
772 3915 967 3979 Antea,
1002 3930 1054 3982 p.
1098 3914 1220 3977 149,
1267 3911 1460 3983 Ἐορτῇ
1492 3910 1591 3978 τῆς
1626 3910 1832 3978 θεομή-

242 4025 412 4079 τορος
432 4008 634 4078 Ἀννης
664 4006 833 4077 μηνὸς
874 4004 1356 4076 Ἀνθεστηριῶνος.
1376 4004 1586 4057 Rursus
1618 3999 1825 4068 p.485:

243 4103 389 4154 Τότε
417 4101 600 4153 τοίνυν
637 4099 916 4170 δωδεκάτῃ
945 4097 1402 4167 Ἀνθεστηριῶνος
1437 4096 1628 4164 μηνός.
1661 4091 1828 4147 Utro-

244 4196 423 4264 bique
459 4193 622 4248 codd.
678 4193 746 4247 de
800 4208 952 4246 more
1008 4190 1225 4244 Ἰούλιον
1275 4189 1560 4243 adnotant.
1599 4183 1828 4255 Augusti

244 4288 461 4343 mensis
516 4286 1008 4355 Pachymerianum
1063 4298 1263 4337 nomen
1319 4282 1375 4336 in
1429 4281 1531 4334 hac
1561 4279 1827 4344 historia,

243 4381 400 4453 quod
435 4381 801 4445 meminerim,
838 4393 947 4431 non
987 4386 1163 4431 exstat
1189 4378 1297 4446 (").

323 4471 715 4532 ΓΑΜΗΛΙΩΝ,
749 4484 804 4538 p.
851 4467 979 4528 595,
1019 4464 1365 4534 Γαμηλιῶνος
1424 4462 1614 4532 μηνὸς.
1654 4457 1827 4516 Codd.

249 4565 294 4617 Β
318 4574 378 4618 et
406 4564 449 4616 Α
474 4578 504 4616 e
528 4562 751 4631 regione
797 4558 1124 4613 adscribunt
1171 4554 1579 4624 Σεπτεμϐρίου,
1625 4555 1827 4612 silente

246 4665 455 4728 praeter
491 4670 700 4709 morem
728 4652 791 4717 V,
819 4652 911 4720 qui
943 4651 1047 4703 hoc
1095 4662 1308 4703 comma
1339 4646 1601 4701 transilit.
1654 4648 1829 4702 Antea

246 4773 302 4826 p.
340 4751 470 4817 299,
501 4750 607 4819 μὴν
637 4747 694 4799 δὲ
746 4744 1068 4815 ἐφειστήκει
1119 4742 1240 4794 τότε
1304 4741 1622 4811 Γαμηλιὼν,
1662 4742 1829 4813 ἡγετο

245 4851 312 4905 δὲ
380 4842 552 4917 ἠτοῦ
599 4840 785 4910 τιμίου
849 4836 1084 4902 σταυροῦ
1123 4834 1316 4903 ἑορτὴ,
1369 4835 1570 4888 festum
1625 4835 1832 4889 exalta-

249 4938 429 4998 tionis
466 4933 525 4987 S.
575 4930 769 4986 Crucis
816 4927 880 4980 Η
934 4924 1274 4996 Septembris
1334 4923 1501 4978 etiam
1548 4940 1576 4977 a
1629 4922 1833 4978 Grtecis

250 5027 623 5088 celebratum.
670 5020 951 5075 Consueta
987 5025 1043 5070 et
1086 5016 1162 5068 ibi
1192 5013 1356 5068 codd.
1388 5012 1708 5077 admonent,
1736 5012 1832 5067 sed

252 5121 394 5177 satis
425 5134 491 5173 ex
527 5114 649 5171 festi
686 5112 963 5167 mentione
1000 5108 1325 5178 intelligitur
1354 5104 1701 5174 September.

329 5210 494 5283 693
529 5203 1068 5262 ΕΛΑΦΗΒΟΛΙΩΝ.
1092 5216 1212 5270 pag.
1272 5198 1397 5252 594.
1431 5195 1835 5265 Ἐλαφηϐολιῶ-

252 5322 350 5367 νος
384 5305 523 5373 ἕκτῃ
559 5301 749 5371 μηνός.
785 5298 1117 5366 Suggerunt,
1149 5304 1207 5348 ut
1240 5295 1440 5357 solent,
1487 5291 1648 5346 codd.
1696 5290 1735 5343 Β
1783 5298 1839 5344 et

253 5399 301 5452 Δ
334 5396 393 5450 in
426 5392 671 5463 margine
703 5390 959 5443 Latinum
988 5386 1192 5441 mensis
1227 5401 1428 5440 nomen
1468 5383 1831 5453 'szu’dipmv,

255 5487 572 5549 Octobrem,
610 5499 772 5553 quem
800 5492 857 5537 et
898 5482 1017 5551 ipse
1048 5481 1204 5534 locus
1228 5495 1323 5548 per
1351 5494 1410 5533 se
1441 5477 1675 5539 indicat,
1710 5490 1835 5529 cum

260 5582 321 5636 in
374 5594 442 5634 eo
488 5577 790 5632 aﬂirmetur
858 5572 1261 5642 praecedentem
1324 5570 1546 5640 ἀμέσως
1592 5583 1836 5624 mensem

332 5788 395 5847 Γ)
432 5787 500 5837 Cf.
529 5785 744 5836 Glossar.
770 5783 916 5832 alter.
953 5796 996 5830 ν.
1026 5781 1419 5847 Μαιμακτηριών.

333 5845 416 5909 ("l
445 5850 513 5903 Cf.
551 5848 762 5900 Ulussar.
790 5850 1002 5896 alterum
1027 5858 1071 5893 ν.
1111 5845 1400 5892 Ποσειδεὼν.

1932 3268 2167 3337 excepit.
2224 3267 2350 3325 Scio
2404 3267 2506 3322 sub
2553 3267 2764 3321 Joanne
2821 3280 3042 3336 quoque
3088 3269 3339 3324 nonnihil
3382 3271 3504 3339 ejus

1931 3360 2170 3428 generis,
2203 3374 2326 3429 cap.
2353 3360 2406 3422 6,
2440 3359 2537 3413 lib.
2572 3375 2586 3413 ι
2622 3359 2926 3414 memorari
2963 3376 2975 3413 :
3004 3374 3193 3413 verum
3220 3370 3275 3427 et
3300 3361 3352 3415 id
3386 3361 3509 3416 obi-

1934 3462 2018 3507 ter
2057 3452 2395 3507 insinuatum
2428 3453 2695 3507 duntaxat
2742 3453 2898 3522 quasi
2950 3454 3275 3522 praetexitur
3314 3454 3505 3522 Operi;

1931 3557 1989 3600 et
2017 3546 2151 3601 illud
2175 3547 2354 3616 ipsum
2386 3546 2509 3616 jure
2548 3545 2810 3614 imputari
2852 3545 3146 3601 Theodoro
3175 3546 3353 3616 potuit
3385 3554 3508 3602 tan-

1933 3649 2046 3694 tum
2092 3655 2201 3694 non
2241 3637 2530 3708 imperanti
2561 3645 2617 3690 et
2642 3636 2786 3706 apud
2820 3645 3102 3704 parentem
3139 3637 3411 3691 seniorem
3438 3652 3507 3693 eo

1930 3730 2120 3799 gratia:
2161 3743 2225 3783 ac
2251 3728 2512 3798 potentiae
2543 3727 2716 3796 gradu
2745 3726 2969 3791 nitenti,
2999 3727 3219 3795 qualem
3254 3743 3353 3797 par
3387 3737 3508 3782 erat

1932 3822 2215 3891 unigenito
2233 3820 2409 3875 virilis
2428 3819 2627 3888 adepto
2647 3818 3040 3889 plenitudinem
3055 3818 3252 3884 aetatis,
3268 3819 3352 3890 [Ρ.
3378 3819 3503 3892 489]

1933 3914 2077 3969 haud
2107 3912 2276 3967 dubio
2308 3911 2621 3967 successori
2672 3910 2952 3966 declarato
2987 3923 3044 3965 et
3069 3910 3182 3980 jam
3211 3926 3358 3965 nunc
3388 3910 3506 3965 lere
3599 3941 3601 3943 ι

1932 4006 2159 4075 collega:
2214 4004 2405 4058 tribui.
2458 4003 2626 4057 Recte
2686 4002 2853 4072 igitur
2908 4009 3098 4055 noster
3138 4001 3297 4054 initio
3342 4000 3507 4055 modo

1931 4098 2136 4152 laudati
2178 4096 2374 4164 capitis
2408 4097 2461 4159 7,
2510 4094 2659 4149 velut
2698 4093 2986 4148 historiam
3038 4091 3168 4147 inde
3215 4108 3369 4148 suam
3403 4108 3506 4147 an-

1933 4193 2152 4261 spicans
2185 4189 2404 4254 scribit,
2455 4190 2762 4257 imperante
2814 4184 3105 4240 Theodoro
3138 4186 3354 4241 Laseari
3384 4192 3507 4255 post

1932 4296 2168 4355 patrem,
2207 4283 2526 4338 Michaelem
2562 4281 2927 4350 Palmologum
2960 4294 3179 4348 semper
3205 4279 3505 4335 obnoxium

1933 4379 2177 4433 affectati
2212 4376 2366 4444 regni
2400 4374 2818 4443 suspicionibus
2850 4372 3041 4437 fuisse,
3085 4388 3195 4442 quo
3240 4388 3304 4427 ex
3353 4373 3505 4428 fonte

1936 4472 2208 4524 malorum
2264 4466 2547 4527 omnium,
2591 4482 2711 4535 qua:
2766 4475 2896 4520 tunc
2942 4474 3027 4519 est
3080 4480 3293 4533 passus,
3328 4480 3507 4520 causa:

1939 4563 2219 4617 ﬂtixerint.
2254 4562 2322 4617 Ut
2345 4576 2475 4629 ergo
2514 4560 2682 4612 limen
2714 4558 2870 4626 quasi
2905 4568 3301 4627 praestruamus
3329 4558 3505 4612 histo~

1939 4656 2032 4710 rite
2065 4670 2226 4723 quam
2257 4652 2590 4705 illustratum
2637 4651 2803 4713 imus,
2843 4662 2966 4706 ante
2998 4651 3179 4704 omnia
3212 4650 3505 4704 elaboran-

1939 4748 2067 4803 dum
2120 4745 2278 4800 nobis
2322 4755 2406 4799 est
2454 4745 2506 4797 in
2543 4744 2930 4797 constituendo
2978 4748 3203 4813 prrecise
3238 4752 3503 4811 temrore,

1938 4854 2049 4907 quo
2073 4836 2238 4905 carpit
2272 4834 2600 4888 Theodorus
2628 4833 2875 4888 Lasearis
2909 4832 3105 4886 Junior
3133 4834 3371 4885 habenas
3399 4832 3505 4883 im—

1942 4928 2083 4998 perii
2130 4935 2387 4979 tractare.
2432 4921 2806 4993 Negligentius
2856 4922 2911 4975 in
2961 4922 3065 4975 hoc
3102 4922 3413 4976 deﬁniendo
3453 4930 3508 4976 et

1940 5018 2096 5089 quasi
2141 5016 2209 5071 de
2236 5031 2337 5070 suo
2368 5016 2592 5069 nomine
2626 5014 3117 5084 παχυμερέστερον
3148 5013 3315 5084 694
3356 5014 3509 5069 vide-

1942 5120 2034 5165 tur
2063 5120 2250 5163 noster
2281 5108 2577 5163 historicus
2594 5106 2903 5161 defunctus.
2934 5106 3044 5159 Sed
3077 5106 3341 5159 habemus
3368 5121 3509 5175 quos

1943 5200 2308 5254 adhibeamus
2370 5196 2622 5251 subsidio
2674 5195 2978 5263 locupletes
3034 5206 3290 5248 auctores
3326 5192 3504 5257 duos,

1941 5292 2235 5361 Georgium
2266 5288 2638 5357 AcrOpolitam
2671 5296 2726 5341 et
2755 5287 3126 5354 Nicephorum
3156 5284 3454 5352 Gregoram
3490 5299 3504 5337 :

1942 5398 2177 5455 quorum
2208 5382 2356 5450 prior
2383 5378 2828 5437 accuratissimus
2854 5386 2909 5430 et
2938 5390 3177 5446 praesens
3205 5375 3505 5441 inSpector,

1944 5492 2081 5546 quas
2118 5483 2325 5539 narrat,
2354 5488 2539 5527 rerum
2572 5487 2620 5525 c.
2656 5469 2724 5523 5'2
2755 5467 2891 5522 "ist.
2926 5468 3123 5536 prioris
3154 5482 3274 5535 pag.
3308 5464 3375 5519 56
3413 5465 3507 5523 ed.

1946 5566 2080 5635 Reg.
2127 5565 2207 5620 sic
2260 5563 2505 5618 scribit:
2556 5560 2871 5631 Ἐτεθνήκει
2929 5557 3183 5628 βαςιλεὺς
3256 5556 3511 5626 Ἰωάννης
