3992 6516
248 364 390 430 11η

1548 357 2213 421 CllllONOLOGlCUS.

3385 361 3520 428 1153

248 476 423 546 polita
457 472 672 536 scribit,
711 486 764 540 p.
800 472 865 526 57
896 487 909 523 ε
944 469 1229 538 Πὲφθακεν
1276 470 1301 521 ὁ
1332 471 1672 540 πετριὲιίχης
1712 470 1820 523 Ma-

1938 484 2005 519 et)
2051 467 2169 539 ipso
2204 469 2349 537 quod
2384 468 2854 538 prmsiguificalatt'i
2890 468 2979 523 illa
3010 468 3201 539 eciipsi
3228 469 3514 535 Theodori

246 570 413 639 νουὴλ
448 567 646 636 μικρόν
676 583 730 619 τι
780 564 873 618 τοῦ
918 565 1183 635 βασιλέως
1230 564 1483 618 Ἰωάννου
1536 564 1831 633 προτελευ-

244 664 432 727 τῆσαι·
482 658 704 713 Manuel
743 659 1050 729 patriarcha
1085 657 1248 729 paulo
1295 668 1422 711 ante
1452 656 1675 711 Joannis
1703 660 1829 710 Au-

242 756 387 826 gusti
417 761 639 807 mortem
669 752 984 803 decesserat.
1025 751 1388 805 Αςορςεεῐυηι
1412 748 1831 804 deliberationis

243 849 303 903 in
329 849 633 919 quaerendo
673 847 837 916 digno
885 861 1086 909 mone,
1135 856 1191 899 et
1222 854 1346 914 post
1395 844 1829 913 designationem

243 939 544 1009 Nicephori
599 940 917 994 Blemmida:
975 939 1140 1010 hujus
1194 938 1489 1002 recusatio,
1539 938 1643 992 sub
1687 938 1829 992 hanc

243 1032 591 1086 consultatio
626 1046 765 1085 nova
794 1049 808 1086 :
846 1043 898 1087 et
937 1042 1059 1098 post
1088 1033 1289 1085 multos
1318 1030 1596 1099 sigillatim
1621 1044 1828 1098 expen-

241 1137 374 1185 sos,
423 1123 519 1192 qui
569 1124 739 1177 variis
797 1122 866 1176 de
918 1123 1098 1176 causis
1154 1138 1262 1175 non
1310 1122 1637 1190 placuerunt
1684 1136 1827 1175 novo

241 1214 503 1286 principi,
555 1215 756 1270 electio
812 1215 1066 1268 monachi
1111 1215 1328 1268 Arsenii
1365 1194 1728 1283 evocatioque
1759 1229 1828 1268 ex

239 1305 589 1362 monasterio
622 1302 731 1359 sito
760 1304 827 1358 ad
861 1303 1240 1372 Apolloniadis
1271 1303 1473 1365 laeum,
1504 1301 1631 1356 inde
1661 1302 1826 1371 hujus

235 1414 529 1453 sacrorum
574 1398 833 1451 ordinum
872 1395 1119 1464 expertis
1158 1396 1395 1449 initiatio
1429 1411 1525 1463 per
1550 1394 1751 1462 gradus
1792 1402 1839 1448 a‘

236 1492 537 1546 diaconatu
571 1490 640 1545 ad
696 1488 1129 1558 patriarchatum
1175 1504 1283 1541 una
1339 1486 1681 1542 hebdomade
1727 1486 1826 1541 de-

237 1589 560 1650 properata.
612 1580 737 1634 llaec
786 1578 945 1633 facile
977 1587 1149 1633 totum
1180 1578 1548 1632 Novembrem
1582 1587 1822 1648 partem-

238 1687 353 1742 que
384 1671 706 1727 Decembris
729 1672 1139 1734 tenucruut,ita
1164 1679 1224 1723 ut
1252 1671 1534 1725 coronatio
1564 1670 1823 1725 solemnis

234 1762 372 1819 novi
428 1762 663 1833 Augusti
712 1779 812 1833 per
857 1778 1061 1816 novum
1102 1762 1472 1833 patriarcham
1539 1763 1643 1817 rite
1695 1779 1820 1832 per-

235 1857 453 1925 petrari
501 1855 594 1910 vix
632 1855 873 1925 potuerit
921 1865 1050 1910 ante
1091 1855 1230 1908 festa
1282 1852 1561 1919 Natalitia,
1608 1864 1663 1909 et
1692 1872 1814 1911 crc-

234 1947 414 2002 dibiie
447 1957 537 2003 est
565 1949 685 2016 ipso
736 1946 944 2001 Christi
985 1946 1183 2008 Natali,
1218 1961 1329 2014 quo
1362 1945 1451 2000 die
1484 1948 1819 2015 auspicatior

235 2040 476 2107 reperiri
512 2038 655 2094 alius
679 2039 960 2109 nequiret,
1001 2054 1213 2094 sacram
1239 2038 1398 2093 istam
1430 2041 1818 2096 cacremoniam

234 2142 544 2202 peractam.

309 2225 403 2282 IV.
436 2225 533 2279 llis
584 2226 657 2279 ita
711 2225 927 2295 positis,
960 2239 1083 2293 qure
1135 2224 1336 2294 partim
1386 2225 1697 2281 certissima
1733 2225 1819 2281 di-

235 2327 393 2372 serta
446 2316 833 2373 testificatione
891 2314 1225 2387 Acmpolita-
1284 2324 1414 2371 tunc
1481 2316 1717 2372 viventis
1764 2328 1820 2371 et

235 2409 536 2477 pnesentis
588 2423 652 2463 ac
711 2408 968 2477 Cregora:
1025 2408 1462 2477 compertissinia
1510 2424 1575 2463 ex
1613 2412 1818 2466 retenti

235 2500 515 2553 memoria
551 2499 865 2560 scribentis,
901 2502 1132 2568 partim,
1165 2501 1310 2570 quod
1354 2501 1552 2555 attinet
1589 2501 1654 2555 ad
1707 2501 1821 2556 cir.

235 2592 643 2647 cumstantiam
703 2593 813 2648 diei
876 2593 1081 2648 Christi
1154 2593 1361 2649 Natalis
1418 2594 1485 2649 ad
1544 2594 1819 2651 Theodori

235 2684 658 2739 Coronationem
706 2687 902 2751 electi,
973 2686 1026 2740 in
1068 2686 1290 2741 silentio
1354 2689 1685 2756 scriptorum
1752 2705 1818 2744 ex

234 2777 385 2831 serie
440 2777 676 2831 naturali
739 2792 925 2831 rerum
983 2778 1383 2831 verisimiliima
1444 2790 1594 2841 sunt,
1647 2779 1813 2834 oiIert

234 2870 406 2925 nobis
452 2871 676 2940 quidam
737 2871 943 2940 alioqui
993 2872 1386 2940 perintricatus
1440 2882 1496 2926 et
1548 2873 1821 2930 obscurus

233 2961 596 3032 Pachymeris
628 2963 805 3018 nostri
850 2964 1003 3018 locus
1030 2958 1379 3018 occasionem
1411 2965 1636 3018 minimc
1661 2980 1817 3034 sper-

231 3052 479 3108 nendam
525 3053 860 3124 insigniendi
921 3055 1206 3109 luculento
1251 3055 1464 3108 caelesti
1494 3055 1820 3111 charactere

1934 569 2167 613 mortem
2226 561 2460 624 asserit;
2499 561 2563 613 ad
2618 560 2765 630 quod
2840 577 3066 617 necesse
3113 562 3218 615 fuit
3263 564 3514 633 eclipsim

1934 661 2111 706 morte
2166 651 2333 707 fuisse
2373 653 2637 722 priorem.
2690 652 2922 707 Errandi
2983 656 3330 709 occasionem
3376 655 3515 711 viris

1933 740 2084 796 hisce
2121 743 2333 813 magnis
2368 744 2730 814 Pachymeres
2775 744 3013 813 praebuit
3050 745 3423 814 perfunctorie
3449 761 3515 801 ac

1931 836 2190 905 perplexe
2241 834 2544 905 deliquium
2601 837 2744 889 istud
2795 838 2927 892 solis
2985 853 3321 903 memorans,
3372 839 3495 894 sine

1931 936 2079 981 certa
2121 928 2273 994 anni,
2310 928 2538 994 mensis,
2587 927 2721 993 dici,
2744 929 2887 982 utin
2919 929 3004 983 his
3035 931 3254 995 assolet,
3296 931 3509 985 iudica-

1934 1019 2107 1083 tione,
2136 1022 2267 1089 quin
2313 1023 2477 1075 etiam
2508 1023 2692 1077 alieno
2739 1022 2794 1075 id
2845 1023 2967 1077 loco
3003 1024 3272 1086 referens,
3317 1034 3371 1079 et
3418 1026 3512 1095 ju-

1931 1118 2071 1164 stam
2097 1110 2369 1180 objiciens
2406 1113 2607 1181 legenti
2640 1130 2858 1168 causam
2892 1115 3154 1183 opinandi
3198 1115 3330 1168 illud
3369 1132 3509 1184 pau-

1929 1204 2010 1257 cis
2036 1203 2233 1258 diebus
2264 1213 2563 1273 antequam
2593 1206 2920 1259 Theodorus
2960 1217 3269 1260 moreretur
3305 1208 3505 1275 visum,

1928 1308 2053 1347 cum
2087 1292 2314 1349 aliunde
2350 1309 2693 1365 Cotnpcrtttm
2734 1298 2805 1350 sit
2842 1299 3046 1350 nullam
3089 1306 3201 1351 toto
3232 1298 3325 1351 illo
3357 1314 3507 1353 anno

1930 1389 2087 1452 1239,
2121 1406 2231 1459 quo
2277 1401 2429 1445 certo
2461 1401 2680 1446 constat
2722 1390 2925 1444 obiis‘se
2975 1391 3347 1457 Theodorum,
3377 1392 3511 1446 solis

1925 1484 2174 1552 eclipsim
2199 1484 2393 1539 Niczeze
2423 1494 2515 1537 aut
2569 1484 2703 1539 locis
2746 1485 2992 1537 finitimis
3033 1484 3207 1538 videri
3243 1486 3507 1553 potuisse.

1927 1576 2108 1641 Quare
2150 1592 2258 1630 non
2292 1577 2570 1631 immerito
2605 1577 2809 1629 Sethus
2841 1576 3114 1631 Calvisius
3163 1577 3216 1630 in
3260 1579 3512 1633 Chrono-

1927 1670 2066 1739 logia
2112 1669 2383 1725 \‘i’olfiana
2421 1687 2564 1725 anuo
2598 1671 2802 1723 Christi
2850 1671 2982 1724 19.35
3031 1670 3383 1741 Pachyuseris
3416 1688 3512 1725 ex-

1925 1773 2111 1832 cerpta
2154 1763 2274 1817 falsi
2318 1764 2517 1831 arguit,
2548 1778 2669 1831 que
2708 1763 3065 1831 reprehensio
3094 1764 3223 1827 etsi,
3259 1773 3317 1816 ut
3342 1764 3508 1818 modo

1921 1856 2153 1919 fatebar,
2180 1856 2358 1925 ipsum
2398 1858 2748 1925 amplectitur
2777 1856 3190 1926 Pachymerem,
3221 1865 3402 1909 tamen
3438 1871 3509 1909 ne

1926 1948 2119 2018 iujusti
2159 1948 2353 2014 simus,
2384 1959 2593 2017 partem
2644 1949 2764 2017 ejus
2803 1948 2901 2017 ipsi
2941 1963 3162 2017 quoque
3206 1962 3362 2001 suam
3413 1946 3511 2001 de-

1922 2042 2120 2097 bemus
2149 2042 2349 2097 Woliio
2394 2058 2707 2112 aspergere,
2755 2044 2846 2111 qui
2888 2043 2981 2095 sub
3018 2043 3212 2095 obitum
3248 2040 3508 2096 Theodori

1921 2132 2190 2189 defecisse
2228 2134 2397 2188 solem
2428 2134 2495 2188 de
2527 2150 2625 2188 suo
2676 2134 2897 2203 adjecit.
2935 2148 3061 2187 cum
3117 2132 3170 2186 id
3204 2133 3509 2204 Pachyme-

1922 2241 2013 2280 res
2057 2241 2165 2279 non
2202 2225 2513 2295 scripserit.
2545 2228 2678 2281 Nam
2717 2228 2862 2296 quod
2905 2243 2969 2282 ex
3004 2228 3293 2282 occasione
3318 2227 3506 2287 obitus

1923 2318 2200 2373 Theodori
2230 2319 2543 2373 meminerit
2578 2320 2891 2375 istiusmodi
2933 2318 3151 2388 eclipsis
3175 2360 3189 2384 ,
3228 2319 3352 2388 quis
3393 2335 3505 2374 non

1922 2409 2074 2465 videt
2123 2426 2287 2480 quam
2342 2410 2620 2466 infirmum
2677 2420 3062 2481 argumentum
3112 2410 3184 2464 sit
3238 2410 3502 2480 opinandi

1921 2521 2039 2561 eam
2072 2515 2202 2561 tunc
2229 2505 2443 2561 visam?

1995 2597 2059 2653 Υ.
2093 2599 2201 2669 Ego
2233 2615 2363 2653 vero
2391 2598 2519 2652 dum
2544 2607 2796 2653 c:eteram
2840 2597 3077 2652 indolem
3123 2596 3378 2667 lucifuga:
3410 2613 3507 2652 cu-

1918 2694 2160 2768 jusdam,
2223 2690 2553 2760 ambagiosa:
2602 2707 2665 2745 ac
2719 2690 3399 2764 σκοτοδασυπυκνότριχος,
3444 2700 3505 2745 ut

1919 2788 2170 2844 Gelliano
2203 2793 2260 2839 et
2300 2783 2703 2852 Aristophaneo
2734 2783 2918 2837 verbis
2950 2792 3092 2854 utar,
3121 2782 3505 2852 Pachymeria-

1922 2895 2005 2934 me
2038 2878 2295 2934 dictionis
2343 2877 2550 2945 cogito,
2587 2877 2827 2944 dumque
2863 2883 3128 2945 praetcrea
3161 2886 3341 2928 tuente
3387 2890 3503 2928 am-

1921 2972 2114 3041 plexus
2153 2967 2317 3023 simul
2359 2975 2553 3022 cuncta
2585 2981 2705 3034 qua:
2733 2965 2826 3020 hic
2867 2964 3185 3018 referuntur
3220 2963 3498 3032 sigillatim

1921 3078 2159 3131 expensa
2207 3060 2428 3134 colligo,
2478 3059 2615 3111 mihi
2651 3058 2843 3113 videor
2879 3056 3315 3111 animadvertere
3353 3057 3498 3112 imii—

230 3147 477 3203 frontcm
509 3146 653 3202 hanc
707 3147 876 3216 ipsam
923 3157 980 3199 et
1024 3146 1179 3215 quasi
1213 3146 1500 3213 capitalem
1553 3147 1818 3217 cpocham
1848 3171 1890 3226 ε
1925 3155 2026 3212 ciis
2064 3152 2204 3207 haud
2247 3153 2401 3207 vanis
2447 3152 2685 3205 voluisse
2736 3162 2985 3204 nostrum
3035 3148 3358 3203 historicum
3385 3149 3500 3203 sal-

230 3235 407 3308 hujus
430 3252 597 3306 quam
625 3236 844 3292 edimus
877 3236 1144 3291 historiae.
1177 3234 1336 3290 Ponit
1368 3244 1563 3291 auctor
1603 3248 1814 3301 noster,

227 3332 263 3388 Ι.
303 3346 345 3392 ι.
378 3345 435 3385 c.
468 3330 559 3391 l3.
584 3330 698 3385 haec
734 3330 850 3399 ipsa
882 3329 1040 3399 plane
1063 3328 1232 3384 verba
1259 3329 1327 3383 de
1358 3328 1595 3398 quadam
1628 3331 1819 3400 eclipsi

230 3425 373 3479 solis
399 3440 522 3494 quin
558 3423 836 3477 Theodori
892 3434 1280 3493 prmmaturum
1341 3423 1553 3477 obitum
1614 3440 1819 3495 praesa-

227 3517 447 3587 gierit:
486 3516 553 3569 Ὃ
603 3514 669 3584 δὴ
712 3516 807 3567 καὶ
856 3516 1211 3585 προεσήμανέ
1266 3532 1318 3567 τι
1368 3517 1625 3583 σημεῖονο
1669 3514 1820 3586 ἥλιος

230 3610 351 3679 γὰρ
383 3608 692 3661 ἐκλελοίπει
720 3607 806 3676 ἐφ’
838 3606 992 3676 ὥραν
1026 3607 1221 3678 τρίτην
1266 3607 1363 3676 τῆς
1396 3606 1561 3678 ἕκτης
1584 3608 1815 3678 ἡμέρας,

230 3704 330 3754 καὶ
366 3699 504 3769 βαθὺ
536 3698 726 3762 σκότος
754 3699 812 3751 τὸ
838 3700 944 3752 πᾶν
971 3699 1313 3767 κατειλήφει,
1348 3698 1490 3752 ὥστε
1523 3700 1616 3753 καὶ
1641 3699 1819 3770 ἄστρα

228 3793 476 3864 φανῆναι
508 3790 634 3846 κατ’
687 3792 942 3861 οὐρανόν.
993 3792 1102 3845 Καὶ
1131 3791 1193 3862 δὴ
1244 3790 1553 3861 ἁρπάζεται
1584 3794 1677 3843 καὶ
1712 3791 1817 3861 πρὸ

230 3883 386 3953 ὥρας
418 3883 560 3953 ἀνὴρ
593 3882 891 3953 βασιλικῶς
945 3883 1044 3952 μὲν
1096 3883 1190 3936 καὶ
1244 3883 1521 3954 γεννηθεὶς
1556 3883 1651 3937 καὶ
1685 3901 1817 3954 τρα-

229 3978 379 4044 φείς,
414 3983 524 4030 etc.
562 3976 687 4029 Haec
720 3975 787 4030 ad
812 3974 1042 4030 verbum
1069 3974 1559 4043 scrupulosissima
1601 3974 1704 4030 fide
1737 3976 1818 4030 sic

232 4070 432 4124 Latine
485 4075 732 4122 sonant:
771 4068 855 4141 [Ρ.
911 4066 1045 4138 491]
1082 4065 1235 4131 Quod
1293 4075 1341 4118 et
1387 4066 1818 4137 prtesiyniﬁcatit

227 4163 450 4232 signum
496 4160 785 4230 quoddam.
838 4157 932 4214 Sol
992 4160 1131 4213 enim
1183 4158 1444 4227 defecerat
1505 4159 1575 4212 ad
1632 4160 1819 4214 horam

228 4254 448 4310 tertiam
483 4262 642 4307 sexta:
675 4252 803 4317 diei,
850 4262 899 4305 et
949 4253 1126 4305 densa:
1168 4251 1395 4306 tenebra:
1434 4260 1624 4306 cuncta
1674 4269 1820 4306 com-

228 4344 650 4417 prehenderant,
681 4343 809 4397 adeo
838 4351 893 4396 ut
925 4349 1250 4413 apparerent
1292 4339 1460 4395 stella:
1491 4357 1584 4410 per
1608 4339 1813 4396 caelum.

228 4440 432 4510 Itaque
457 4438 767 4509 prteripitur
796 4435 988 4489 acerba
1024 4443 1189 4488 morte
1224 4435 1301 4488 vir
1329 4435 1468 4504 regie
1517 4436 1727 4505 quidem
1768 4443 1817 4489 et

1924 3258 2032 3302 tem
2077 3247 2310 3300 obscure
2354 3246 2610 3306 innuere,
2661 3243 2706 3297 si
2741 3242 2925 3295 minus
2976 3241 3123 3294 clare
3177 3240 3498 3309 praedicare,

1921 3339 2224 3408 deliquium
2261 3338 2461 3399 scilare,
2506 3342 2655 3406 quod
2693 3336 2797 3389 hoc
2835 3336 2951 3389 loco
2994 3342 3283 3399 memorat,
3339 3332 3499 3403 longe

1922 3441 2050 3486 ante
2082 3432 2187 3485 hoc
2227 3440 2471 3499 tempus,
2517 3430 2570 3483 in
2603 3444 2712 3497 quo
2764 3428 3040 3482 narrando
3077 3438 3346 3486 versatur.
3402 3442 3501 3496 pa-

1924 3534 2126 3579 tratum
2161 3532 2215 3577 et
2260 3532 2565 3592 spectatum
2598 3521 2788 3575 fuisse.
2832 3521 3230 3586 Argumentum
3267 3518 3346 3572 sic
3376 3533 3501 3573 sen-

1922 3616 2096 3673 tiendi
2130 3617 2367 3686 primum
2395 3630 2553 3668 sumo
2587 3630 2652 3667 ex
2685 3613 3219 3681 plusqumnperfccto
3251 3621 3499 3679 tempore

1920 3707 2067 3778 quod
2101 3709 2156 3762 in
2180 3706 2351 3761 verbo
2386 3704 2469 3761 bis
2496 3704 2737 3768 affectat,
2768 3718 2877 3756 non
2906 3703 3156 3757 scribens
3189 3702 3500 3753 ἐκλέλοιπεν

1919 3800 2090 3870 ἥλιος,
2128 3796 2224 3852 sed
2260 3792 2583 3859 ἐκλελοίπει,
2608 3803 2662 3847 et
2690 3796 2873 3847 statim
2907 3801 3050 3864 post,
3075 3795 3266 3853 σκότος
3296 3792 3354 3843 τὸ
3386 3793 3499 3844 πᾶν

1920 3886 2238 3954 κατείληφε,
2273 3884 2367 3939 sed
2410 3884 2755 3951 κατειλήφει.
2811 3882 3108 3955 Defecerat,
3162 3884 3357 3952 inquit.
3393 3882 3495 3947 sol,

1919 3991 2029 4033 non
2062 3986 2245 4031 autem
2278 3984 2398 4028 tunc
2431 3973 2658 4042 defecit;
2694 3981 2749 4028 et
2784 3973 3025 4026 tenebrae
3052 3971 3303 4025 universa
3336 3972 3503 4025 obdu-i

1917 4076 2131 4142 sterant,
2169 4066 2340 4120 multo
2385 4065 2595 4119 scilicet
2640 4066 2815 4134 prius.
2855 4079 2962 4117 non
3007 4073 3189 4118 autem
3240 4072 3363 4116 tunc
3410 4064 3501 4119 ob-

1920 4160 2203 4213 duxerunt.
2235 4156 2389 4224 Quod
2419 4156 2460 4209 si
2501 4156 2623 4225 quis
2653 4166 2859 4225 qumrat
2889 4155 3078 4223 quanti
3113 4153 3379 4223 temporis
3411 4154 3500 4208 in-

1921 4250 2211 4305 tervallum
2264 4249 2380 4303 hcce
2419 4248 2589 4302 verbo
2642 4246 2878 4300 indicata
2913 4244 3202 4315 prweessio
3233 4243 3498 4319 postulet,

1921 4353 2140 4413 reputet
2172 4357 2420 4411 quasnam
2454 4350 2648 4395 eventa
2687 4339 3011 4408 prazsignata
3039 4338 3209 4391 fuisse
3238 4339 3343 4392 isto
3371 4353 3501 4407 por-

1922 4445 2074 4492 tento
2127 4444 2318 4490 auctor
2348 4442 2590 4489 censeat.
2631 4431 2775 4486 Satis
2821 4430 2941 4485 fuse
2987 4446 3051 4485 ac
3085 4429 3343 4485 distincte
3377 4446 3502 4500 per-

230 4542 401 4592 natus
431 4539 479 4583 et
511 4531 785 4592 educatus,
814 4538 921 4583 etc.
956 4524 1080 4580 llgcc
1110 4526 1166 4581 in
1190 4537 1451 4595 excerpta
1482 4541 1579 4580 sua
1611 4527 1819 4599 Paehy-
1844 4511 1897 4574 Ῑ)
1922 4536 2146 4584 secutus
2185 4528 2326 4581 mala
2376 4541 2497 4596 quae
2540 4524 2818 4579 Theodori
2854 4522 3222 4593 principatum
3279 4522 3503 4578 infesta.

230 4623 488 4679 meriana
533 4636 839 4692 congerens
869 4617 1102 4674 Wolfius
1127 4617 1208 4671 sic
1247 4617 1407 4672 effert
1441 4632 1455 4670 :
1483 4616 1590 4673 Sub
1617 4621 1817 4675 obitum

231 4714 497 4771 Theodori
517 4712 765 4768 Lascaris
784 4721 932 4765 sexto
958 4711 1040 4763 die
1069 4707 1149 4762 sol
1177 4725 1269 4780 per
1296 4710 1482 4763 harant
1509 4710 1817 4767 obscurata:

229 4815 333 4874 est,
371 4805 700 4876 tenebra‘que
736 4812 1053 4871 operuerunt
1089 4802 1290 4867 omnia,
1331 4803 1461 4855 adeo
1494 4803 1741 4859 utstclla:
1765 4806 1819 4858 in

232 4899 367 4956 caelo
402 4907 748 4969 apparerent.
781 4895 1055 4951 Henricus
1078 4894 1408 4963 Spondanus
1438 4894 1494 4948 in
1527 4897 1821 4951 continua-

232 4992 392 5046 tione
455 4987 748 5041 Annalium
791 4985 1007 5041 Baronii
1073 4984 1140 5037 ad
1193 4998 1323 5040 ann.
1356 4983 1520 5049 ηδε),
1550 5002 1703 5040 num.
1735 4988 1819 5057 l3,

231 5082 433 5140 scribit
466 5081 568 5137 sub
596 5082 805 5135 obitum
849 5076 1125 5131 Theodori
1170 5075 1421 5130 Lascaris
1450 5077 1695 5134 Junioris
1720 5090 1820 5139 ζεο-

233 5175 341 5228 lem
377 5189 471 5243 per
519 5174 709 5225 lteram
753 5170 1088 5223 obscuratum
1144 5184 1273 5229 esse,
1307 5169 1380 5220 ita
1437 5180 1490 5221 ut
1516 5169 1684 5224 stelite
1724 5190 1821 5242 ap-

233 5272 512 5336 parerent.
546 5262 792 5333 Sumpsit
825 5260 878 5315 id
908 5261 1167 5314 nimirum
1211 5276 1275 5312 ex
1301 5259 1517 5315 Wolfio.
1551 5261 1821 5319 Odoricus

234 5353 545 5410 Rainaldus
594 5366 748 5406 num.
796 5351 863 5405 Si
904 5364 1037 5405 ann.
1070 5347 1231 5413 12ῗὶ9,
1260 5359 1494 5404 mortem
1532 5351 1815 5410 Theodori

237 5452 516 5517 referens,
569 5448 817 5521 ejusdem
867 5446 1121 5502 meminit
1160 5445 1413 5512 eclipsis,
1451 5460 1613 5514 quam
1665 5452 1818 5503 sexto

236 5548 308 5603 ab
352 5546 477 5617 ejus
532 5543 686 5598 obitu
731 5542 820 5596 die
861 5539 1158 5611 contigisse
1193 5536 1356 5608 697
1388 5536 1486 5599 ait,
1533 5547 1815 5593 auctorem

238 5637 477 5698 laudans
512 5635 927 5705 Pachymerem.
957 5633 1025 5687 At
1053 5632 1161 5694 hic,
1187 5630 1317 5683 licet
1355 5627 1464 5682 dici
1498 5640 1664 5684 sexta:
1702 5647 1817 5687 tne-

242 5731 488 5792 minerit,
526 5727 670 5781 haud
710 5737 890 5780 tamen
942 5740 1063 5779 eam
1117 5720 1515 5775 numerandum
1564 5722 1703 5781 dixit
1751 5726 1820 5780 ab

236 5825 395 5883 obitu
447 5820 746 5887 Theodori,
785 5818 877 5874 sed
924 5818 1109 5890 potius
1151 5814 1417 5874 iudicavit
1451 5819 1819 5883 contrarium,

1923 4628 2076 4683 runt,
2108 4617 2365 4677 morbum
2397 4633 2566 4687 prope
2599 4616 2947 4678 continuum,
2973 4614 3318 4683 suspiciones
3345 4630 3502 4671 acres

1921 4724 1977 4770 et
2025 4713 2275 4780 miseras,
2315 4710 2657 4765 aversianem
2696 4709 3008 4780 principum
3044 4707 3111 4762 ab
3143 4709 3283 4778 ipso,
3314 4707 3502 4762 brevi-

1925 4812 2091 4860 tatem
2120 4804 2281 4874 spatii
2318 4800 2606 4857 educendo
2642 4800 2695 4852 in
2738 4800 3021 4853 robustam
3053 4807 3265 4852 tctatcm
3297 4796 3501 4851 literedi

1921 4895 2100 4952 locum
2132 4904 2444 4966 negantem,
2479 4902 2675 4963 praeter
2719 4902 2944 4945 caeteros
2983 4890 3351 4942 tumultuosos
3379 4903 3501 4941 mo-

1926 4997 2013 5043 tus
2058 4988 2423 5043 rebellionum
2464 4994 2520 5040 et
2573 4983 2841 5037 bellorum
2876 4990 2990 5035 toto
3041 4980 3134 5033 illo
3183 4996 3285 5033 nec
3337 4983 3499 5048 pleno

1924 5078 2288 5152 quadriennio
2336 5092 2553 5148 semper
2593 5074 2837 5142 undique
2894 5071 3282 5143 coorientium,
3321 5079 3500 5125 totum

1924 5173 1977 5228 id
2031 5170 2459 5226 infortuniorum
2496 5176 2700 5223 textum
2752 5164 2979 5218 relativo
3006 5163 3033 5216 ὃ
3058 5161 3369 5232 indigitavit
3398 5161 3501 5217 Pa-

1924 5267 2228 5337 cbymeres,
2260 5264 2390 5316 dum
2426 5260 2617 5314 scribit
2648 5258 2753 5328 ὃδὴ
2786 5259 2878 5311 καὶ
2899 5256 3268 5326 προεσήμανε,
3294 5255 3429 5325 quod
3454 5262 3503 5307 et

1922 5352 2377 5435 prtesigniﬁcavit.
2408 5350 2544 5406 Cum
2582 5365 2713 5403 vero
2742 5348 2812 5401 sit
2837 5345 3187 5400 manifestum
3222 5345 3505 5417 prazsigni‘!

1926 5448 2236 5503 iicationem
2262 5442 2574 5499 necessario
2617 5442 2955 5496 anteriorem
2985 5455 3107 5493 esse
3140 5454 3197 5494 re
3221 5438 3506 5509 praesigni-

1929 5541 2107 5603 licata,
2139 5538 2263 5607 quis
2307 5551 2415 5587 non
2452 5532 2708 5602 ἰιιῑρῐιὲεἱι
2742 5533 3054 5601 oportuisse
3107 5531 3322 5601 signqu
3356 5529 3503 5591 istud

1927 5634 2073 5688 circa
2104 5630 2216 5697 ipsa
2248 5624 2459 5697 imperii
2490 5623 2761 5677 Theodori
2782 5622 2949 5694 698
2977 5623 3245 5693 principia
3277 5634 3508 5693 conspc,

1926 5724 2116 5780 ctum?
2140 5718 2277 5787 Quid
2316 5719 2402 5772 illa
2440 5730 2602 5773 sex'ze
2638 5715 2745 5771 diei
2780 5716 2986 5769 mentio
3012 5717 3033 5768 '3
3059 5715 3250 5771 Nonne
3283 5716 3506 5770 ενὶίιεηφ

1929 5826 2011 5873 ter
2050 5813 2218 5885 exigit
2248 5811 2518 5880 insignem
2558 5811 2797 5887 aliquam
2832 5808 2976 5864 unde
3008 5818 3331 5871 numeretur
3373 5823 3505 5882 ερον
