3992 6526
514 378 646 441 115)
1430 377 1496 436 Ρ.
1534 372 1844 436 POSSINI
1877 370 2533 434 OBSERVATIONUM
2573 370 2715 432 LIB.
2761 371 2878 431 III.
3595 370 3713 435 1150

500 489 701 547 cham?
730 489 805 545 Ea
837 504 1000 561 porro
1028 504 1151 545 cum
1175 487 1452 544 Theodori
1478 503 1627 543 mors
1658 502 1779 542 esse
1808 501 1919 542 non
1951 500 2076 556 pos—
2106 497 2150 546 Α
2179 482 2373 539 berum
2407 482 2633 538 errandi
2690 482 2872 537 locum
2923 471 3053 537 facit
3098 496 3266 553 quam
3308 480 3559 537 docendae
3593 485 3717 540 veri-

502 584 596 647 sit,
623 585 823 653 quippe
855 598 977 653 qua:
1000 580 1406 653 prmsignilicari
1429 581 1583 651 signo
1618 572 1893 650 posterius
1921 579 2074 634 edito

503 672 844 743 nequiverit,
879 682 1049 728 restat
1074 685 1130 727 Ill
1164 674 1420 744 ejusdem
1483 672 1748 727 solemnis
1780 670 2074 739 inaugura-

507 768 584 821 tio
620 765 972 837 intelligenda
1006 767 1099 831 sit,
1135 767 1332 831 Natali,
1368 777 1425 820 ut
1455 766 1715 825 diximus.
1740 762 1968 826 Christi,
2006 762 2079 817 25

506 831 828 913 Decembris
875 858 965 914 die
1015 858 1142 913 anni
1203 859 1339 913 1255
1389 858 1682 913 celebrata.
1720 855 1788 910 Et
1833 868 2077 908 commo-

505 948 635 1002 dum
679 950 746 1003 ah
777 949 879 1003 isra
911 949 1024 1018 ipsa
1075 949 1165 1005 die
1217 965 1339 1020 qua:
1381 957 1533 1003 sexta
1568 947 1769 1010 illuxit,
1801 944 2076 999 tricesima

506 1040 828 1096 Decembris
877 1042 974 1095 illo
1023 1041 1223 1096 eodem
1277 1056 1423 1095 anno
1484 1040 1617 1095 1255
1674 1046 1730 1094 et
1785 1036 1919 1092 feria
1972 1035 2080 1091 fuit

505 1131 721 1200 quinta,
752 1148 876 1187 cum
910 1132 1003 1185 illo
1034 1132 1228 1187 eodem
1263 1148 1407 1188 anno
1438 1120 1650 1201 periodi
1684 1128 1911 1185 Julianae
1940 1125 2079 1182 5968

506 1224 689 1294 cyclus
718 1226 850 1280 solis
872 1225 926 1286 4,
945 1222 1037 1298 [.P.
1066 1224 1206 1297 192]
1236 1226 1416 1279 littera
1446 1221 1797 1279 Dominicalis
1818 1220 1858 1275 C
1886 1218 2076 1285 fuerit,

506 1315 618 1377 die,
653 1315 897 1385 inquam,
934 1315 1004 1370 50
1037 1317 1374 1381 Decembris,
1396 1315 1435 1370 νϐ
1465 1331 1495 1370 a
1522 1314 1874 1370 coronationc
1904 1312 2083 1367 Theo-

488 1407 627 1460 tdori
664 1423 828 1462 manu
875 1410 1087 1463 Arsenii
1135 1408 1462 1479 patriarchae
1524 1406 1578 1461 in
1634 1405 1867 1462 ecdesia
1915 1403 2077 1471 facta,

506 1514 653 1553 anno
684 1499 842 1564 1255,
870 1501 1098 1570 eclipsis
1146 1501 1278 1557 solis
1321 1502 1437 1555 visa
1492 1499 1686 1555 Nicaeae
1733 1495 1927 1568 ingens
1972 1503 2078 1559 est,

508 1589 700 1643 eadem
743 1591 878 1645 hora
906 1607 1070 1662 quam
1110 1592 1320 1647 notavit
1354 1592 1715 1663 Pachymeres
1744 1596 1873 1660 post
1918 1585 2084 1642 meri-

509 1680 654 1735 diem
710 1686 895 1747 tertia,
944 1699 1066 1738 cum
1112 1683 1357 1739 tenebris
1387 1681 1731 1741 densissimis
1776 1686 1893 1735 toto
1931 1693 2080 1743 aere,

2183 576 2278 631 tati
2314 576 2459 630 viam
2499 575 2758 631 occludit.

2252 669 2316 723 ll.
2346 670 2738 735 Quamobrem,
2783 678 2844 723 ut
2892 668 2946 723 in
2997 668 3084 725 his
3137 668 3378 724 tenebris
3430 670 3519 723 lus
3557 669 3718 739 aliqua

2180 763 2451 828 veritatis,
2508 762 2554 816 si
2590 777 2711 830 quae
2763 763 2915 826 insit,
2964 771 3317 833 agnoscatur,
3374 771 3499 817 ante
3554 765 3717 819 omnia

2180 857 2627 940 constituendum
2661 874 2771 927 quo
2801 874 2947 913 anno
2970 865 3027 914 et
3067 875 3179 928 quo
3210 857 3340 912 anni
3375 869 3610 928 tempore
3651 859 3720 914 vi~

2172 949 2340 1016 veudi
2385 949 2543 1004 fluent
2571 951 2764 1005 fecerit
2799 952 3097 1021 imperator
3125 952 3172 1005 is
3203 951 3272 1005 de
3307 967 3417 1020 quo
3444 950 3717 1021 Pachyme-

2180 1058 2270 1099 res
2309 1044 2399 1099 hic
2431 1044 2561 1113 agit.
2615 1045 2807 1098 Facem
2861 1045 3085 1115 praefert
3114 1045 3244 1100 huic
3274 1045 3516 1100 historia.-
3552 1045 3723 1100 obscu-

2181 1137 2332 1192 ritati
2366 1136 2633 1207 Georgius
2662 1138 2981 1207 Aempolita
3013 1154 3061 1194 c.
3104 1137 3192 1201 52,
3232 1146 3427 1193 auctor
3458 1146 3720 1192 accuratus

2181 1237 2238 1283 et
2269 1228 2495 1293 nobilis,
2531 1230 2627 1299 qui
2681 1244 2893 1284 summa
2926 1230 3211 1300 diligentia
3259 1245 3351 1285 res
3376 1230 3459 1284 sui
3492 1230 3722 1297 temporis

2184 1320 2354 1375 certis
2383 1321 2531 1375 notis
2561 1321 2716 1391 quasi
2752 1323 2901 1377 veris
2927 1322 3211 1378 coloribus
3233 1321 3354 1393 pari
3378 1321 3640 1393 elegantia
3668 1335 3722 1377 ac

2185 1411 2291 1467 fide
2326 1411 2594 1482 depinxit.

2259 1503 2308 1557 ls
2341 1517 2474 1571 ergo
2518 1511 2752 1560 mortem
2802 1503 3040 1560 duorum
3087 1505 3486 1575 imperatorum
3528 1503 3723 1559 Joannis

2185 1593 2349 1651 Ducat
2383 1604 2439 1650 et
2474 1594 2748 1652 Theodori
2801 1596 3049 1652 Lasearis
3078 1597 3174 1653 ﬁlii
3201 1598 3322 1668 ejus
3363 1596 3438 1651 ita
3470 1596 3722 1661 describit,

2186 1693 2248 1740 ut
2283 1701 2489 1741 annum
2536 1694 2595 1743 et
2644 1687 2775 1743 anni
2827 1703 3073 1743 mensem
3126 1688 3277 1743 clare
3326 1686 3611 1758 exprimat.
3651 1685 3725 1741 Ait

507 1780 565 1826 et
591 1774 930 1843 apparitione
970 1774 1253 1829 stellarum
1302 1773 1356 1828 in
1383 1774 1544 1835 coelo,
1593 1781 1657 1827 ut
1687 1777 1835 1841 patet
1869 1786 1937 1824 ex
1963 1770 2084 1839 ejus
2117 1838 2148 1843 λ
2178 1774 2334 1830 enim
2365 1775 2434 1829 de
2468 1775 2703 1843 Joanne,
2738 1777 2943 1832 ohiisse
2989 1776 3139 1832 illum
3181 1778 3331 1832 diem
3362 1786 3650 1832 extremum
3675 1792 3723 1832 ut

513 1864 742 1935 deliquii
778 1867 1138 1923 exactissimis
1173 1865 1422 1931 caleuiis,
1464 1881 1601 1936 quos
1651 1864 1905 1934 sequenti
1956 1876 2085 1916 mox

513 1958 696 2028 capite
727 1959 1004 2016 dabimus.
1034 1959 1227 2015 Totam
1260 1960 1401 2015 hanc
1430 1957 1800 2029 conjecturam
1829 1971 1893 2012 ac
1920 1956 2087 2011 ratio-

514 2051 843 2107 cinationem
875 2068 944 2109 eo
973 2052 1144 2124 pluris
1174 2053 1314 2109 facio
1368 2052 1513 2123 quod
1558 2051 1662 2106 uni
1717 2050 1923 2121 ingenii
1978 2064 2086 2102 non

514 2152 622 2199 est.
663 2144 799 2199 Cum
843 2146 990 2200 enim
1043 2145 1255 2203 diﬂisus
1301 2145 1548 2201 facultati
1584 2159 1718 2200 mea:
1757 2144 1908 2199 viros
1950 2142 2089 2197 duos

513 2237 650 2291 mihi
703 2238 1068 2295 amicissimos
1110 2249 1164 2294 et
1215 2239 1565 2295 astronomiae
1600 2236 1967 2309 peritissimos
2020 2235 2089 2291 de

515 2328 619 2382 hac
637 2329 831 2399 eclipsi
858 2331 1283 2398 consuluissem,
1312 2332 1577 2387 Joannem
1614 2330 1909 2401 Baptistam
1962 2329 2088 2384 Ric-

515 2421 718 2476 ciolum
748 2430 803 2477 et
823 2423 1084 2479 Jaeohum
1113 2422 1416 2490 Grautami,
1438 2427 1599 2479 ambo
1629 2432 2009 2481 convenerunt
2035 2421 2090 2477 in

518 2512 838 2569 afﬁrmando
861 2516 1068 2570 nullam
1095 2532 1238 2572 anno
1269 2516 1474 2572 Christi
1498 2516 1654 2582 1259,
1680 2531 1789 2586 quo
1811 2523 1895 2569 est
1916 2513 2096 2569 Theo-

517 2606 691 2662 dorus
716 2607 912 2662 Junior
933 2608 1183 2664 Lascaris
1211 2619 1482 2674 mortuus,
1512 2609 1643 2662 solis
1664 2607 1932 2675 eclipsim.
1959 2622 2095 2676 qua-

518 2701 628 2755 lem
656 2700 1021 2771 Pachymcres
1043 2700 1328 2766 describit,
1349 2700 1585 2770 spectari
1612 2699 1806 2755 Nicaeae
1826 2697 2091 2769 potuisse.

519 2797 673 2850 Alter
702 2810 834 2849 vero
865 2795 1105 2861 illorum,
1136 2794 1375 2851 Jacobus
1425 2794 1728 2860 Grautami,
1767 2793 2098 2863 benignissio

521 2904 613 2942 mo
665 2887 800 2941 mihi
848 2887 1186 2958 gratificandi
1240 2887 1424 2942 studio
1479 2897 1647 2942 totam
1699 2884 2097 2940 intricatissimi

521 2985 687 3055 hujus
709 2983 813 3039 loci
844 2970 1262 3055 perplexitatem
1304 2983 1527 3052 insigni,
1556 2998 1675 3037 mea
1715 2996 1877 3036 causa
1907 2980 2100 3035 elucu-

522 3079 702 3143 brato,
745 3077 1142 3133 commentario
1176 3076 1465 3145 explicuit,
1497 3076 1550 3129 id
1588 3076 1766 3145 ipsum
1806 3073 1953 3144 quod
2006 3072 2099 3127 hic

2188 1867 2304 1923 Kal.
2350 1866 2610 1924 Octobris
2632 1884 2811 1926 annos
2856 1879 3048 1926 natum
3084 1870 3226 1927 duos
3256 1877 3314 1927 et
3364 1869 3647 1939 sexaginta,
3671 1885 3723 1925 es

2189 1962 2392 2032 quibus
2426 1961 2649 2034 triginta
2698 1970 2811 2020 tres
2855 1975 3200 2035 regnarent.
3232 1964 3430 2029 Ἔνθα,
3472 1965 3658 2034 inquit,
3682 1963 3724 2016 id

2188 2052 2274 2110 est
2305 2055 2373 2109 all
2414 2054 2768 2126 Nymphaeum
2792 2056 2887 2112 ubi
2918 2057 3159 2114 Joannes
3182 2059 3347 2112 vitam
3377 2057 3564 2121 finivit,
3586 2055 3727 2109 καὶτὸ

2191 2146 2368 2218 χρεὼν
2413 2147 2795 2220 ἐλειτούργησε
2853 2150 3011 2221 τρετῃ
3078 2149 3373 2204 Καλανδῶν
3426 2147 3724 2219 Νοεμὸρῑου,

2191 2241 2452 2312 ἐξήκοντα
2490 2243 2584 2294 καὶ
2609 2240 2723 2303 δύο,
2762 2241 2838 2306 ὼς
2875 2244 2924 2295 οἱ
2958 2245 3025 2297 τὰ
3063 2244 3195 2315 περὶ
3227 2243 3399 2297 αὑτοῦ
3450 2241 3729 2313 ἀκριϐέστε-

2195 2349 2286 2405 ρον
2326 2331 2527 2393 εἰδότες
2559 2334 2821 2401 ἔφασκον,
2862 2333 2955 2405 ἔτη
2992 2334 3219 2405 βιώσας,
3263 2336 3322 2402 ἐξ
3351 2330 3427 2390 ὧν
3473 2334 3745 2408 τριάκοντσ’

2193 2425 2289 2478 καὶ
2317 2423 2443 2494 τρία,
2470 2423 2846 2494 βεϐασίλευκε.
2886 2426 3146 2497 Idemque
3170 2428 3335 2498 paulo
3386 2436 3512 2498 post
3560 2426 3731 2496 repetit

2200 2515 2270 2572 de
2297 2532 2444 2572 anno
2477 2518 2630 2588 regni
2652 2519 2744 2583 35,
2772 2532 2896 2573 cum
2917 2519 3013 2584 ait,
3035 2519 3313 2590 ἐτεθνήκει
3348 2519 3449 2590 μὲν
3467 2520 3494 2573 ὁ
3519 2517 3734 2589 βασιλεὺς

2207 2609 2464 2680 Ἰωάννης
2493 2608 2572 2679 τῷ
2598 2609 2699 2678 υἱῷ
2751 2609 2918 2663 αὑτοῦ
2949 2610 3208 2682 Θεοδώρῳ
3244 2612 3346 2681 τὴν
3377 2610 3635 2680 βασιλείαν
3653 2625 3733 2659 κι-

2196 2700 2534 2766 ταλε).οιπὼς
2550 2705 2847 2772 τριάκοντα
2864 2705 2960 2756 καὶ
2977 2703 3105 2773 τρία
3119 2704 3212 2773 ἐτη
3230 2703 3522 2757 διανύοντι.
3538 2701 3613 2774 [Ρ.
3629 2699 3731 2772 I93]

2201 2792 2467 2856 Τοσοῦτος
2501 2792 2613 2862 γὰρ
2642 2793 2671 2845 ὁ
2713 2792 2905 2863 χρόνος
2939 2792 3093 2862 αὐτῷ
3139 2792 3344 2855 ὁπόσος
3373 2792 3465 2844 καὶ
3498 2788 3734 2860 πατρικῆς

2201 2885 2478 2957 βασιλείας
2507 2885 2794 2955 ἐτύγχανε.

2270 2977 2360 3032 Ill.
2395 2975 2496 3032 llic
2518 2991 2681 3046 porro
2703 2978 2773 3032 54
2804 2976 3017 3046 imperii
3049 2986 3105 3032 et
3129 2975 3321 3030 mortis
3343 2973 3565 3030 Joannis
3587 2984 3733 3026 annos

2200 3078 2322 3126 erat
2350 3070 2557 3126 Christi
2606 3069 2763 3135 1255,
2800 3078 2930 3124 ante
2983 3077 3257 3141 receptam
3288 3085 3317 3124 a
3380 3069 3573 3125 Graecis
3616 3080 3734 3120 anno

522 3169 850 3238 compendio
872 3167 1126 3237 preposui
1155 3168 1382 3223 uberius
1401 3176 1456 3222 et
1475 3166 1789 3220 accuratius
1817 3172 2093 3219 astruens.
2124 3186 2171 3247 δ
2208 3162 2335 3218 1261
2367 3162 2901 3233 Constantinopolim
2951 3171 3163 3225 sextus,
3191 3173 3316 3218 ante
3342 3171 3571 3217 mortem
3590 3159 3735 3214 Theo-

524 3261 582 3316 ld
617 3261 935 3331 praeclarum
984 3261 1092 3315 viri
1120 3260 1285 3331 longe
1317 3258 1642 3323 doctissimi,
1673 3266 1728 3314 et
1766 3256 1834 3311 de
1887 3270 1974 3311 me
2002 3270 2101 3309 su-

527 3369 623 3423 pra
664 3368 828 3423 quam
880 3352 1181 3424 prazdicare
1218 3355 1422 3422 possim
1459 3351 1664 3422 optime
1713 3349 1920 3416 meriti,
1961 3361 2102 3417 opus

525 3442 687 3512 quale
744 3443 932 3511 accepi
964 3440 1181 3496 erudita
1207 3436 1391 3511 ipsius
1414 3448 1706 3497 exaratum
1742 3452 1907 3493 manu
1948 3435 2103 3492 dein-

526 3548 658 3605 ceps
695 3533 787 3590 hic
821 3532 1156 3589 adscribam.

1124 3685 1351 3744 CAPUT
1398 3685 1494 3743 III.

524 3820 709 3877 Jacobi
740 3817 1023 3875 Grantami
1052 3834 1080 3874 e
1110 3820 1357 3873 societate
1386 3815 1516 3871 Iesu
1547 3815 1847 3869 dissertatio
1866 3812 1930 3866 de
1944 3812 2106 3883 eclip-

596 3894 644 3947 si
695 3893 823 3947 solis
862 3910 893 3945 a
931 3891 1250 3961 Pachymere
1300 3898 1507 3961 notata.
1558 3886 1643 3941 Ad
1697 3885 1914 3940 Petrum
1963 3883 2104 3939 Pos-

595 3964 771 4018 sinum
826 3961 1059 4033 ejusdem
1080 3960 1396 4015 societatis.

596 4095 641 4152 1.
683 4093 917 4166 Eclipsis
966 4094 1101 4151 solis
1141 4108 1307 4165 supra
1345 4109 1411 4149 ex
1455 4090 1799 4165 Pacbymere'
1830 4089 2106 4159 descripta

526 4200 637 4240 non
670 4186 915 4240 minores
946 4184 1004 4239 in
1035 4184 1268 4239 historia
1300 4194 1608 4255 temporum
1633 4193 1690 4238 et
1719 4179 2104 4239 astronomicis

527 4277 742 4349 legibus
792 4277 1054 4333 tenebras
1094 4276 1264 4347 parit,
1310 4292 1475 4348 quam
1524 4276 1730 4331 dicitur
1770 4276 1826 4329 in
1854 4289 1984 4330 aere
2005 4273 2108 4329 ob-

526 4370 855 4428 scuritatem
886 4368 1094 4424 fudisse
1131 4376 1189 4424 et
1220 4369 1406 4425 lumen
1441 4369 1603 4439 plane
1643 4375 1817 4423 totum
1843 4367 1977 4422 solis
2008 4381 2108 4421 ex-

530 4462 809 4525 stinxisse;
859 4476 955 4516 aer
990 4461 1139 4517 enim
1186 4470 1331 4517 tecto
1383 4475 1413 4516 a
1454 4463 1588 4516 luna
1628 4461 1742 4515 sole
1778 4460 1963 4528 aliqua
1997 4458 2105 4514 sal—

532 4566 639 4612 tem
673 4554 956 4609 stellarum
998 4554 1122 4610 luce
1152 4554 1417 4625 fulgebat,
1436 4561 1491 4608 et
1517 4569 1638 4625 qua:
1689 4553 1742 4607 in
1773 4563 1917 4608 terra
1950 4567 2106 4622 gere-
2134 4538 2178 4595 Β

530 4647 735 4702 bantur
762 4663 872 4701 non
905 4648 1129 4703 omnino
1178 4646 1474 4701 invisibilia
1504 4654 1561 4701 et
1600 4643 1969 4701 intractabilia
2006 4641 2108 4697 tie-

531 4740 666 4795 bant
688 4758 702 4795 :
729 4739 1028 4811 descriptio
1053 4749 1234 4795 autem
1259 4740 1348 4794 illa
1367 4739 1448 4794 sic
1470 4740 1771 4793 obscurare
1790 4736 2008 4791 videtur
2028 4734 2111 4790 bi-

533 4830 784 4893 Storiam,
806 4838 866 4885 ut
891 4831 1095 4885 nullam
1114 4830 1165 4884 ei
1198 4832 1420 4900 penitus
1450 4827 1577 4883 fidei
1601 4829 1780 4881 lucem
1804 4833 1900 4880 aut
1921 4838 2111 4893 aspec-

537 4930 653 4975 tum
680 4918 929 4975 veritatis
972 4918 1276 4988 relinquat.
1304 4918 1452 4972 Mors
1493 4913 1843 4985 imperatoris
1889 4911 2113 4983 ponitur

536 5028 682 5067 anno
711 5012 766 5066 in
791 5021 1116 5067 autumnum
1152 5019 1457 5081 vergente:
1485 5009 1593 5062 Τοῦ
1628 5010 1673 5063 δ’
1710 5006 1875 5061 αὑτοῦ
1916 5008 2110 5078 χρόνον

535 5105 671 5176 πρὸς
690 5105 749 5157 τὸ
769 5103 1162 5173 φθινοπωρινδν
1181 5102 1567 5165 ἀποκλίνοντος
1587 5100 1940 5171 μεταλλάττει
1954 5100 2015 5154 τὸ
2032 5099 2114 5169 βι-

535 5198 630 5251 οῦν
658 5199 686 5250 ὁ
710 5196 949 5267 κρατῶν.
972 5195 1289 5250 Prtrnuntia
1310 5193 1547 5264 adigitur
1572 5194 1706 5248 solis
1729 5192 1968 5249 defectio
1994 5202 2115 5247 tan-

539 5298 593 5344 ta
615 5300 674 5344 ut
697 5287 984 5359 profundae
1014 5287 1256 5341 tenebrae
1284 5288 1470 5340 omnia
1499 5294 1748 5354 tegerent
1770 5294 1827 5340 et
1853 5286 2027 5340 stellae
2052 5285 2110 5339 in

536 5382 949 5438 cwlolucentcs
980 5388 1309 5451 apparerent
1334 5398 1347 5433 τ
1378 5380 1444 5431 "O
1473 5379 1537 5451 δὴ
1571 5380 1666 5433 καὶ
1686 5380 2036 5450 προεσήμηνέ
2064 5396 2115 5433 τι

538 5476 787 5543 σημεῖον.
819 5473 1009 5534 Ἥλιος
1033 5471 1162 5543 γάρ,
1197 5479 1307 5533 etc,
1328 5476 1388 5524 ut
1428 5469 1594 5541 699
1651 5486 1837 5540 supra.
1875 5470 2116 5541 Tempus

540 5564 688 5635 quod
722 5564 1034 5635 assignatur
1067 5563 1169 5617 sub
1200 5562 1392 5617 boram
1426 5563 1643 5616 tertiam
1679 5560 1787 5616 dici
1818 5572 2004 5625 sextm,
2033 5563 2117 5630 ἐφ’

539 5654 693 5727 ὥραν
720 5656 910 5725 τρίτην
959 5655 1058 5721 τῆς
1106 5653 1272 5723 ἕκτης
1325 5654 1557 5725 ἡμέρας,
1631 5652 1889 5709 tenebras
1947 5654 2118 5722 magis

539 5762 707 5820 quam
754 5749 933 5802 lucem
964 5746 1221 5812 oll‘undit,
1252 5756 1309 5801 et
1342 5746 1471 5800 dum
1504 5745 1771 5801 terminos
1802 5759 1982 5816 neque
2013 5745 2119 5799 ini-

540 5846 750 5901 tiorum
782 5859 958 5915 neque
1008 5842 1198 5897 ﬁniunt
1246 5842 1557 5914 praescribit
1599 5840 1865 5910 narratio,
1913 5849 2021 5896 tam
2052 5839 2123 5895 li-

2202 3253 2323 3309 dori
2348 3253 2579 3310 Joannis
2633 3253 2729 3308 filii
2763 3262 3014 3325 quartus,
3051 3264 3109 3310 ut
3141 3263 3362 3311 constat
3393 3270 3458 3311 ex
3488 3255 3622 3309 Duca
3652 3250 3733 3306 tli-

2201 3346 2409 3402 chaelis
2436 3356 2658 3417 nepote,
2693 3346 2833 3403 Hist.
2864 3363 2913 3403 c.
2943 3346 2999 3415 Ξ,
3040 3355 3098 3403 et
3128 3362 3196 3402 ex
3226 3361 3356 3403 mox
3384 3345 3621 3402 dicendis
3641 3357 3733 3398 ms-

2201 3438 2285 3510 gis
2318 3438 2501 3493 adhuc
2534 3439 2764 3509 patebit.

2275 3532 2352 3587 De
2384 3531 2682 3589 Theodoro
2724 3549 2856 3589 vero
2891 3534 3035 3589 idem
3077 3532 3398 3604 Acmpolita
3450 3532 3559 3587 hate
3598 3527 3735 3584 habet

2203 3622 2281 3679 ib.
2318 3639 2370 3681 c.
2403 3626 2520 3681 74:
2566 3625 2803 3687 Ἐκεῖνος
2854 3626 2953 3696 μὲν
3000 3625 3144 3679 οὕτω
3199 3625 3405 3697 βιώσας
3459 3622 3548 3679 καὶ
3603 3622 3736 3692 μήπω

2202 3717 2361 3783 ὅλους
2417 3718 2689 3790 τέσσαρας
2745 3718 3024 3782 ἐνιαυτοὺς
3072 3718 3573 3788 αὑτοκρατορήσας,
3620 3708 3735 3765 κστὰ

2204 3810 2512 3882 Νοέμὸριον
2543 3812 2652 3882 γὰρ
2697 3809 2871 3882 ἄρξας
2916 3812 2974 3865 ὲν
3006 3810 3302 3881 Αὐγούστῳ
3338 3809 3473 3881 μηνὶ
3517 3807 3573 3862 τὸ
3614 3803 3733 3863 τέλος

2203 3905 2407 3976 εσχηκε
2443 3905 2545 3974 τῆς
2577 3904 2743 3977 ζωῆς.
2768 3905 2872 3962 Ubi
2914 3895 3204 3960 manifeste
3253 3910 3312 3959 et
3344 3909 3570 3973 quartus
3592 3909 3737 3952 annos

2206 3998 2428 4067 imperii
2466 3997 2715 4052 nondum
2752 3997 2964 4065 finitus,
3000 4007 3057 4054 et
3120 3996 3344 4051 initium
3386 3993 3536 4065 regni
3567 3986 3736 4044 mensis

2204 4088 2568 4149 Novembris.
2597 4098 2655 4144 et
2711 4088 2839 4144 fluis
2887 4088 3014 4143 vita:
3073 4086 3304 4159 Augusti
3360 4084 3734 4155 exprimuntur;

2206 4197 2384 4254 eaque
2418 4181 2651 4240 totidem
2703 4181 2894 4237 verbis
2945 4181 3088 4236 idem
3139 4189 3333 4236 auctor
3382 4181 3441 4233 in
3496 4174 3737 4233 Chronico

2208 4274 2628 4347 compendiario
2667 4274 2909 4343 repetit;
2945 4274 3156 4344 quibus
3182 4272 3527 4342 Nicephorus
3563 4267 3738 4336 Grego-

2208 4383 2320 4434 ras,
2340 4367 2380 4422 1.
2406 4382 2445 4422 ιι
2478 4366 2534 4421 in
2563 4364 2698 4432 ﬁne,
2731 4366 2961 4421 omnino
2988 4366 3265 4421 consentit
3294 4365 3353 4419 in
3378 4362 3530 4418 annis
3560 4359 3738 4429 triginta

2211 4462 2389 4518 tribus
2428 4470 2543 4517 tum
2578 4458 2809 4531 imperii!
2837 4459 3031 4531 patris,
3075 4471 3190 4514 tum
3234 4459 3362 4512 vitae
3392 4457 3487 4511 filii
3516 4468 3628 4510 cum
3657 4452 3739 4505 2m-

2212 4556 2429 4626 perium
2474 4569 2506 4609 a
2547 4562 2703 4625 patre
2748 4554 3011 4623 suscepit,
3062 4562 3177 4608 tum
3226 4552 3393 4607 etiam
3451 4550 3506 4604 in
3542 4554 3738 4616 quatuor

2210 4651 2371 4705 annis
2411 4648 2628 4719 imperii
2680 4647 2961 4703 Theodori
2996 4662 3107 4701 non
3144 4645 3400 4715 integris,
3435 4657 3553 4698 cum
3580 4635 3741 4694 asserit

2212 4759 2335 4800 eum
2368 4743 2411 4798 l.
2458 4758 2539 4809 ιιι,
2583 4757 2707 4798 cum
2753 4741 3093 4796 tricesimum
3144 4748 3359 4794 sextum
3407 4735 3527 4790 vita:
3569 4739 3739 4787 annum

2212 4844 2419 4908 ageret,
2471 4834 2796 4890 defunctum
2837 4834 3082 4890 :"Ex'cov
3140 4834 3233 4886 καὶ
3292 4829 3607 4903 τριακοστδν
3655 4822 3740 4876 ἀπὸ

2214 4929 2482 4997 γενέσεως
2540 4930 2736 4999 χρόνον
2795 4927 3081 4996 ἀμείϐοντι
3146 4926 3301 4988 νόσος
3360 4922 3639 4991 ἐνσκήπτει
3680 4912 3741 4983 τῷ

2217 5019 2431 5089 βασιλεῖ
2461 5018 2675 5091 χαλεπὴ
2707 5019 2799 5071 καὶ
2823 5017 3039 5089 βαρεῖα,
3072 5018 3167 5070 καὶ
3190 5016 3331 5069 ὅπλα
3363 5014 3525 5083 φάναι
3545 5009 3740 5065 Θανάτου

2217 5108 2478 5179 φοροῦσα.

2286 5200 2374 5255 1V.
2401 5199 2493 5255 Est
2529 5216 2659 5273 ergo
2679 5214 2934 5258 mortuus
2947 5202 3185 5257 Joannes
3215 5203 3393 5256 Ducas
3414 5213 3551 5255 anno
3572 5188 3741 5253 Christi

2219 5291 2379 5356 1255,
2415 5292 2470 5346 in
2512 5293 2619 5348 line
2642 5295 2922 5356 Octobris.
2955 5305 3011 5349 et
3041 5296 3367 5351 Theodorus
3390 5290 3624 5348 Lascaris
3645 5286 3741 5353 ejus

2219 5384 2368 5438 filius
2406 5399 2553 5439 anno
2585 5385 2742 5452 1259,
2772 5401 2962 5441 mense
2992 5388 3260 5457 Augusto.
3301 5389 3433 5452 Qua:
3478 5389 3596 5438 nota
3627 5386 3741 5430 tem-

2216 5476 2368 5546 poris
2411 5486 2558 5532 recte
2598 5480 2855 5533 convenit
2889 5493 3014 5532 cum
3049 5494 3113 5534 ea
3143 5494 3305 5549 quam
3336 5473 3580 5547 exprimit
3608 5462 3743 5539 700

2220 5566 2582 5638 Pachymeres
2608 5567 2859 5623 scribens
2889 5567 3239 5623 Theodorum
3269 5569 3636 5638 imperatorem
3673 5554 3741 5606 Vi-

2222 5666 2331 5711 tam
2372 5648 2498 5712 cum
2540 5669 2719 5715 morte
2751 5671 3124 5716 commutasse
3157 5674 3307 5714 anno
3353 5657 3420 5712 ad
3461 5655 3743 5710 autumnum

2222 5747 2547 5806 inclinante.

2294 5842 2403 5899 Sed
2435 5844 2500 5900 de
2536 5845 2728 5917 cclipsi
2766 5846 2922 5916 solis,
2980 5855 3036 5902 ct
3085 5854 3233 5901 tanta
3285 5850 3483 5915 quanta
3513 5854 3541 5894 a
3569 5830 3746 5899 Pacbi"
