3992 6516
270 391 413 458 1161

1574 375 2247 443 CHRONOLOGICUS.

3396 366 3535 432 1162

274 522 430 562 mere
466 502 818 568 describitur,
856 502 940 557 vel
982 517 1048 557 eo
1080 516 1223 556 anno
1263 500 1345 555 vel
1377 500 1430 554 in
1454 508 1630 553 morte
1658 498 1840 551 Tlieo-
1876 503 1918 553 Α
1946 490 2133 559 eclipsi
2171 502 2479 543 sermonem
2514 487 2752 560 ﬁnferat,
2804 488 2939 542 nihil
2987 487 3053 542 de
3098 488 3255 541 initio
3310 486 3529 557 imperii
3598 490 3616 505 '

202 642 211 656 .
271 598 397 654 dori
462 597 546 655 vel
604 597 655 649 in
710 605 977 649 autumno
1008 594 1170 658 facta,
1225 604 1418 647 auctor
1449 594 1590 647 alius
1658 592 1844 648 nullus

274 690 548 747 meminit.
580 698 635 741 et
664 688 781 741 fieri
808 688 973 741 ullam
1010 687 1251 757 potuisse
1284 686 1432 755 leges
1464 685 1849 739 astronomiae

273 801 387 841 non
429 783 777 854 permittunt.
824 780 1112 835 Nuviluuia
1169 782 1315 832 enim
1371 780 1496 833 anni
1560 778 1697 832 1259
1756 787 1852 832 aut

274 876 535 943 ecliptica
586 873 735 925 nulla
766 872 941 933 fuere,
979 880 1072 923 aut
1124 887 1231 924 non
1263 870 1741 938 Cotistantinpoli
1786 884 1851 921 ac

276 970 415 1023 locis
442 966 657 1031 vicinis,
711 976 767 1020 et
796 977 1053 1018 auctores
1091 963 1415 1031 chronologi
1470 970 1524 1016 et
1567 961 1851 1015 annalium

279 1060 611 1129 scriptores,
651 1057 742 1127 qui
780 1057 913 1111 solis
946 1055 1197 1126 eclipsim
1264 1070 1404 1125 pene
1439 1053 1661 1107 letalem
1713 1053 1855 1107 refe-

280 1165 412 1205 runt
449 1152 515 1205 ad
559 1166 761 1204 annum
802 1149 1009 1205 Christi
1060 1149 1195 1203 19.59
1238 1147 1293 1201 in
1329 1157 1503 1202 tnorte
1548 1146 1852 1205 Theodori,

280 1263 391 1299 non
433 1246 650 1299 tabulas
671 1245 1098 1308 astronomicas,
1135 1242 1229 1297 sed
1249 1253 1528 1296 auctorem
1557 1241 1855 1309 Paehyme-
1894 1282 1907 1289 -

279 1357 396 1392 rem
426 1349 760 1408 sequuntur.
802 1339 879 1392 lta
932 1337 1081 1391 enim
1136 1337 1409 1392 Odoricus
1441 1334 1755 1406 Raynaldus
1786 1333 1853 1387 ad

277 1450 484 1489 annum
541 1431 745 1486 Christi
807 1430 968 1496 1259,
1024 1438 1244 1483 narrata
1278 1427 1551 1481 Theodori
1587 1435 1765 1480 morte
1800 1426 1854 1477 in

281 1542 471 1579 mense
499 1528 764 1594 Augusto,
797 1525 874 1577 ait
912 1521 1257 1593 paragrapho
1294 1522 1361 1575 54
1392 1536 1405 1572 :
1443 1519 1602 1573 Sexto
1649 1518 1713 1571 ab
1742 1518 1855 1585 ejus

278 1621 421 1671 obitu
449 1620 529 1671 die
558 1621 722 1671 tradit
743 1618 1093 1688 Pachymeres
1133 1618 1388 1685 insignem
1443 1614 1567 1666 solis
1610 1612 1859 1680 defectio-

281 1729 402 1764 nem
434 1713 615 1779 fuisse,
662 1712 793 1763 adeo
843 1719 899 1764 ut
945 1710 1097 1761 unius
1149 1712 1290 1763 hora:
1333 1708 1506 1777 spatio
1536 1706 1859 1758 densissima:

282 1807 558 1858 horrerent
592 1806 816 1858 tenebrw
846 1803 1117 1873 stellaque
1149 1803 1202 1855 in
1242 1802 1367 1855 caelo
1400 1806 1736 1868 apparerent.
1782 1797 1857 1849 Ita

1953 581 2289 652 significans.
2333 581 2535 648 justam
2581 589 2729 635 certe
2772 597 2880 634 non
2929 580 3076 633 aliul
3110 582 3527 635 attendentibus

1952 675 2163 729 erroris
2197 690 2415 728 causam
2440 674 2615 728 dedit.
2646 677 2713 728 At
2737 675 2781 728 si
2818 674 2942 743 quis
2971 690 3083 728 rem
3117 684 3325 729 attente
3350 676 3532 730 eousi-

1953 766 2229 819 deraverit
2258 776 2461 819 etcum
2491 764 2715 818 historia
2735 758 2882 819 illius
2912 767 3177 834 temporis
3206 768 3529 831 contulerit,

1957 857 2009 910 in
2040 856 2104 909 iis
2140 854 2382 910 tenebris
2408 854 2587 909 lucem
2620 856 2882 911 inveniet.
2931 855 3021 910 Sic
3062 866 3244 910 autem
3283 872 3405 912 eam
3432 874 3533 912 ex-

1958 950 2119 1018 plieo.
3007 967 3026 993 ο

2029 1040 2354 1094 Theodorus
2376 1039 2595 1093 vivendi
2618 1041 2778 1094 linem
2818 1041 2948 1095 tccit
2974 1056 3118 1095 anno
3142 1042 3346 1097 Christi
3372 1042 3531 1105 1259,

1958 1152 2143 1191 mense
2182 1137 2455 1208 Augusto.
2492 1136 2746 1190 Historia:
2791 1138 2957 1191 totius
2988 1136 3103 1192 haec
3152 1140 3286 1193 fides
3327 1148 3432 1203 est,
3466 1140 3535 1193 de

1958 1248 2061 1301 qua
2087 1232 2340 1285 dubitare
2373 1246 2480 1283 non
2514 1231 2665 1285 licet.
2692 1230 3058 1300 Pachymercs
3082 1232 3133 1286 id
3166 1233 3381 1295 asserit,
3408 1250 3533 1287 cum

1959 1325 2036 1378 ait
2080 1324 2282 1378 factum
2332 1337 2591 1397 vergente
2643 1326 2698 1381 iu
2748 1337 3076 1380 autumnum
3129 1342 3293 1390 anno,
3338 1343 3536 1396 nempe

1962 1419 2106 1472 inter
2122 1411 2414 1473 solstitium
2434 1422 2683 1474 aestivum
2703 1430 2755 1475 et
2774 1421 3168 1489 :cquiuoctium
3194 1420 3535 1473 autumnale.

1963 1512 2525 1568 Theodorusiuitium
2556 1514 2812 1584 regnandi
2839 1515 2966 1570 fecit
2988 1531 3133 1570 anno
3155 1514 3355 1571 Christi
3383 1514 3536 1575 l255.

1964 1609 2121 1670 patre
2160 1611 2377 1655 mortuo
2414 1603 2520 1657 sub
2562 1604 2725 1658 linem
2767 1604 3048 1671 Octobris,
3110 1623 3216 1659 non
3258 1606 3538 1659 declarato

1966 1693 2079 1745 filio
2123 1709 2465 1762 successore,
2500 1696 2591 1766 qui
2636 1697 2761 1751 ideo
2790 1699 3000 1753 tardius
3030 1699 3262 1763 electus,
3294 1700 3541 1753 elevatus

1965 1786 2017 1841 in
2051 1787 2265 1858 clypeo,
2312 1799 2510 1843 unctus
2553 1800 2609 1845 et
2654 1802 2949 1845 coronatus
2984 1804 3089 1853 est,
3150 1803 3261 1846 tum
3314 1804 3544 1863 promer

286 1900 575 1953 ηνητίρηε.
609 1898 942 1967 spondalms
972 1897 1039 1950 ad
1070 1896 1327 1950 eumdem
1360 1910 1598 1956 annum;
1636 1894 1709 1945 ira
1742 1890 1856 1953 alii,
1893 1881 1932 1935 Β
1964 1880 2179 1935 diversa
2216 1883 2401 1951 populi
2437 1884 2638 1945 studia,
2675 1894 2787 1939 tum
2818 1886 2888 1939 ob
2915 1887 3180 1941 Illanuelis
3214 1890 3542 1956 patriarcha:

283 1992 379 2060 qui
413 1991 576 2060 hujus
600 1990 927 2043 defectionis
952 1988 1271 2050 meminere,
1299 1985 1649 2056 Pachymeris
1674 1997 1860 2037 aucto-

287 2087 456 2137 ritate
488 2100 545 2137 se
586 2092 759 2138 tectos
807 2092 1003 2152 putant
1057 2083 1175 2137 sine
1234 2082 1341 2135 alio
1380 2079 1655 2143 examine,
1688 2086 1742 2129 et
1771 2093 1862 2130 er-

286 2189 436 2243 rant,
469 2188 526 2232 et
550 2179 687 2231 alios
717 2178 769 2231 in
807 2192 1052 2231 errorem
1087 2176 1375 2230 inducunt.

364 2267 589 2319 Acutior
612 2266 733 2319 aliis
753 2266 955 2320 Sethus
977 2265 1250 2319 Calvisius
1279 2266 1331 2318 iu
1358 2263 1566 2319 Chron.
1604 2279 1693 2316 an.
1729 2262 1865 2316 1255

287 2357 647 2429 Pachynieris
692 2359 995 2428 fragmenta
1030 2359 1237 2414 erroris
1294 2359 1497 2429 arguit,
1550 2358 1696 2428 quod
1743 2373 1861 2413 eam

288 2450 425 2504 solis
453 2450 703 2518 eclipsim
741 2451 795 2503 in
832 2450 988 2504 obitu
1016 2450 1293 2504 Theodori
1330 2449 1718 2513 indicaverint,
1756 2465 1866 2518 quo

288 2557 440 2596 anno
472 2552 527 2597 et
561 2544 924 2613 sequentibus
954 2545 1104 2597 nulla
1141 2544 1264 2598 talis
1295 2543 1629 2608 inveniatur,
1667 2551 1721 2596 et
1743 2558 1864 2596 eam

294 2644 455 2704 putat
495 2635 761 2689 accidisse
794 2635 850 2688 in
896 2644 1073 2688 morte
1099 2634 1327 2689 Joannis
1360 2634 1543 2698 Ducae,
1591 2640 1715 2702 post
1746 2634 1868 2701 ejus

290 2727 507 2781 obitum
540 2728 628 2782 die
657 2726 708 2791 6,
734 2726 802 2780 50
839 2727 1179 2781 Decembris.

366 2819 467 2876 Sic'
485 2820 776 2887 Calvisius,
821 2836 886 2874 ex
925 2832 1081 2890 parte
1112 2820 1337 2890 quidem
1380 2836 1527 2885 vere,
1566 2829 1623 2875 ut
1660 2821 1728 2875 ab
1771 2837 1869 2874 au-

292 2920 448 2966 ctore
476 2914 529 2966 in
567 2913 729 2966 rebus
783 2912 1172 2967 astronomicis
1223 2914 1364 2968 bene
1397 2921 1637 2979 versato,
1681 2913 1775 2968 sed
1803 2929 1870 2968 ex

295 3015 452 3074 parte
476 3017 669 3059 contra
706 3006 952 3060 historia:
976 3006 1264 3059 veritatem
1300 3005 1590 3060 manifeste
1622 3022 1871 3075 pugnan-

299 3100 397 3153 tia.
431 3099 655 3155 Certum
686 3100 833 3152 enim
865 3108 947 3152 est
967 3100 1079 3168 jam
1107 3098 1269 3167 paulo
1293 3110 1420 3154 ante
1455 3102 1724 3169 prolatum
1769 3103 1871 3157 Pa-

299 3194 619 3265 chymerem
654 3192 804 3262 loqui
846 3192 914 3246 de
952 3192 1106 3245 obitu
1134 3191 1411 3246 Theodori
1446 3194 1499 3247 in
1534 3210 1719 3249 mense
1765 3197 1873 3250 Au-
1899 3224 1944 3286 C

297 3296 481 3357 gusto,
514 3300 681 3351 anno,
713 3295 773 3338 ut
806 3285 921 3354 ipse
946 3286 1042 3350 ait,
1071 3284 1139 3339 ad
1182 3294 1509 3341 autumnum
1535 3288 1872 3353 inclinante;

300 3395 413 3451 quo
452 3396 560 3433 non
609 3379 843 3450 quadrat
884 3394 1033 3431 mors
1059 3378 1310 3445 Joannis,
1338 3396 1461 3449 qua:
1512 3381 1567 3435 in
1614 3383 1682 3436 30
1712 3382 1875 3438 Octo-

299 3474 418 3529 bris
445 3472 698 3537 incurrit,
734 3482 793 3526 ut
847 3474 1010 3525 etiam
1050 3472 1215 3541 paulo
1252 3475 1508 3543 superius
1560 3476 1871 3531 docuimus.

299 3563 513 3618 Deinde
549 3565 678 3632 quid
705 3571 981 3631 spectaret
1005 3561 1072 3613 ad
1106 3571 1339 3615 mortem
1378 3562 1678 3627 Theodori,
1709 3580 1872 3633 quam

298 3660 571 3715 describit
610 3667 795 3726 aperte
833 3656 1220 3725 Pachymcres,
1278 3656 1523 3710 narratio
1572 3666 1679 3709 tam
1716 3672 1876 3710 accu-

299 3760 422 3805 rata
462 3749 686 3818 eclipsis
720 3747 852 3801 solis
885 3750 1041 3803 facta:
1090 3748 1143 3801 iu
1190 3760 1369 3800 morte
1420 3747 1593 3815 patris
1636 3756 1877 3815 quatuor

299 3843 421 3899 fere
448 3854 575 3896 ante
605 3856 800 3907 annos,
834 3841 986 3895 nulla
1023 3840 1131 3894 alia
1161 3841 1334 3909 patris
1365 3839 1647 3893 mentione
1689 3837 1876 3892 habita

292 3945 393 3990 aut
420 3936 475 3990 id
513 3934 765 4003 exigente
807 3948 971 3987 causa
1004 3932 1364 3986 rationabili?
1390 3930 1678 3997 Quomodo
1714 3930 1877 3985 deni-

292 4046 408 4098 que
435 4028 678 4099 eclipsis,
732 4045 854 4097 qute
886 4028 1116 4098 contigit
1160 4026 1228 4082 50
1273 4027 1362 4080 die
1395 4025 1731 4089 Decembris,
1767 4025 1874 4078 dici

294 4131 481 4192 potest
539 4121 806 4175 accidisse
840 4129 997 4174 sexto
1054 4121 1142 4174 die
1196 4128 1322 4188 post
1350 4130 1583 4172 mortem
1627 4119 1874 4183 Joannis,

296 4216 393 4284 qui
438 4214 562 4267 vita:
591 4214 737 4267 diem
771 4222 1078 4267 extremum
1120 4211 1317 4265 habuit
1353 4210 1422 4265 50
1454 4209 1751 4265 Octobris?

372 4306 497 4361 ilice
533 4306 697 4376 igitur
734 4304 957 4360 Calvisii
1008 4304 1412 4359 animadversio
1446 4319 1558 4357 non
1609 4304 1751 4357 tollit
1783 4312 1877 4357 aut

299 4400 508 4454 minuit
542 4398 863 4466 quastionis
891 4395 1290 4458 difficultatem,
1339 4394 1435 4448 sed
1478 4405 1641 4463 auget
1672 4396 1873 4464 potius,

296 4502 355 4546 et
391 4492 464 4543 ita
496 4484 741 4558 implicat
772 4498 830 4542 ut
864 4486 1213 4540 insolubilem
1248 4486 1424 4539 facere
1458 4487 1733 4540 videatur.

1965 1976 2130 2042 paulo
2176 1986 2302 2031 ante
2339 1978 2540 2032 mortui
2592 1978 2952 2044 desiderium,
2984 1980 3277 2051 Nicepbori
3324 1984 3376 2038 iu
3424 1985 3544 2056 ejus

1966 2068 2145 2121 locum
2176 2070 2335 2123 electi
2366 2070 2689 2125 modestiam
2725 2072 2777 2126 in
2817 2075 3119 2128 recusanda
3155 2076 3441 2146 dignitate,
3480 2093 3545 2131 ac

1966 2161 2183 2217 Arsenii
2223 2164 2441 2218 tandem
2477 2166 2651 2219 vocati
2688 2167 2754 2219 ad
2792 2166 3104 2236 ungendum
3161 2180 3217 2223 et
3268 2185 3545 2223 coronan-

1968 2253 2099 2308 dum
2145 2254 2533 2325 imperatorem
2580 2256 2883 2325 longiorem
2924 2274 3159 2323 moram,
3208 2277 3328 2329 qua:
3359 2262 3545 2315 omnia

1968 2346 2090 2400 fuse
2116 2348 2438 2402 describunt
2468 2347 2815 2417 Nicephorus
2846 2348 3117 2418 Grcgoras
3141 2353 3298 2406 initio
3325 2353 3361 2408 l.
3398 2370 3456 2419 ti,
3486 2365 3543 2408 et

1969 2438 2240 2510 Georgius
2268 2441 2583 2509 Acropolita
2619 2456 2666 2495 c.
2698 2442 2785 2496 55.
2821 2441 3144 2498 Theodorus
3174 2446 3355 2499 statim
3385 2445 3544 2501 initio

1971 2533 2121 2600 regni
2164 2532 2377 2586 infestis
2424 2533 2583 2587 bellis
2621 2544 2815 2588 contra
2852 2535 3117 2603 Bulgaros
3163 2548 3219 2591 et
3251 2537 3548 2593 Thessalos

1972 2645 2145 2699 usque
2185 2629 2251 2683 ad
2303 2631 2429 2683 vitae
2467 2630 2673 2685 exitum
2729 2630 3025 2685 infeliciter
3061 2642 3366 2701 occupatus
3421 2643 3542 2689 est:

1971 2722 2306 2777 dillicillimis
2347 2722 2584 2791 negotiis
2636 2722 2971 2792 implicatus,
3025 2726 3438 2795 suspicionibus
3489 2737 3548 2782 et

1974 2819 2202 2873 humore
2232 2817 2627 2872 nielaucholico
2659 2818 2725 2870 ad
2749 2820 2995 2887 quredam
3026 2835 3125 2874 sua
3150 2821 3433 2889 majestate
3468 2823 3551 2875 iu-

1973 2914 2135 2983 digna
2161 2913 2325 2966 etiam
2360 2913 2626 2968 adversus
2654 2912 2864 2966 aulicos
2895 2912 3161 2982 dignitate
3191 2923 3246 2967 et
3284 2913 3389 2969 fide
3415 2930 3545 2986 erga

1974 3024 2101 3062 cum
2136 3017 2459 3078 pra-stantes
2483 3008 2849 3077 perpetranda
2884 3010 3176 3073 adductus,
3209 3010 3345 3063 vixit
3377 3012 3545 3064 mise-

1975 3100 2264 3155 rabiliter.
2308 3100 2635 3155 Theodorus
2676 3101 2831 3171 longa
2882 3102 3101 3156 tandem
3145 3104 3319 3158 macie
3358 3106 3544 3158 confe-

1976 3204 2118 3259 ctus,
2154 3202 2267 3248 toto
2297 3210 2528 3263 corpore
2556 3196 2844 3264 exsangui,
2876 3194 3079 3249 frustra
3108 3198 3334 3250 tentatis
3366 3200 3554 3252 omni-

1978 3288 2083 3343 bus
2107 3288 2362 3343 humanis
2387 3288 2664 3352 remediis,
2688 3298 2843 3343 extra
2873 3289 3096 3359 regiam,
3136 3291 3191 3342 in
3222 3292 3371 3360 gravi
3398 3292 3549 3347 luctu

1978 3382 2316 3451 pmuiteutite
2345 3389 2401 3435 et
2438 3381 2625 3436 habitu
2665 3382 2943 3451 religioso,
2980 3381 3172 3438 dolens
3211 3386 3355 3454 quod
3390 3387 3553 3441 Chri-

1979 3481 2125 3526 stum
2164 3472 2519 3535 deseruisset,
2562 3490 2729 3543 regno
2768 3474 2929 3528 simul
2970 3484 3026 3529 ct
3066 3478 3173 3529 vita
3213 3477 3459 3545 privatur
3498 3480 3553 3533 iu

1977 3563 2154 3616 atatis
2187 3562 2343 3625 ﬂore,
2376 3578 2522 3617 anno
2559 3574 2768 3617 tantum
2803 3576 2958 3619 sexto
2994 3582 3157 3634 supra
3189 3567 3551 3632 tricesimum,

1980 3651 2192 3721 imperii
2229 3660 2448 3722 quarto.
2478 3651 2823 3715 Theodorus,
2860 3655 3215 3708 vehementer
3252 3656 3447 3710 anxius
3486 3657 3554 3709 de

1979 3742 2086 3798 fide
2115 3752 2171 3798 et
2203 3744 2439 3798 amicitia
2477 3744 2757 3800 Michaelis
2791 3745 3096 3815 Paheologi,
3138 3746 3305 3799 filiolo
3341 3748 3408 3800 ad
3447 3748 3545 3799 iiii-

1978 3836 2118 3905 perii
2148 3836 2520 3905 gubernacula
2570 3836 2779 3905 inepto,
2806 3837 2910 3891 sub
2957 3837 3193 3889 hominis
3241 3838 3464 3892 obscuri
3498 3849 3554 3892 et

1979 3930 2082 3982 sub
2116 3928 2443 3999 patriarcha:
2476 3930 2665 3991 tutela,
2700 3929 2765 3981 ad
2808 3929 3068 3982 invidiam
3100 3931 3409 3997 dignitatis,
3444 3948 3550 3999 qua

1980 4022 2129 4076 brevi
2164 4023 2410 4090 dejectus
2443 4033 2547 4087 est,
2600 4024 2812 4087 relicto,
2868 4032 3257 4077 testamentum
3306 4025 3557 4079 condidit

1980 4116 2033 4168 in
2058 4116 2285 4185 gratiam
2318 4115 2521 4168 tutoris
2553 4115 2699 4168 illius
2728 4115 3049 4179 Muzalonis,
3079 4132 3243 4185 quem
3276 4117 3552 4172 [ternaria-

1979 4222 2098 4259 rum
2133 4223 2316 4260 rerum
2348 4206 2631 4261 dominum
2662 4208 3058 4273 constituebat,
3099 4211 3281 4278 quoad
3312 4212 3455 4266 filius
3479 4214 3547 4267 ad

1978 4299 2275 4368 perfectam
2314 4300 2551 4354 venisset
2573 4310 2809 4363 :etatein,
2842 4317 2967 4353 cum
2996 4301 3316 4371 gravissima
3350 4320 3546 4372 procc-

1980 4408 2098 4445 rum
2133 4386 2456 4456 offensione,
2499 4406 2661 4461 quam
2714 4402 2899 4446 secuta
2939 4406 3025 4449 est
3070 4393 3291 4463 imperii
3329 4408 3551 4466 pertur-

1980 4482 2128 4536 batio
2162 4490 2218 4536 et
2255 4485 2309 4536 in
2364 4482 2645 4537 Michaelis
2690 4483 2952 4538 familiam
2995 4488 3248 4542 transitio
3283 4490 3554 4546 crudelis-

377 4583 468 4638 Sic
501 4583 668 4653 igitur
715 4581 1102 4651 Pachymerem
1154 4579 1570 4649 intelligendum
1618 4579 1876 4641 arbitror,
1915 4593 1956 4647 υ
1982 4575 2141 4627 sima.
2178 4574 2303 4628 Fuit
2333 4574 2423 4629 hic
2456 4575 2800 4630 miserrimus
2831 4577 3108 4633 Theodori
3144 4582 3299 4651 regni
3340 4593 3396 4637 et
3432 4583 3561 4639 vitai

297 4684 361 4725 ut
409 4691 601 4729 revera
636 4683 867 4727 mortem
901 4672 1177 4726 Theodori
1211 4672 1512 4735 describat,
1566 4673 1877 4741 factamque

296 4780 433 4817 vere
484 4776 690 4820 asserat
730 4764 1033 4818 inclinante
1083 4765 1150 4817 ad
1205 4774 1532 4817 autumnum
1564 4779 1731 4828 anno,
1783 4764 1875 4819 sed

301 4856 559 4926 eclipsim
597 4859 729 4911 solis
756 4859 1005 4926 designet
1036 4873 1145 4910 nou
1172 4873 1291 4926 qua:
1341 4855 1396 4909 in
1428 4855 1583 4911 obitu
1630 4856 1877 4925 ejusdem

300 4946 583 5001 Theodori
624 4946 707 5017 μ).
762 4946 888 5017 494]
917 4947 1055 5000 facta
1109 4946 1179 4999 sit
1239 4946 1315 5013 (id
1344 4946 1493 4999 enim
1544 4956 1724 4999 textus
1768 4962 1875 4999 non

300 5042 471 5104 dicit;
501 5049 557 5092 et
591 5040 775 5107 inepta
798 5055 861 5091 ca
890 5049 1035 5093 esset
1064 5038 1131 5113 ad
1170 5037 1764 5107 pra-significationem,
1810 5038 1877 5091 de

295 5148 411 5199 qua
448 5132 502 5183 iu
528 5146 595 5184 eo
624 5131 830 5183 mentio
864 5130 993 5199 est),
1026 5126 1122 5183 sed
1152 5145 1273 5197 quae
1299 5129 1458 5182 initio
1485 5128 1700 5197 imperii
1734 5130 1879 5200 ejus-

295 5228 426 5275 dem
459 5221 756 5285 Theodori,
786 5222 941 5290 quasi
985 5221 1293 5290 prasiiuntia
1325 5220 1514 5275 brevis
1556 5231 1613 5276 et
1643 5221 1878 5276 infelicis

294 5315 426 5381 ejus
457 5316 630 5382 regni,
663 5312 810 5381 quod
843 5328 952 5364 non
986 5312 1157 5364 multo
1191 5310 1314 5379 plus
1344 5310 1587 5364 triennio
1618 5312 1791 5372 stetit,
1824 5320 1878 5362 et

297 5408 359 5459 in
390 5408 665 5459 continuis
692 5407 847 5475 701
883 5405 1010 5459 belli
1054 5405 1294 5458 motibus
1352 5413 1408 5457 et
1466 5404 1646 5457 morbi
1706 5403 1878 5457 mole-

298 5496 534 5551 stissiuri
585 5511 725 5564 saepe
786 5495 1036 5563 repetitis
1080 5493 1418 5564 gravissimis
1481 5493 1878 5546 tentationibus

301 5603 489 5645 actum
526 5605 649 5641 cum
676 5588 783 5641 vita
813 5588 1026 5641 finitum
1051 5594 1133 5641 est
1161 5601 1304 5639 anno
1329 5585 1507 5639 :ctatis
1537 5586 1604 5638 56
1632 5588 1875 5640 nondum

297 5684 597 5751 completo.

370 5780 501 5841 Quae
521 5788 699 5829 tamen
729 5790 851 5827 cum
874 5790 982 5829 non
1008 5775 1139 5829 satis
1162 5771 1463 5845 distinguat
1489 5773 1871 5844 Pachymeres,

296 5882 353 5926 ct
384 5872 567 5925 statim
600 5878 720 5940 post
754 5868 1081 5937 descriptam
1114 5878 1344 5923 mortem
1375 5869 1651 5925 Theodori
1685 5870 1751 5924 de
1783 5870 1871 5923 illa

634 5966 901 6025 Parant.
946 5966 1063 6025 Gtt.
1114 5963 1358 6026 CXLIII

1980 4678 2155 4722 status
2182 4674 2237 4721 et
2283 4666 2531 4721 luctuosa
2586 4668 2780 4723 mortis
2809 4669 3075 4736 conditio,
3133 4690 3294 4742 quam
3328 4674 3556 4731 brevius

1981 4758 2346 4827 Nicephorus,
2380 4760 2556 4814 fusius
2594 4761 2908 4830 AcrOpolita
2958 4762 3241 4831 describit,
3276 4766 3370 4834 qui
3427 4783 3551 4821 cum

1981 4850 2198 4918 imperii
2237 4851 2513 4919 lcgotheta
2564 4854 2878 4917 exsisteret,
2917 4852 3177 4923 frequens
3230 4855 3556 4924 imperatori

1980 4943 2194 4995 ratione
2229 4941 2389 4996 ofﬁcii
2426 4943 2637 5005 aderat,
2666 4952 2719 4996 ct
2750 4960 2871 5012 qua:
2903 4961 3144 5013 prmsens
3178 4947 3297 5001 fieri
3329 4947 3557 5007 videbat

1981 5048 2173 5101 magna
2208 5032 2313 5086 fide
2339 5042 2393 5086 et
2424 5033 2706 5103 diligentia
2740 5044 2952 5088 narrat.

2052 5126 2141 5180 Vl.
2173 5125 2297 5179 llasc
2328 5126 2495 5195 igitur
2514 5128 2687 5179 voluit
2713 5126 2989 5181 insinuare
3012 5129 3401 5203 Pachymeres,
3426 5150 3555 5188 cum

1979 5216 2200 5285 scripsit
2235 5219 2469 5272 infelicis
2508 5220 2654 5285 regni
2692 5228 2750 5272 et
2782 5220 3019 5273 luctuosi
3056 5222 3244 5294 obitus
3276 5223 3555 5280 Theodori

1980 5310 2341 5379 pricnunliam
2368 5312 2641 5365 exstitisse
2667 5311 3031 5366 defectionem
3056 5314 3187 5368 solis
3209 5314 3553 5379 horribilem,

1980 5420 2101 5472 qua:
2126 5405 2228 5458 sub
2275 5404 2488 5458 initium
2527 5406 2677 5473 regni
2712 5405 2832 5471 ejus
2877 5406 3015 5459 facta
3061 5416 3166 5468 est,
3216 5408 3377 5477 702
3420 5409 3557 5465 hora

1982 5500 2141 5551 tertia
2167 5509 2291 5567 post
2323 5499 2633 5562 meridiem,
2666 5507 2821 5552 sexto
2852 5499 2963 5562 die,
2998 5500 3250 5554 videlicet
3283 5516 3407 5571 post
3436 5506 3558 5575 ejus

1979 5596 2393 5647 coronatiouem
2424 5605 2479 5647 Cl
2505 5594 2821 5647 UDCliOIICIII
2853 5594 3177 5649 solemnem.

2052 5685 2292 5748 Etenim,
2328 5688 2371 5739 si
2393 5688 2724 5755 conjectura)
2754 5704 2862 5740 nou
2895 5689 3243 5757 improbabili
3281 5691 3432 5743 locus
3457 5692 3557 5744 da-

1980 5788 2090 5838 tur.
2122 5794 2139 5828 \
2161 5778 2343 5831 idetur
2376 5779 2513 5833 facta
2544 5781 2830 5833 coronatio
2863 5780 3141 5835 Theodori
3177 5782 3289 5851 ipsa
3324 5784 3554 5837 solemni

1979 5870 2278 5926 festivitate
2332 5871 2645 5929 Nativitatis
2692 5873 2896 5929 Christi
2931 5874 3168 5935 Domini,
3220 5874 3337 5929 sive
3386 5887 3443 5930 ut
3488 5891 3552 5929 ex

3080 5969 3154 6026 37
