3992 6532
505 370 638 434 ιλιι
939 376 971 392 ’

1231 337 1305 436 Ῥ.
1349 373 1654 438 POSSlNl
1699 379 2349 441 OBSERVATIU’NUM
2389 381 2534 441 LIB.
2581 379 2659 441 Il.
2700 403 2763 413 —
2802 377 3039 438 nom.

3632 375 3766 440 1143

503 512 668 566 quant
704 495 769 550 ad
805 501 1032 550 vestem.
1069 495 1179 550 Nec
1207 497 1389 551 obstat
1427 499 1755 568 conjectura:
1791 497 1937 566 quod
1987 499 2078 551 hic
2110 512 2148 564 Α
2183 499 2323 552 ravit
2351 515 2448 566 per
2478 497 2661 566 plures
2692 513 2887 561 annos,
2919 495 3208 564 repudiata
3255 493 3509 551 libertate
3551 506 3608 552 et
3671 515 3765 555 re.

505 590 732 651 dicitur,
781 596 1034 642 exactum
1065 604 1094 642 a
1121 588 1405 642 Cetanitza
1453 589 1624 660 (haud
1663 589 1828 644 dubie
1876 591 1943 643 ab
1975 591 2080 643 Au-

505 675 688 747 gusto)
712 684 772 730 ut
799 675 980 730 statim
1012 685 1220 730 vestem
1246 692 1455 731 sacram
1480 677 1752 734 indueret.
1787 680 1918 733 Nam
1949 679 2081 733 hinc

506 769 690 840 potius
724 781 949 838 apparet
979 770 1200 836 [‘etitam
1235 770 1458 824 nomine
1485 771 1785 827 Cotanitzae
1813 774 1882 827 ab
1913 773 2085 841 impe-

507 873 694 918 ratore
753 862 1070 917 facultatem
1111 863 1277 916 eundi
1313 865 1380 918 ad
1409 864 1644 919 Montem
1670 865 1899 936 Nigrum
1937 885 1950 920 :
1985 867 2079 920 sed

512 961 660 1016 hunc
689 963 924 1016 veritum
970 978 1040 1018 ne
1075 963 1120 1017 is
1151 964 1231 1018 sic
1271 964 1531 1020 dimissus
1571 965 1681 1020 alio
1713 965 1910 1030 abiret,
1952 983 2084 1024 exe-

509 1054 654 1120 gisse
689 1064 746 1108 ut
773 1054 956 1108 statim
999 1069 1058 1108 se
1092 1053 1340 1123 alligaret
1374 1057 1676 1110 monastica
1721 1057 2082 1127 professione,

511 1159 668 1199 sacro
709 1145 903 1200 habitu
948 1144 1167 1198 induto.
1199 1144 1356 1212 Quod
1405 1146 1494 1200 ille
1534 1147 1610 1201 nil
1639 1163 1900 1201 recusans
1931 1147 2081 1205 fecit.

584 1236 642 1290 P.
678 1236 802 1291 505.
848 1235 912 1292 Ut
974 1238 1262 1306 imperator
1301 1253 1419 1291 cum
1469 1238 1702 1293 δαείη...
1754 1240 2086 1294 anathemati

505 1327 908 1397 subjicerentur.
945 1329 1228 1384 Recitator
1261 1329 1330 1384 ab
1375 1331 1608 1386 Odor-ica
1640 1331 1922 1404 Raynaldo
1970 1334 2086 1389 lucc

448 1435 454 1440 '
510 1405 1100 1476 excommunicationis
1131 1421 1186 1474 in
1217 1420 1538 1476 liichaelem
1575 1423 1932 1490 Palmolngum
1956 1441 2083 1480 sen-

512 1512 684 1566 tentia
738 1512 804 1567 ad
860 1528 1066 1567 annum
1123 1515 1282 1569 1281.
1335 1515 1440 1570 Ubi
1475 1532 1790 1585 quanquam
1831 1517 2086 1587 culpatur

513 1601 851 1674 Palmologus
898 1604 1044 1674 quod
1093 1615 1251 1675 pacta
1297 1621 1363 1660 ex
1401 1606 1508 1661 fide
1555 1607 1702 1662 circa
1731 1609 2084 1664 concordiam

511 1694 883 1750 Ecclesiarum
915 1711 1024 1751 non
1068 1699 1360 1769 explesset,
1399 1699 1545 1754 haud
1581 1710 1762 1756 tamen
1797 1701 1960 1758 facile
1990 1703 2088 1758 ad-

513 1785 690 1841 ducor
727 1797 784 1842 ut
831 1790 1072 1857 credam,
1123 1791 1268 1860 quod
1317 1792 1427 1847 illic
1459 1791 1546 1848 vir
1591 1794 1682 1849 ille
1729 1794 2085 1851 doctiSsimus

2193 590 2483 644 stitutione
2515 588 2567 642 in
2619 591 2889 658 integrum
2933 587 3116 641 oblata
3163 586 3212 641 ei
3256 587 3326 639 ab
3357 588 3696 656 imperatore
3719 591 3766 646 si

2188 681 2428 736 deficere
2465 680 2548 753 [Ρ.
2599 681 2724 752 I482]
2778 695 2804 732 a
2849 679 3239 733 communione
3287 679 3535 734 Romana
3575 680 3761 744 vellet,

2188 776 2243 830 in
2276 791 2382 845 qua
2418 775 2659 843 denique
2692 775 2838 828 diem
2871 773 3009 828 obiit
3039 774 3327 829 confectus
3353 773 3623 827 aerumnis
3671 773 3766 828 Dei

2189 883 2352 923 causa
2397 866 2664 921 toleratis.
2711 861 2850 921 Vide
2881 881 3004 934 qua:
3033 867 3293 936 superius
3336 867 3656 920 notavimus
3701 867 3764 921 ad

2186 977 2214 1016 c
2269 962 2360 1022 ‘28.
2391 961 2434 1016 l.
2471 977 2546 1016 tv.

2257 1055 2322 1107 P.
2359 1054 2484 1109 53L
2545 1052 2665 1122 Τὴν
2701 1052 2916 1122 ψυχὴν
2935 1056 3210 1124 ἀφίησιν.
3252 1053 3382 1110 Post
3428 1054 3547 1108 iure
3590 1054 3764 1109 Vatic.

2187 1147 2311 1202 cad.
2339 1147 2456 1201 haec
2481 1147 2754 1216 subiungit
2787 1165 2801 1202 :
2840 1149 2901 1199 '0
2945 1149 3113 1220 μηδὲν
3139 1149 3199 1200 τὸ
3229 1149 3494 1218 παράπαν
3545 1147 3763 1200 πώποτε

2187 1241 2550 1310 τεθνήξεσθαι
2607 1239 3014 1310 προσδοκήσας,
3086 1237 3166 1294 διὸ
3226 1243 3321 1293 καὶ
3389 1241 3598 1312 ὅρκους
3643 1241 3766 1300 τοὺς

2187 1327 2362 1398 ὄνομα
2397 1328 2534 1382 Θεοῦ
2586 1331 2856 1399 φέροντας
2879 1331 2960 1394 εις
3001 1331 3156 1383 οὐδὲν
3188 1330 3484 1399 ἐλογίζετο,
3533 1331 3631 1384 καὶ
3665 1331 3764 1385 ἀδι·

2190 1419 2314 1472 κίειν
2353 1419 2445 1472 καὶ
2475 1419 2671 1485 φόνους
2702 1419 2796 1472 καὶ
2837 1419 3110 1488 τιμωρίας
3147 1419 3223 1482 ὡς
3254 1420 3522 1481 κώνωπος
3571 1417 3769 1487 πρᾶξιν

2190 1511 2412 1579 ἡγεῖτο·
2461 1510 2611 1578 ὅμως
2661 1509 2842 1562 ἔκειτο
2886 1511 3106 1580 νεκρὸς,
3157 1510 3261 1562 καὶ
3295 1509 3536 1579 δάκρυσι
3563 1510 3678 1562 τῶν
3701 1509 3765 1560 ol-

2189 1601 2355 1654 κείων
2383 1601 2664 1671 ὲὸρὲχετσ).
2725 1599 2829 1666 Qui
2874 1617 3147 1672 nunquam
3178 1617 3233 1654 se
3265 1603 3584 1656 moriturum
3611 1601 3776 1654 credi-

2189 1695 2361 1756 derat,
2392 1694 2611 1763 ideoque
2642 1693 2958 1762 jnramenta
3002 1693 3096 1745 Dei
3137 1709 3324 1747 nomen
3361 1693 3590 1762 ferentia
3628 1693 3776 1748 nihili

2189 1786 2437 1849 duxerat,
2488 1785 2720 1853 injurias
2759 1801 2916 1849 vero,
2977 1785 3144 1839 (ardes
3196 1795 3244 1838 et
3295 1784 3558 1855 supplicia
3611 1802 3772 1852 sava,

512 1879 734 1934 videtur
763 1881 1001 1950 opinari,
1034 1883 1250 1952 culpam
1285 1884 1634 1954 imperatoris
1679 1886 1732 1940 in
1779 1902 1844 1940 eo
1899 1888 2082 1951 sitam,
2119 1865 2156 1921 Β
2187 1879 2339 1950 quasi
2365 1896 2465 1932 non
2482 1880 2544 1933 iis
2562 1878 2798 1932 homines
2825 1878 2913 1932 sed
2936 1877 3122 1933 culices
3154 1877 3498 1944 laederentur,
3529 1891 3774 1933 exercue-

513 1973 682 2041 quod,
741 1973 885 2028 sicut
933 1977 1282 2044 promiserat.
1339 1994 1450 2032 non
1505 1977 1775 2033 effecisset
1820 1977 1990 2048 686
2029 1987 2089 2032 ut

514 2065 684 2120 Graeci
723 2067 1044 2142 particulam
1096 2067 1338 2139 Filioque
1365 2070 1624 2140 Symbolo
1651 2070 1936 2125 adderent.
1969 2071 2086 2124 Non

515 2156 660 2209 enim
697 2157 1004 2227 reperimus
1039 2159 1091 2212 id
1128 2160 1197 2214 ab
1232 2175 1298 2214 eo
1329 2169 1580 2216 exactum
1607 2171 1701 2216 aut
1731 2162 1907 2232 ipsum
1939 2177 2090 2216 rece.

516 2249 696 2326 pisse;
749 2251 1246 2321 adnotavimusque
1292 2255 1550 2323 superius
1593 2255 1658 2308 ad
1715 2269 1765 2310 c.
1827 2256 1889 2308 l5
1925 2255 2090 2326 hujus

515 2325 664 2406 libri,
699 2342 1000 2398 Ecclesiam
1052 2343 1303 2398 Latinam
1348 2347 1482 2400 satis
1510 2347 1794 2414 habuisse,
1835 2348 1880 2402 si
1916 2344 2087 2402 Graéci

517 2435 714 2502 dogma
767 2435 944 2505 ipsum
983 2439 1352 2505 processionis
1405 2439 1642 2507 Spiritus
1697 2443 1871 2496 sancti
1923 2441 2088 2496 etiam

517 2541 581 2580 ex
634 2527 774 2582 Filio
829 2528 1261 2596 profiterentur,
1315 2540 1370 2584 et
1437 2530 1662 2586 Latinos
1727 2540 2092 2600 agnoscerent

512 2619 661 2686 justa
696 2636 762 2673 ex
813 2635 974 2675 causa
1022 2621 1416 2677 declarationis
1465 2624 1826 2694 cxpressioris
1859 2625 2090 2680 verbum

519 2710 653 2764 illud
688 2710 952 2783 Symbolo
991 2711 1214 2767 Nicmno
1241 2714 1543 2778 addidisse,
1582 2731 1688 2770 non
1719 2717 2092 2786 prtecipiendo

519 2814 578 2858 ut
615 2803 717 2873 ipsi
753 2805 960 2874 pariter
1001 2805 1136 2859 illud
1173 2806 1464 2862 adderent.
1519 2809 1694 2865 Fuere
1751 2823 1935 2865 autem
1986 2811 2089 2866 alia

518 2895 719 2964 quibus
765 2897 966 2951 merito
1002 2907 1295 2966 suspectus
1331 2910 1425 2954 aut
1467 2901 1630 2955 etiam
1675 2903 1964 2957 convictus
1995 2902 2090 2956 ilc-

520 2987 686 3042 tionis
719 2987 892 3042 videri
929 2989 1110 3057 potuit
1159 2991 1532 3062 Palmologus:
1589 3004 1717 3062 puta
1774 2995 2094 3048 vexationes

517 3081 680 3136 νοεῖ(τὶ
731 3082 1022 3136 orthodoxi
1069 3082 1418 3151 patriarchze.
1471 3101 1594 3154 qum
1649 3085 1800 3138 illum
1843 3086 1908 3138 ad
1949 3086 2095 3139 ultro

519 3176 879 3228 abdicandum
922 3175 1243 3245 dignitatem
1309 3187 1628 3245 coegerunt,
1651 3187 1887 3231 narratm
1933 3191 1961 3230 a
1997 3177 2096 3231 Pa-

519 3272 780 3340 chymere
825 3271 930 3324 hoc
971 3271 1115 3324 libro
1147 3285 1175 3324 a
1209 3286 1257 3325 c.
1306 3270 1367 3324 l0
1394 3270 1461 3324 ad
1495 3272 1580 3332 H.
1610 3281 1662 3325 et
1701 3270 1849 3341 quod
1883 3279 1973 3326 aut
1999 3287 2094 3325 ne-

521 3363 680 3418 scivit
709 3372 803 3416 aut
830 3360 1198 3418 dissimulavit
1230 3374 1439 3428 noster,
1465 3363 1776 3434 coniuratio
1807 3365 2098 3434 imperato-

521 3456 600 3508 ris
638 3455 916 3510 Michaelis
956 3471 1078 3509 cum
1115 3455 1317 3510 Siculis
1359 3464 1415 3512 et
1439 3457 1603 3511 Petro
1631 3473 1758 3527 rege
1782 3457 2092 3528 Aragonum

519 3557 712 3603 contra
750 3547 1014 3603 Carolum
1067 3549 1279 3618 Apuliae
1331 3559 1385 3602 et
1438 3548 1642 3604 Sicilia:
1702 3548 2095 3622 regemasede

520 3637 820 3706 apostolica
865 3639 1181 3708 probatum,
1217 3640 1376 3710 cujus
1414 3639 1690 3712 Gregoras
1745 3642 1995 3697 meminit
2038 3650 2096 3696 et

520 3730 616 3785 alii
650 3741 957 3801 temporum
991 3731 1212 3786 illorum
1253 3733 1556 3804 scriptores
1598 3734 1758 3788 relati
1791 3736 1840 3788 in
1870 3735 2096 3790 Annali-

521 3825 626 3880 bus
647 3827 1037 3882 eet-lesiastieis
1069 3829 1136 3883 ab
1173 3829 1469 3898 Spondano
1503 3838 1557 3882 et
1581 3827 1860 3899 Baynaldo
1890 3828 1956 3880 ad
1992 3841 2094 3882 an-

521 3933 654 3970 num
697 3917 827 3973 P280
853 3930 910 3976 et
936 3932 1280 3989 sequentem.
1316 3919 1436 3987 Quo
1470 3921 1712 3991 pertinet
1757 3920 1902 3990 quod
1934 3920 2092 3974 istam

525 4011 578 4064 in
621 4011 941 4068 Michaclem
989 4013 1580 4069 excommunicationis
1603 4015 1930 4069 sententiam
1969 4029 2094 4082 per-

521 4100 687 4157 latam
717 4103 957 4160 instante
990 4105 1190 4161 Carolo
1223 4122 1351 4176 rege
1381 4105 1630 4160 historici
1660 4120 1843 4160 rerum
1877 4103 2092 4159 illarum

525 4205 855 4262 nemorant,
899 4205 961 4252 ut
1003 4197 1077 4252 ibi
1129 4199 1260 4253 licet
1311 4198 1522 4254 videre.
1575 4196 1856 4269 Cogitasse
1911 4207 2093 4252 autem

521 4285 883 4359 Palaeologum
929 4287 1038 4344 hoc
1069 4303 1182 4345 sua:
1227 4290 1596 4345 damnationis
1635 4281 1832 4346 nuntio
1878 4290 2099 4360 percul-

521 4393 642 4433 sum
670 4389 867 4436 cuncta
928 4397 1049 4451 quae
1081 4397 1182 4452 pro
1228 4369 1521 4438 concordia
1559 4383 2096 4440 Ecclesiarum-hac-

527 4481 690 4528 tenus
717 4484 904 4542 egerat
931 4475 1270 4540 rescindere,
1299 4477 1445 4545 quod
1481 4475 1573 4531 hic
1601 4485 1791 4531 noster
1839 4474 2094 4539 ailirmat,

2194 1979 2303 2024 rat.
2331 1971 2496 2041 637
2523 1971 2577 2024 Is
2603 1981 2780 2025 tamen
2797 1970 3014 2041 jucebat
3054 1978 3293 2024 mortuus
3325 1980 3373 2024 et
3399 1972 3656 2042 lacrymis
3685 1974 3777 2026 do-

2189 2049 2524 2118 mesticorum
2560 2063 2856 2135 rigabotnr.
2889 2064 3014 2119 llaec
3047 2079 3172 2118 cum
3210 2066 3264 2118 in
3289 2076 3492 2119 neutro
3520 2065 3774 2120 codicum

2189 2155 2523 2224 optimorum
2557 2155 2932 2224 reperiantur,
2969 2170 3080 2210 non
3117 2160 3376 2226 putamus
3397 2171 3521 2211 esse
3560 2155 3777 2228 Pachyo

2191 2247 2382 2310 meris,
2431 2246 2529 2302 sed
2581 2247 2998 2316 interpolatoris
3050 2256 3105 2302 ct
3158 2249 3554 2316 paraphrastte,
3615 2264 3773 2318 que

2192 2341 2402 2393 scimus
2436 2347 2491 2393 et
2525 2339 2632 2394 alia
2663 2349 2865 2410 praeter
2894 2341 3136 2394 auctoris
3171 2351 3412 2395 mentem
3445 2340 3772 2396 inseruisse.

2192 2431 2529 2486 Moderatior
2559 2441 2643 2487 est
2673 2434 2820 2494 enim
2857 2440 3048 2487 noster
3083 2433 3380 2488 historicus
3415 2433 3585 2502 quam
3617 2431 3777 2486 utsic

2193 2525 2463 2580 atrociter
2495 2525 2788 2580 insultasse
2819 2526 3100 2596 putandus
3148 2526 3218 2579 sit
3251 2533 3472 2579 mortuo
3511 2523 3773 2594 principi,

2193 2618 2352 2687 cujus
2388 2617 2530 2671 bona
2559 2618 2810 2686 malaque
2837 2617 3037 2683 libere,
3071 2616 3166 2671 sed
3202 2617 3338 2671 citra
3373 2615 3773 2686 malignitatem

2194 2713 2251 2766 in
2287 2711 2394 2764 hac
2428 2710 2665 2764 historia.
2705 2710 3000 2780 expressit.
3033 2709 3222 2780 Magna
3259 2716 3315 2764 et
3355 2723 3492 2763 vera
3526 2709 3655 2762 laus
3691 2715 3775 2762 est

2195 2799 2478 2854 Michaelis
2508 2799 2800 2870 Pal-.eologi
2829 2801 2973 2855 inter
3000 2801 3195 2864 multa,
3226 2814 3347 2868 quae
3373 2813 3476 2852 nec
3501 2797 3771 2852 dissimu-

2195 2892 2296 2946 lari
2326 2907 2427 2946 nec
2452 2890 2674 2960 probari
2709 2899 2958 2961 possunt,
2986 2905 3267 2961 perperam
3303 2889 3466 2953 facta,
3496 2905 3692 2959 pacem
3722 2898 3776 2943 et

2197 2985 2551 3038 concordiam
2589 2983 2958 3038 Ecclesiarum
3006 2983 3286 3038 indefesso
3337 2983 3404 3038 ad
3462 2993 3774 3036 extremum

2196 3076 2382 3130 studio
2435 3076 2666 3132 ursisse.
2713 3077 2776 3130 Et
2827 3077 3026 3132 merito
3071 3093 3196 3131 eum
3228 3077 3350 3156 .hae
3401 3075 3691 3146 praecipue
3727 3089 3776 3131 :3

2197 3169 2394 3224 Joanni
2443 3168 2680 3223 Datame
2731 3169 3105 3239 przecelluisse
3159 3167 3430 3238 Georgius
3477 3167 3774 3222 Metochita

2147 3251 2163 3272 ¹
2197 3263 2428 3318 affirmat
2486 3263 2732 3319 oratione
2783 3265 2958 3333 prima
3006 3263 3290 3318 historica.
3349 3263 3432 3316 Ait
3501 3261 3578 3316 ibi
3651 3277 3773 3316 eum

2197 3371 2391 3427 magna
2421 3373 2518 3426 spe
2549 3371 2828 3426 generosae
2884 3355 3106 3420 indolis,
3163 3370 3288 3409 cum
3338 3370 3470 3409 cura
3507 3352 3774 3423 peculiari

2197 3447 2264 3501 ad
2297 3463 2508 3502 summa
2545 3463 2776 3518 qumque
2809 3447 3104 3501 educatum
3128 3447 3245 3501 ‘5th
3278 3443 3492 3500 Joanne
3523 3446 3773 3509 Batatza,

2197 3555 2306 3592 non
2343 3555 2511 3609 parvo
2564 3539 2730 3594 etiam
2783 3539 2956 3609 ipsius
3006 3539 3274 3609 principis
3329 3538 3542 3601 favore.
3574 3539 3692 3590 πᾶν
3721 3538 3776 3590 ἐν

2197 3633 2637 3701 ἁριοτοϐουλῐαις
2676 3634 2770 3684 καὶ
2824 3631 3284 3700 ἀριστοπραξίαις
3339 3631 3776 3700 κατωρθωμένον

2199 3722 2368 3792 elati»,
2399 3732 2587 3776 cuncta
2611 3723 2722 3793 ejus
2749 3723 3034 3776 rectissime
3058 3721 3297 3777 consulta
3319 3724 3632 3792 optimaque
3661 3727 3774 3775 acta

2199 3815 2460 3869 imitando
2490 3817 2826 3885 expressisse,
2874 3817 2968 3869 καὶ
3019 3817 3320 3884 ἐκμαγεῖον
3355 3814 3650 3881 γεγονέναι
3676 3813 3776 3865 τῶν

2199 3912 2388 3962 τούτου
2415 3911 2926 3978 πλεονεκτημάτων,
2955 3917 3004 3964 et
3031 3911 3099 3962 ad
3113 3911 3284 3964 vivum
3308 3923 3620 3976 expressam
3648 3909 3776 3962 io-

2198 4001 2370 4070 ginem
2397 4001 2626 4054 evasisse
2665 4000 2910 4054 decorum
2944 4000 3115 4054 illius.
3147 4000 3268 4054 Mox
3313 3998 3468 4054 addit
3519 3998 3775 4053 eumdem

2199 4090 2469 4147 Joannem
2505 4093 2666 4164 longe
2703 4109 2730 4147 a
2769 4093 3033 4148 Michaele
3067 4103 3416 4162 superatura,
3469 4091 3775 4162 praesertim

2199 4199 2266 4238 eo
2291 4185 2462 4252 quod,
2507 4201 2672 4254 quam
2709 4186 2801 4240 ille
2828 4186 3004 4240 solum
3040 4185 3376 4256 cogitaverat
3405 4192 3460 4239 et
3493 4183 3778 4238 mentione

2200 4277 2468 4332 duntaxat
2500 4278 2677 4347 prima
2724 4277 3120 4332 informaverat
3150 4278 3525 4332 Ecclesiarum
3559 4291 3774 4346 pacem,

2201 4369 2290 4425 hic
2321 4369 2574 4435 consilio,
2600 4379 2818 4436 conatu,
2851 4371 3258 4441 perseverantia
3277 4371 3517 4439 denique
3548 4370 3776 4440 peregit,

2201 4475 2258 4520 et
2285 4464 2508 4527 factam,
2554 4463 2734 4534 quoad
2771 4465 2822 4517 in
2873 4464 2984 4518 vita
3033 4464 3296 4534 perstitit,
3345 4465 3548 4517 tenuit.
3597 4464 3778 4526 Quare

525 4579 638 4618 non
677 4575 762 4619 est
797 4580 1026 4634 prorsus
1063 4567 1422 4622 iuverisimile
1453 4569 1506 4623 in
1540 4567 1767 4622 homine
1814 4582 1973 4637 quem
2003 4583 2098 4638 aps
2122 4567 2177 4626 D
2205 4556 2336 4610 ίοιῖε
2395 4555 2626 4609 halm-"i3
2695 4554 2846 4609 albas
2904 4555 3049 4608 idem
3100 4554 3394 4610 Μοιοοδῖίθ
3448 4553 3778 4624 doque-“lii”

525 4663 680 4725 paret
721 4656 962 4726 politicis
1003 4659 1236 4714 maxime
1268 4661 1579 4716 rationibus
1601 4667 1656 4715 et
1683 4669 1831 4714 metu
1871 4659 2098 4716 infcnsre

525 4748 629 4801 sibi
655 4751 916 4817 potentia:
959 4751 1142 4807 Caroli
1185 4752 1332 4822 regis
1381 4753 1446 4808 ad
1496 4753 1656 4807 istam
1705 4753 2095 4821 tractatiOnem

523 4839 841 4896 adductum.
885 4843 1087 4899 Tamen
1121 4844 1173 4899 id
1205 4861 1332 4902 eum
1373 4862 1481 4900 non
1519 4846 1718 4901 fecisse
1746 4854 1982 4900 testatur
2007 4845 2098 4900 hic

523 4943 734 4988 noster.
775 4935 837 4988 Et
879 4936 978 5006 ipsi
1031 4937 1205 4993 ϐιωσί
1267 4939 1604 4994 schismati'ci
1639 4954 1958 5009 persuasum
1999 4939 2098 4993 ha-

525 5025 767 5082 buerunt
814 5029 996 5097 ipsum
1037 5047 1212 5101 usque
1253 5033 1318 5086 ad
1357 5042 1587 5086 mortem
1628 5033 1680 5086 in
1714 5031 1820 5086 fide
1863 5047 2100 5087 concor-

525 5116 629 5172 ἀίω
663 5119 992 5188 perstitisse;
1043 5138 1164 5192 quas
1208 5137 1372 5178 causa
1423 5123 1557 5193 ipsis
1587 5123 1692 5178 fuit
1727 5139 1854 5178 eum
1887 5123 2097 5178 honore

523 5211 816 5279 sepultura:
840 5211 1154 5268 fraudandi.

594 5304 657 5360 P.
688 5304 813 5359 521.
847 5304 1152 5378 Αενοροίἱια
1185 5324 1408 5378 magnus
1437 5307 1696 5378 logei/tcta
1733 5309 1854 5362 dum
1886 5310 2098 5364 viveret.

524 5395 650 5452 Πίος
686 5397 932 5456 indicant
960 5401 1246 5472 scripsisse
1266 5402 1368 5456 ista
1409 5401 1801 5475 Pachymercm
1844 5404 1944 5457 sub
1988 5403 2100 5457 An-

521 5490 774 5555 dronico,
816 5499 870 5546 et
899 5491 1125 5560 quidem
1161 5493 1351 5548 multis
1381 5494 1542 5549 annis
1572 5503 1694 5564 post
1727 5503 1962 5548 mortem
1998 5492 2099 5547 Mi-

521 5582 733 5636 chaelis
763 5582 1016 5652 Augusti.
1053 5585 1188 5638 Nam
1212 5584 1476 5656 Georgius
1504 5589 1817 5656 Aeropolita
1849 5597 2101 5643 mortuus

518 5679 609 5728 1est
643 5675 698 5729 in
734 5692 982 5741 carcere,
1033 5677 1087 5731 in
1135 5693 1297 5748 quem
1351 5682 1638 5752 coniectus
1669 5680 1851 5734 fuerat
1881 5681 1949 5734 ab
1990 5679 2100 5733 An-

521 5764 756 5820 ilrouico
799 5767 899 5821 sub
932 5767 1150 5822 initium
1200 5770 1320 5837 ejus
1368 5769 1607 5840 imperii,
1656 5771 1802 5840 quod
1833 5770 2100 5826 schisma-

525 5853 650 5910 licis
699 5857 952 5912 assentiri
988 5858 1178 5924 nollet,
1231 5859 1285 5914 in
1320 5875 1496 5928 coque
1540 5871 1798 5916 constans
1839 5875 2094 5929 persevc-

2201 4648 2494 4719 quadrigas
2544 4649 2596 4701 in
2635 4647 2756 4717 ejus
2795 4645 2985 4701 laudes
3019 4646 3167 4700 velut
3203 4646 3258 4700 in
3289 4661 3543 4716 campum
3591 4646 3774 4701 rheto-

2203 4757 2322 4795 rum
2350 4741 2751 4796 Marathonium
2777 4739 3039 4802 admittit,
3063 4731 3253 4803 Οὗτος,
3280 4738 3558 4808 inquiens,
3589 4741 3615 4790 6
3639 4740 3775 4792 κλει-

2202 4834 2293 4896 νὸς
2323 4835 2382 4886 ἐν
2410 4833 2812 4903 α-ὑτοκράτορσι
2850 4831 3090 4903 Μιχαὴλ,
3125 4832 3186 4885 τὸ
3223 4831 3366 4903 μέγα
3395 4831 3495 4902 τῆς
3519 4833 3666 4902 ἑῴας
3687 4833 3778 4885 καὶ

2205 4927 2464 4998 ἑσπερίου
2501 4925 2709 4998 λήξεως
2765 4925 2958 4994 ὄνομα,
2997 4925 3203 4996 μᾶλλον
3235 4925 3292 4978 δὲ
3325 4925 3427 4992 τῆς
3469 4927 3781 4996 οἰκουμενι-

2203 5021 2305 5091 κῆς
2337 5020 2766 5091 τετραμερείας,
2797 5020 2856 5072 τὸ
2888 5019 3120 5089 φοϐερδν
3156 5021 3254 5072 καὶ
3292 5019 3567 5087 ἀγακλεὲς
3609 5035 3764 5088 περι-

2205 5113 2513 5186 ορύλλημα,
2553 5113 2579 5165 ὁ
2611 5113 2711 5180 τὴν
2738 5111 3022 5166 εὐσέϐεικν
3061 5113 3336 5184 apsum,
3373 5113 3401 5165 ὁ
3428 5111 3639 5182 θέρμος
3678 5113 3778 5179 τὴν

2207 5208 2342 5278 πρὶς
2385 5207 2519 5260 Θεὸν
2553 5205 2885 5274 πεποίθησιν
2943 5207 3036 5257 καὶ
3060 5205 3403 5268 ἀδίοτακτος,
3432 5205 3461 5256 ὁ
3491 5202 3628 5274 παρ’
3656 5203 3778 5256 ὅῇον

2203 5299 2369 5352 αὑτοῦ
2399 5295 2458 5350 τὸ
2499 5295 2767 5367 βιώσιμον
2805 5296 3106 5366 πρὸῆλημο.
3133 5296 3232 5367 τὴν
3283 5295 3557 5366 εἰλικρινῆ
3591 5294 3777 5346 πίστιν

2207 5390 2360 5444 ποιού
2369 5405 2532 5461 μενος
2553 5391 2648 5443 καὶ
2665 5389 2764 5442 ὅσα
2790 5389 2890 5458 τῆς
2912 5389 3220 5460 ἀμωμήτου
3245 5387 3483 5451 πίστεως
3527 5386 3780 5458 σύμϐολα

2205 5485 2309 5555 πρὸ
2342 5484 2541 5546 παντδς
2567 5482 2756 5553 ἔργον,
2781 5483 2890 5554 πρδ
2915 5483 3114 5545 παντὸς
3132 5482 3496 5552 διανοήματος
3528 5483 3624 5534 καὶ
3655 5479 3780 5552 βου-

2200 5578 2468 5646 λῖύματος
2498 5577 2555 5628 ὲν
2579 5573 2744 5626 πκνπὶ
2764 5573 2950 5646 τρόπῳ
2980 5591 3039 5627 τε
3072 5575 3164 5626 καὶ
3195 5574 3392 5644 καιρῷ,
3412 5575 3470 5626 ἐν
3487 5574 3676 5641 ταυτῷ
3701 5570 3780 5644 τῷ

2203 5670 2536 5740 καθεσοῆνπι
2567 5668 2660 5720 καὶ
2692 5667 3101 5738 ἁναστῆνιικαὶ
3139 5669 3334 5740 μέχρις
3365 5668 3533 5722 αὐτοῦ
3561 5666 3660 5721 τοῦ
3683 5681 3780 5718 τυ-

2203 5763 2392 5835 χόντος
2424 5763 2729 5832 κινήματος
2767 5759 2798 5830 ἢ
2841 5759 3190 5833 βαδίσματος,
3228 5763 3261 5830 ἡ
3293 5761 3576 5832 ἀκάματος
3609 5757 3776 5830 φρὴν,

2203 5859 2230 5909 6
2266 5853 2600 5927 μεγαλόνους
2637 5851 2929 5920 ἄνθρωπος
2962 5853 3055 5908 καὶ
3090 5853 3363 5926 οὐράνιος,
3403 5857 3431 5908 ὀ
3471 5853 3778 5926 μεγαλουρ-
