3992 6518
243 349 383 431 itii

1325 361 1472 420 LIB.
1515 361 1634 422 lll.
1674 387 1737 396 —-
1781 360 2456 422 CHRONOLOGlCUS.

3372 363 3514 426 ΗΞιῦ

238 482 338 551 τὸς
370 482 464 534 καὶ
502 480 987 550 μεγιλεπήϐολος,
1021 480 1046 532 ὁ
1081 479 1484 548 ἷέομνηνοξυὴς
1535 478 1826 532 [lati-otium-

1932 475 2146 543 gnondo
2207 485 2569 530 consueuerat.
2637 476 2820 531 Codex
2890 477 3226 532 Barberinus
3279 479 3507 537 formam

242 591 358 642 γων
393 573 646 644 βλαστὸς.
678 575 772 626 καὶ
821 573 1043 640 σύμπαν
1090 571 1554 640 ὰξιοῦαύμαστος.
1591 570 1828 641 Inclytus

245 667 298 718 in
347 666 752 734 imperatoribus
801 664 1047 720 Michael.
1093 681 1344 734 ncngnum
1392 663 1743 718 Orientalium
1781 675 1829 716 et

245 755 597 812 Occiduorum
652 767 920 812 tractuum
965 775 1176 817 nomen,
1232 767 1324 810 aut
1371 761 1540 827 pmius
1601 767 1831 828 quatuor

245 854 435 906 mutuli
459 855 735 906 cardinum
779 863 950 906 terror
984 861 1032 905 et
1061 852 1258 920 gloria,
1283 854 1480 921 pietate
1512 854 1829 908 constantis~

240 948 401 1006 sima,
452 946 644 1013 ﬁducia
688 949 739 1000 in
793 946 958 999 Deum
995 948 1212 998 ardente
1258 947 1463 1013 pariter
1499 955 1542 997 et
1577 948 1830 1000 immuta-

241 1039 374 1101 bili;
414 1040 504 1108 qui
533 1057 624 1110 per
653 1049 817 1094 totum
841 1041 1004 1094 vitam
1032 1057 1184 1108 scopo
1215 1039 1414 1093 illustri
1439 1039 1535 1092 sibi
1561 1041 1828 1108 proposito

239 1133 368 1200 fidei
396 1135 633 1194 sincera’,
675 1143 863 1187 cuncta
900 1150 1016 1202 qum
1048 1135 1116 1187 ad
1149 1136 1287 1187 lianc
1313 1135 1674 1194 conducerent,
1711 1152 1828 1205 qua:

240 1224 396 1279 illam
429 1227 893 1296 quomodocunqne
922 1227 1198 1295 referrent,
1234 1244 1343 1295 pra:
1367 1230 1510 1282 omni
1537 1244 1715 1297 apere,
1743 1247 1828 1282 co-

238 1317 516 1385 gitatione,
545 1313 785 1380 consilio,
833 1318 977 1370 omni
1011 1319 1161 1372 modo
1206 1327 1256 1372 et
1285 1328 1532 1388 tempore,
1579 1321 1825 1384 sedendo,

237 1413 524 1480 surgentia.
561 1413 613 1465 in.
641 1414 783 1466 omni
812 1423 955 1466 motu
988 1429 1049 1466 ac
1071 1431 1232 1483 passu
1254 1417 1502 1483 spectavit
1526 1415 1827 1483 arripiamus-

238 1520 341 1573 que
379 1513 473 1558 est.
507 1504 772 1573 Indefessa
823 1521 985 1566 mens,
1023 1522 1336 1574 magnorum
1366 1507 1517 1559 homo
1554 1523 1822 1570 sensuum,

238 1596 482 1655 rwlrstis,
537 1613 734 1666 magna
780 1609 1051 1666 operatus,
1098 1599 1330 1667 ingentia
1366 1607 1617 1661 t‘onutus;
1665 1596 1827 1652 Coma-

239 1705 380 1741 nenu
434 1692 618 1744 mistus
667 1693 831 1761 stirpe
885 1692 1306 1759 Pularologorum
1352 1691 1616 1755 surculus,
1665 1693 1824 1760 plane

1934 567 2145 637 Clllngil
2179 567 2343 638 hujus
2376 569 2713 623 cbaracteris
2746 570 2796 640 in
2838 571 2983 623 hunc
3015 569 3262 624 modum.

1926 1700 2130 1757 Pru-ler
2179 1720 2297 1758 eam
2351 1720 2518 1773 porro
2570 1722 2734 1774 quam
2784 1707 2944 1760 affert
3004 1708 3091 1762 hic
3141 1707 3512 1778 Pacliymeres

238 1781 597 1836 admiratione
639 1785 848 1852 dignus.
904 1785 1026 1837 lla'c
1068 1785 1142 1838 ibi
1184 1783 1452 1854 Georgius
1491 1785 1817 1849 Metochita;

1928 1798 2088 1867 hujus
2119 1801 2187 1851 Πῖ
2214 1799 2470 1867 triplicati
2505 1801 2795 1864 rationem,
2833 1818 2896 1856 ex
2943 1802 3128 1856 divina
3170 1802 3509 1871 przenotionc

237 1889 364 1940 quae
404 1889 502 1927 nos
551 1875 798 1929 cncomia
845 1875 1014 1946 εδδ
1064 1875 1268 1932 laudati
1309 1877 1572 1939 auctoris,
1631 1877 1819 1931 ortho-

237 1965 368 2018 doxi
402 1966 606 2035 quippe
639 1967 994 2031 confessoris,
1036 1970 1125 2034 qui
1157 1978 1358 2023 tetrum
1395 1986 1423 2024 a
1447 1971 1816 2025 scbismaticis

238 2071 517 2110 carcerem
552 2074 653 2127 pro
686 2058 791 2113 ﬁde
827 2060 1125 2128 apostolica
1165 2061 1407 2115 Romana
1437 2062 1624 2115 multis
1656 2063 1816 2116 annis

239 2163 419 2217 usque
482 2149 548 2202 ad
605 2160 837 2206 mortem
897 2152 1099 2204 invicta
1156 2154 1464 2210 constantia
1528 2155 1812 2216 sustinuit,

236 2250 457 2294 mortuo
493 2241 811 2310 imperatori
867 2253 1056 2297 nostro
1087 2260 1186 2314 pro
1230 2246 1450 2301 funebri
1498 2247 1812 2303 laudatione

237 2330 633 2400 impendimus,
695 2335 774 2389 sic
830 2346 996 2404 prout
1053 2353 1345 2405 possumus
1390 2340 1817 2404 ἀντιτηκοῦντες

235 2437 637 2494 compensantes
692 2427 1072 2483 conviciorum
1116 2431 1381 2498 plaustra,
1448 2449 1570 2502 quze
1613 2433 1815 2503 passim

235 2513 292 2566 in
337 2530 463 2568 eum
494 2515 785 2572 effundunt
813 2519 984 2573 Graeci
1019 2521 1360 2576 sebismatici
1405 2533 1462 2576 et
1491 2523 1670 2577 Latini
1703 2526 1813 2579 liae-

234 2606 433 2670 retici,
497 2609 794 2678 perfectam
847 2611 915 2665 ab
983 2628 1049 2666 eo
1101 2612 1469 2670 Ecclesiarum
1527 2616 1818 2673 Orientalis

236 2713 366 2752 cum
398 2697 640 2754 Oceidua
675 2703 1123 2759 conciliationem
1170 2705 1346 2760 livore
1377 2706 1634 2762 Satanico
1673 2709 1817 2764 indi-

237 2799 492 2858 gnantes.

311 2881 398 2952 [Ρ.
449 2881 576 2954 483]
630 2884 690 2940 Ρ.
735 2888 856 2942 552.
902 2888 1150 2959 Sigillum
1196 2893 1337 2962 quod
1377 2892 1621 2947 adhibere
1679 2895 1820 2948 obsi-

271 3114 466 3144 ιιι-ι...-

1925 1891 2104 1943 exitus
2169 1890 2448 1945 Michaelis
2499 1891 2787 1962 Pal-.eologi
2839 1893 3092 1962 petitam,
3143 1893 3312 1946 fuisse
3345 1893 3508 1945 aliam

1924 1981 2176 2050 Oportuit
2209 1983 2263 2036 in
2295 1993 2478 2036 mente
2507 1984 2608 2052 ipsi
2636 1985 2911 2048 Micltacli,
2951 1985 3142 2055 utique
3176 1987 3364 2055 ignaro
3397 1983 3507 2037 diei

1923 2090 1984 2128 ac
2019 2074 2122 2127 loci
2149 2091 2259 2128 sua:
2284 2076 2495 2138 mortis,
2521 2092 2644 2129 cum
2678 2093 2796 2130 eam
2823 2078 2966 2131 ultro
2995 2093 3058 2131 ac
3092 2077 3270 2132 libens
3297 2091 3512 2130 assmu-

1924 2166 2049 2234 psit.
2077 2167 2321 2220 Putarim
2347 2168 2606 2236 equidem
2648 2184 2773 2223 eum
2801 2185 2896 2238 per
2921 2169 3064 2223 istud
3103 2170 3265 2223 tertio
3304 2169 3509 2236 repeti-

1922 2267 2036 2311 tum
2075 2259 2146 2310 Πῖ
2180 2259 2420 2313 voluisse
2450 2259 2692 2315 indicare
2720 2260 2771 2314 id
2807 2262 2952 2330 quod
2988 2262 3147 2315 initio
3188 2261 3350 2329 hujus
3381 2259 3505 2312 libri

1921 2354 2394 2416 monuimus,esse
2416 2369 2473 2407 se
2505 2352 2865 2424 Palteologum
2891 2372 2998 2409 non
3023 2372 3088 2410 ex
3119 2364 3272 2424 patre
3304 2354 3506 2416 solum,

1919 2445 2015 2501 sed
2069 2448 2235 2500 etiam
2288 2464 2350 2499 ex
2394 2457 2588 2510 matre,
2644 2465 2706 2502 ac
2737 2459 3032 2518 propterea
3068 2447 3262 2516 majori
3324 2449 3510 2501 littera

1921 2537 1988 2588 Πῐ
2021 2537 2069 2589 in
2109 2536 2294 2590 medio
2349 2541 2526 2607 posita
2572 2556 2628 2594 se
2672 2542 2850 2610 ipsum
2898 2551 3341 2610 repraesentasse.
3387 2541 3511 2594 aliis

1924 2629 2139 2684 duabus
2174 2647 2203 2683 a
2237 2633 2426 2685 dextra
2493 2642 2548 2685 et
2600 2633 2822 2687 sinistra
2875 2644 3158 2703 parentem
3213 2643 3510 2701 utrumque

1924 2724 2389 2792 significat'ttibus.
2439 2725 2572 2778 Nam
2623 2727 2985 2797 Palaeologum
3044 2727 3358 2796 significare
3407 2727 3508 2781 ista

1923 2815 2012 2879 Πῖ,
2051 2814 2253 2869 indicat
2284 2817 2472 2871 littera
2503 2821 2540 2870 A
2575 2819 2630 2872 in
2665 2831 2858 2874 ventre
2891 2819 3059 2873 medii
3085 2820 3283 2888 posita.

1899 3150 3498 3174 Ἦ

1037 3345 1512 3474 PETRI
1622 3349 2239 3479 POSSINI
2316 3352 2446 3482 S.
2561 3356 2681 3478 J.

692 3620 1748 3748 OBSERVATIONUM.
1804 3629 3024 3725 PACHYMEBIANARUM

1275 3855 1692 3972 LIBER
1791 3855 2460 4001 TERTIUS,

1535 4091 2208 4155 CHRONOLOGiCUS.

1819 4309 1892 4320 —-

643 4459 808 4530 689
840 4459 903 4531 [Ρ
933 4457 1060 4530 485]
1094 4457 1323 4515 CAPUT
1361 4455 1400 4511 l.

311 4592 388 4654 De
421 4597 712 4651 nominibus
747 4596 1005 4649 mensium
1041 4613 1072 4648 a
1106 4593 1429 4665 Puclrymere
1460 4595 1745 4663 usurpatis.

311 4739 444 4804 Qua:
487 4744 675 4790 noster
707 4733 1022 4798 historicus,
1065 4741 1265 4801 praeter
1309 4747 1516 4786 morem
1551 4747 1817 4800 usumque

239 4840 590 4890 caeterorum,
620 4824 673 4878 in
708 4824 987 4877 mensibus
1024 4824 1363 4891 appellandis
1393 4834 1579 4885 novat,
1626 4838 1687 4876 ea
1715 4824 1818 4876 etsi

240 4921 416 4976 videri
439 4927 687 4990 poterant
703 4917 768 4970 ad
788 4917 1196 4986 grammaticam
1219 4917 1495 4989 pertinere
1526 4917 1815 4978 rationem,

239 5013 334 5068 hic
383 5020 562 5064 tamen
613 5007 939 5075 exponenda
989 5006 1168 5074 potius
1219 5021 1381 5073 quam
1436 5005 1490 5057 in
1542 5004 1820 5058 Glossario

240 5103 473 5175 putavi,
527 5102 656 5171 quia
701 5112 950 5157 errorem
1005 5099 1061 5152 in
1113 5096 1469 5165 chronologia
1521 5096 1819 5152 obtrudere

241 5195 434 5251 lectori
480 5202 734 5264 poterant
789 5191 894 5246 nisi
946 5191 1013 5245 de
1060 5191 1123 5244 iis
1164 5200 1618 5260 praemoneretur.
1678 5191 1814 5243 Cum

237 5290 390 5345 enim
420 5289 542 5356 quis
579 5285 814 5356 exempli
850 5284 1025 5355 gratia
1056 5285 1264 5353 legeret
1307 5285 1686 5352 inauguratum
1720 5282 1821 5336 im.

239 5391 553 5451 peratorem
606 5377 929 5433 ilitbaclem
981 5376 1270 5430 neomcnia
1322 5375 1815 5440 llecatonabmonis,

239 5473 334 5528 vix
379 5479 581 5542 posset,
623 5470 770 5525 veris
810 5484 874 5522 ac
912 5469 1145 5536 vulgatis
1180 5479 1592 5537 przeoecupatus
1634 5468 1818 5521 notio-

239 5567 429 5631 nibus,
476 5565 622 5619 aliud
669 5565 853 5618 animo
884 5563 1156 5633 subjicere
1189 5577 1354 5631 quam
1383 5561 1534 5614 Junii
1568 5568 1663 5613 aut
1689 5560 1820 5615 Julii

239 5657 535 5724 meusisid
583 5654 842 5710 Kalendis
874 5653 1100 5708 factum.
1135 5653 1300 5721 Atqui
1327 5661 1540 5708 erraret
1582 5653 1656 5705 ita
1695 5667 1821 5706 cre—

242 5745 380 5800 dens
420 5756 534 5800 toto
563 5746 724 5810 cmlo,
756 5755 811 5800 et
843 5745 1091 5797 brumam
1131 5742 1184 5796 in
1226 5743 1519 5797 solstitium
1547 5745 1818 5805 mstivum,

242 5839 562 5895 Januarium
590 5839 641 5893 in
680 5837 982 5905 Quintilem
1024 5843 1227 5891 temere
1277 5837 1619 5892 transferret.
1658 5836 1816 5892 Edis-

1845 4460 1889 4521 C
1923 4464 2139 4509 seratur
2175 4454 2265 4508 hic
2299 4451 2465 4522 igitur
2499 4453 2552 4506 in
2585 4452 2777 4507 limine
2815 4452 3246 4523 Pachymeriana
3281 4467 3516 4510 nomen-

1930 4546 2093 4599 elatio
2125 4547 2420 4606 mensium,
2449 4561 2517 4598 ne
2543 4560 2649 4614 qua
2685 4544 2922 4613 cuipiam
2947 4545 3002 4600 in
3029 4545 3133 4610 hoc
3162 4561 3364 4616 genere
3394 4547 3514 4600 bal-

1929 4638 2193 4692 lucinatio
2223 4638 2474 4707 obrepat.

1999 4735 2140 4785 ΕΚΑ
2157 4733 2611 4800 ΤΟΜΒΛΙΩΝψ.
2652 4731 2742 4794 96,
2787 4731 3260 4801 Ἑκατομϐαιῶνος
3311 4748 3518 4800 νουμη-

1928 4820 2118 4875 νία.1η
2175 4821 2421 4890 margine
2478 4822 2768 4890 utriusque
2832 4824 3102 4880 codicisB
3126 4835 3180 4877 et
3216 4826 3256 4878 Α
3291 4834 3517 4877 notatur

1941 4913 2295 4982 Ἰανουαρίου,
2321 4914 2468 4981 quod
2499 4915 2676 4970 solum
2712 4916 2764 4968 in
2795 4927 3053 4970 contextu
3087 4916 3381 4971 Vaticanus
3415 4933 3515 4969 ex-

1929 5007 2140 5076 primit.
2168 5007 2430 5076 ldemque
2465 5017 2788 5064 constanter
2819 5010 3148 5064 observatur
3195 5010 3514 5080 ubicunque

1927 5102 2062 5158 aii-as
2099 5094 2574 5168 Ἐκατομϐαιιῶνος
2608 5117 2808 5155 nomen
2833 5103 3078 5170 ponitur.
3100 5103 3518 5172 Ἑκατομϐαιὼν

1930 5193 2259 5247 vocabulum
2307 5195 2599 5261 antiquum
2651 5203 2734 5248 est
2797 5196 2958 5263 primi
3015 5198 3223 5252 mensis
3278 5199 3332 5250 in
3370 5213 3516 5250 anno

1929 5283 2132 5346 Attico,
2157 5284 2225 5337 ab
2249 5283 2591 5338 hecatombis
2617 5283 2730 5336 sive
2755 5285 3044 5338 sacriﬁciis
3072 5297 3293 5339 centum
3325 5288 3513 5348 boum,

1931 5393 2051 5446 quae
2085 5376 2437 5445 auspicandis
2474 5377 2605 5429 anni
2644 5375 2770 5428 novi
2816 5375 3077 5430 Kalendis
3123 5377 3356 5430 solemni
3402 5377 3513 5431 ritu

1931 5470 2157 5535 ﬁebant,
2182 5469 2501 5524 deductum.
2534 5468 2710 5523 Verus
2741 5469 2798 5522 in
2829 5469 2952 5523 cceli
2984 5469 3200 5524 ratione
3225 5471 3367 5523 situs
3392 5468 3518 5522 hu-

1921 5562 2012 5630 jus
2037 5561 2265 5625 mensis,
2286 5570 2346 5616 ut
2369 5560 2487 5614 fuse
2510 5559 2855 5614 demonstrat
2878 5552 3232 5616 doctissimus
3260 5561 3521 5616 Petavius

1930 5663 2043 5708 tota
2073 5653 2448 5722 descriptione
2486 5655 2614 5709 anni
2659 5655 2852 5719 Attici,
2884 5654 3190 5724 praesertim
3221 5669 3271 5709 c.
3304 5654 3389 5719 Η,
3419 5655 3457 5708 I.
3492 5665 3511 5709 Ι

1933 5743 2274 5797 Dedortrina
2318 5753 2635 5815 temporum,
2679 5744 2783 5798 fuit
2832 5744 2979 5799 circa
3011 5746 3220 5814 τροπὰς
3254 5745 3473 5816 θερινὰς
3501 5769 3524 5809 ,ο

1932 5833 2209 5888 solstitium
2243 5837 2502 5892 a’stirnm.
2545 5835 2695 5894 Unde
2732 5834 2904 5890 ΕΓωυί
2955 5845 3211 5891 auctores
3257 5835 3521 5903 classici,-
