3992 6520
536 366 665 436 1151

1431 381 1493 444 Ρ.
1539 377 1838 445 POSSINI
1876 377 2521 448 OBSERVA'I‘IONUM
2565 383 2710 450 LIB.
2750 389 2863 452 III.

3657 389 3788 458 IIS!

529 487 625 555 qui
653 501 739 540 res
771 487 1042 544 Romanas
1073 499 1406 557 tractarunt,
1435 491 1944 550 Hecatombmonem
1985 510 2108 550 eum
2143 497 2183 550 Α
2214 493 2414 548 festum
2448 505 2692 566 agerent,
2726 499 2938 568 putavit
2969 501 3185 557 erudite
3217 517 3274 559 se
3304 502 3576 559 facturum
3615 507 3660 560 si
3695 525 3789 561 an-

532 593 719 631 mense
745 578 945 634 Juliani
979 584 1105 636 anni
1136 583 1299 638 Junio
1325 583 1437 638 fere
1465 596 1808 656 comparant,
1837 585 2099 640 Januario

531 677 712 722 autem
747 668 962 724 Juliauo
1007 675 1189 741 potius
1232 673 1602 728 Gamelionem
1649 683 1956 745 opponunt.
1993 675 2102 728 Ile-

527 761 801 816 eentiorcs
832 773 1015 817 autem
1056 765 1220 836 690
1257 767 1564 836 expeditius
1595 768 1840 822 Romana
1876 769 2101 820 nomina

526 850 730 907 Graecis
762 854 965 909 litteris
1009 859 1350 926 exprimunt,
1415 859 1772 927 Ἰανουάριον,
1830 858 2106 927 Φεϐρουά-

531 958 666 1012 ριον.
699 944 962 1014 Μάρτιον,
1011 958 1067 1000 et
1101 947 1182 1001 sic
1208 947 1291 1010 ,de
1325 949 1540 1003 caeteris
1572 947 1878 1002 scribentes
1922 966 1935 1001 :
1981 962 2105 1000 nam

527 1034 731 1103 alioqui
774 1035 944 1091 Graeci
983 1053 1200 1092 menses
1247 1039 1469 1093 lunares
1515 1048 1704 1094 exacte
1756 1037 2101 1108 respondere

526 1124 760 1180 Iulianis
783 1126 1006 1181 minime
1033 1129 1318 1182 lunaribus
1342 1137 1643 1198 nequeunt.
1681 1129 1878 1183 Nostro
1915 1139 2102 1183 tamen

528 1215 850 1288 Pachymeri
885 1219 1060 1274 visum
1091 1231 1174 1276 est
1206 1223 1339 1276 nulli
1385 1222 1569 1275 tritam
1617 1231 1864 1276 veterum
1893 1231 1988 1275 aut
2011 1222 2106 1291 ju-

528 1309 747 1364 nisrum
775 1313 916 1366 viam
947 1313 1308 1369 insistere.Ac
1339 1331 1462 1369 cum
1494 1315 1607 1370 fere
1626 1315 1808 1370 emteri
1837 1315 2110 1383 Ἑκατομ-

528 1400 764 1464 δαιῶνος
792 1417 927 1458 voce
976 1404 1201 1458 Iunium
1237 1415 1331 1459 aut
1377 1406 1582 1460 .lulium
1632 1407 1941 1476 designent,
2006 1407 2110 1476 ipsi

527 1487 696 1546 libuit
741 1490 796 1546 id
855 1507 1055 1547 nomen
1107 1493 1369 1547 Januario
1417 1493 1681 1547 tribuere.
1731 1493 1791 1546 ln
1822 1507 1932 1561 quo
1975 1493 2109 1547 satis

527 1592 755 1651 apparet
807 1599 972 1653 quam
1032 1584 1302 1638 rationem
1351 1583 1425 1637 sit
1477 1595 1726 1638 secutus.
1775 1583 1914 1649 Quia
1961 1583 2112 1637 enim

525 1676 768 1744 primum
790 1677 914 1730 anni
965 1677 1130 1732 Attici
1165 1693 1409 1733 mensem
1451 1677 1914 1745 Ἑκατομϐαιῶνα
1970 1677 2112 1730 scie-

527 1765 619 1821 bat
650 1765 716 1838 [P
751 1765 874 1839 486,]
904 1767 1134 1833 dictum,
1166 1768 1270 1822 isto
1299 1784 1519 1838 quoque
1564 1768 1831 1822 vocabulo
1879 1767 1962 1822 fas
2003 1767 2111 1822 sibi

523 1860 738 1928 putavit
761 1837 1007 1931 primum
1043 1859 1172 1913 item
1215 1859 1450 1915 Romani
1480 1859 1608 1914 anni
1648 1873 1890 1913 mensem
1921 1859 2109 1928 appel-
2141 1837 2188 1896 Β

524 1949 658 2012 lare.
693 1966 883 2020 parum
921 1960 1110 2006 curato
1139 1951 1461 2006 discrimine
1498 1960 1911 2021 tempestatum.
1935 1953 2010 2006 Ac
2039 1951 2116 2006 si-

527 2042 716 2098 milem
767 2043 823 2098 in
872 2044 1103 2098 aliorum
1159 2045 1324 2098 etiam
1381 2045 1796 2098 nomenclatura
1844 2045 2117 2098 mensium

527 2135 807 2189 licentiam
839 2151 1116 2204 usurpans
1144 2135 1492 2205 implicuerat
1522 2136 1758 2190 lectores
1791 2151 1919 2191 suos
1941 2135 2116 2190 ambi-

524 2221 732 2291 guitate
787 2223 1253 2291 perincommoda,
1283 2225 1386 2277 nisi
1412 2225 1530 2294 ejus
1560 2223 1768 2279 librarii
1803 2225 2114 2280 succurris-

525 2323 649 2369 sent
681 2315 923 2369 notando
959 2315 1076 2369 fere
1108 2316 1312 2386 ubique
1343 2316 1399 2370 in
1430 2331 1527 2371 ora
1563 2316 1824 2387 marginis
1853 2332 1984 2372 vero
2016 2333 2116 2373 no-

526 2403 675 2456 mine
702 2405 912 2458 mensis
943 2405 1191 2460 indicati.

596 2495 947 2562 AHNAIQN,
975 2513 1028 2566 ῃ.
1061 2487 1186 2553 306.
1229 2498 1291 2552 'II
1327 2500 1493 2570 unv’ic
1523 2500 1834 2571 Ληναιῶνος
1863 2500 2111 2572 δευτέρα.

524 2585 584 2640 ln
617 2588 858 2658 margine
879 2590 1166 2644 amborum
1193 2593 1529 2661 optimorum
1561 2593 1722 2648 codd.
1749 2593 1789 2646 Β
1817 2602 1871 2648 et
1897 2593 1941 2648 A
1964 2603 2020 2648 et
2052 2596 2108 2649 in

525 2688 784 2733 contextu
819 2681 858 2735 V
888 2682 1260 2754 Φεϐρουαρίου
1307 2685 1592 2740 scribitur.
1636 2686 1712 2740 Ac
1744 2701 1830 2760 res
1871 2687 1986 2757 ipsa
2029 2688 2113 2742 lo-

525 2771 714 2836 quitur
755 2765 1114 2827 Februarium
1156 2773 1246 2828 hic
1288 2775 1515 2844 signari,
1547 2776 1706 2846 cujus
1737 2776 1826 2830 die
1870 2776 2112 2830 secunda

524 2863 722 2919 festum
745 2865 1123 2938 Ὑπαπαντῆς,
1151 2869 1297 2939 quod
1331 2870 1776 2927 Puriﬁcationem
1805 2874 1973 2928 beata:
1989 2875 2114 2928 Dei-

520 2971 672 3033 parze
716 2957 893 3014 Latini
941 2959 1200 3026 dicimus,
1253 2964 1524 3018 celebrari
1576 2966 1928 3022 manifestum
1985 2977 2108 3023 est.

526 3047 602 3101 De
646 3030 750 3103 hoc
791 3062 973 3107 autem
1019 3053 1159 3110 testo
1205 3055 1294 3111 hic
1341 3065 1531 3111 noster
1577 3058 1691 3127 agit
1737 3059 2063 3113 nominatim
2094 3100 2106 3114 .

525 3137 682 3194 Unde
727 3152 914 3198 autem
965 3145 1019 3199 in
1053 3156 1293 3203 mentem
1334 3149 1440 3217 ipsi
1469 3150 1684 3204 venerit
1738 3149 2105 3205 Februarium

523 3232 820 3302 Ληναιῶνα
858 3251 1077 3300 vocare,
1112 3237 1354 3294 diﬂicilis
1387 3241 1709 3311 conjectura
1743 3252 1867 3297 est:
1922 3260 2106 3314 neque

523 3325 670 3378 enim
722 3327 869 3382 ullus
897 3329 1206 3385 Atticorum
1260 3333 1425 3402 vulgo
1470 3345 1900 3391 memoratarum
1930 3352 1993 3390 ac
2039 3353 2108 3392 ne

522 3418 1003 3478 Macedonicorum
1025 3425 1268 3492 quidem,
1292 3427 1730 3498 Bithynicorum,
1753 3431 2106 3502 Pythicorum

523 3522 621 3566 aut
653 3514 882 3569 omnino
936 3517 1103 3572 ullius
1133 3517 1319 3574 Graece
1370 3521 1567 3576 locuta:
1613 3523 1792 3592 gentis
1836 3525 2107 3579 mensium

525 3604 633 3660 hoc
661 3622 882 3673 nomen,
923 3609 1068 3679 quod
1101 3614 1294 3677 sciam,
1334 3612 1458 3669 fuit.
1499 3615 1704 3671 Scribit
1745 3617 2109 3686 quidemxl’e-

525 3700 728 3762 tavius,
758 3701 796 3756 I.
827 3717 845 3755 ι
885 3701 960 3756 De
995 3697 1144 3760 Doct.
1178 3714 1337 3776 temp.
1360 3743 1376 3769 ,
1409 3721 1460 3761 c.
1497 3707 1592 3767 54.
1625 3709 1923 3763 Βουκάτιον
1949 3709 2112 3765 Boeo-

524 3797 706 3844 torum
738 3794 974 3860 primum
1020 3810 1265 3850 mensem
1307 3796 1595 3867 Ληναιῶνα
1622 3799 1806 3852 vocari
1839 3799 1907 3854 ab
1936 3799 2110 3874 Hesy-

519 3881 672 3936 chio.
709 3883 914 3938 Verum
939 3925 954 3951 ,
994 3886 1140 3956 quod
1179 3887 1284 3942 viri
1329 3889 1532 3944 summi
1575 3901 1710 3959 pace
1751 3889 2009 3956 dixerim,
2054 3892 2109 3948 id

521 3972 666 4042 apud
698 3971 1028 4044 Hesychium
1065 3992 1176 4031 non
1221 3979 1363 4049 lego,
1403 3979 1522 4034 loco
1554 3995 1718 4049 quem
1752 3983 1866 4050 ipse
1896 3983 2108 4049 citavit,

517 4065 691 4118 verbo
723 4065 935 4122 scilicet
959 4069 1237 4139 Ληναιὼν,
1274 4070 1366 4124 ubi
1391 4084 1590 4126 contra
1614 4072 1693 4127 sic
1718 4073 1985 4144 scriptum
2019 4091 2112 4130 ex-

518 4165 664 4211 stat:
717 4159 974 4229 Ληναιὼν
1027 4163 1177 4232 μήν.
1229 4164 1434 4217 Οὐδένα
1486 4165 1597 4218 τῶν
1651 4167 1839 4238 μηνῶν
1883 4169 2110 4223 Βοιωτοὶ

519 4249 664 4304 οὕτω
687 4253 970 4308 καλοῦσιν.
1007 4255 1236 4318 Εἱκάζει
1267 4257 1325 4310 δὲ
1348 4261 1375 4310 6
1404 4258 1756 4330 Πλούταρχος
1782 4259 2106 4316 Βουκάτιον·

519 4345 616 4396 καὶ
655 4347 764 4413 γὰρ
801 4345 1009 4417 ψυχρός
1050 4350 1222 4404 ἐστιν.
1268 4351 1442 4404 Ἔνιοι
1472 4353 1530 4404 δὲ
1564 4353 1657 4404 τὸν
1709 4353 1972 4423 Ἐρμαῖον
1997 4396 2010 4419 ,
2050 4355 2109 4419 ὃς

522 4439 666 4506 μετὰ
697 4439 995 4493 Βουκάτιόν
1035 4441 1206 4496 ἔστιν·
1249 4445 1346 4497 καὶ
1383 4444 1493 4514 γὰρ
1541 4445 1820 4514 Ἀθηναῖοι
1860 4449 1960 4514 τὴν
1997 4448 2108 4501 τῶν

518 4530 776 4601 Ληναίων
805 4533 1000 4605 ἑορτὴν
1027 4535 1084 4590 ὲν
1113 4534 1262 4607 αὑτῷ
1291 4538 1538 4604 ἄγουσιν,
1579 4538 1694 4593 Iloe
1729 4548 1846 4594 cst:
1876 4540 2099 4596 Lenwou
2136 4530 2179 4585 Ῑ)

516 4623 730 4676 mensis.
753 4623 972 4678 Nullum
1005 4628 1260 4682 mensium
1286 4628 1452 4684 Boeoti
1469 4631 1545 4684 sic
1567 4631 1866 4701 appellant.
1887 4631 2097 4687 Iudicat

516 4723 698 4768 autem
749 4714 1074 4773 Plutarchus
1112 4719 1426 4777 Bucatium:
1463 4742 1588 4779 nam
1634 4734 1681 4778 et
1714 4727 1938 4795 frigidus
1974 4737 2047 4782 est
2081 4765 2096 4783 .

515 4805 696 4879 Aliqui
716 4825 836 4864 vero
852 4810 1176 4881 Hermwum,
1213 4819 1302 4886 qui
1331 4827 1444 4888 post
1475 4818 1753 4874 Bucatium
1777 4831 1884 4878 est:
1909 4825 2100 4877 etenim

513 4903 852 4961 Athenienses
896 4907 1209 4965 Lenworum
1238 4913 1433 4982 festum
1468 4916 1523 4967 in
1563 4917 1676 4985 ipso
1722 4924 1911 4986 agunt.
1945 4917 2103 4971 llunc

513 4993 697 5049 locum
746 4998 1001 5070 liesychii
1051 5002 1343 5072 descripsi,
1398 5005 1526 5073 quia
1581 5020 1647 5059 ex
1700 5006 1796 5061 illo
1852 5008 2104 5076 suspicor

513 5086 756 5144 oblatam
793 5094 1144 5149 occasionem
1183 5095 1509 5168 Pachymeri
1546 5099 1816 5154 Lenzeona
1851 5099 2099 5154 Februa-

513 5180 661 5234 rium
693 5186 945 5242 vocandi.
983 5187 1256 5242 Nimirum
1291 5205 1414 5243 cum
1452 5191 1579 5245 inde
1606 5200 1793 5246 noster
1819 5191 2102 5247 didicisset

511 5274 818 5330 secundum
850 5277 1210 5335 Thebanorum
1242 5297 1484 5336 mensem
1520 5283 1614 5352 qui
1645 5284 1929 5338 Bucatium
1966 5284 2096 5339 anni

515 5363 763 5420 Thebani
785 5373 1148 5438 caputstatim
1176 5376 1430 5445 sequitur
1448 5383 1504 5430 et
1538 5376 1798 5444 Ἑρμαῖος
1821 5375 2091 5430 "eruimus

507 5470 716 5512 nomen
766 5459 952 5525 habet,
1001 5464 1280 5533 aliquibus
1319 5468 1497 5523 videri
1541 5468 1830 5522 Lenzeonis
1867 5483 2088 5537 quoque

511 5549 686 5604 verbo
715 5549 1082 5623 designatum,
1119 5555 1325 5612 idcirco
1364 5558 1510 5628 quod
1552 5559 1698 5613 circa
1740 5567 1958 5627 tempus
1997 5573 2084 5612 sc-

508 5640 683 5694 eundi
731 5645 935 5700 mensis
980 5646 1294 5704 Bmotorum
1349 5649 1717 5706 Athenienses
1767 5649 2088 5706 Lenreorum

577 5823 650 5885 (⁸)
675 5823 744 5874 Cf.
772 5824 985 5886 Glossar.
1013 5823 1223 5878 alterum
1249 5843 1290 5878 ι’.
1321 5829 1556 5886 Ληναιών,

2207 600 2324 639 sam
2367 602 2433 640 ex
2482 602 2549 642 eo
2581 590 2852 648 arriperet
2897 594 3126 648 secundi
3158 596 3534 650 Romanorum
3586 600 3789 656 mensis

2207 677 2402 732 eodem
2445 678 2733 738 Lenzconis
2765 685 3036 739 vocabulo
3077 687 3350 756 Signandi.
3390 689 3515 744 llaec
3554 690 3789 760 scripse-

2209 785 2324 824 ram
2375 786 2498 825 Clltll
2534 773 2701 830 incidi
2753 775 2806 829 in
2855 776 3036 831 locum
3087 779 3556 850 llarpocrationis,
3603 784 3697 836 ubi
3738 785 3789 839 in

2210 861 2616 933 Diagrammate
2652 869 2923 923 mensium
2957 873 3264 928 Atticorum
3299 875 3790 946 Ronianorumque

2211 956 2467 1026 Ληναιὼν
2487 959 2513 1011 6
2535 960 2627 1012 καὶ
2647 959 2948 1016 Ποσειδεὼν
2979 961 3139 1034 691
3169 982 3199 1018 e
3231 968 3453 1038 regione
3481 971 3787 1040 apponitur

2209 1047 2581 1120 Φεδρουαρίῳ.
2630 1051 2685 1107 ld
2720 1065 2971 1111 secutum
3023 1058 3127 1113 hoc
3159 1059 3279 1114 loco
3325 1071 3582 1117 nostrum
3617 1063 3791 1118 credi-

2211 1142 2375 1196 bilius
2423 1153 2509 1198 est
2542 1145 2630 1215 (‘).

2283 1238 2624 1295 ΚΡΟΝιΟΣ.
2679 1239 3010 1296 Constanter
3037 1242 3141 1299 hoc
3173 1247 3394 1302 nomine
3424 1249 3794 1310 Pachvmeres

2214 1329 2466 1386 Martium
2518 1349 2757 1389 mensem
2794 1335 3070 1407 indigitat.
3104 1334 3236 1394 Nam
3295 1358 3349 1412 p.
3407 1342 3539 1404 2H,
3574 1343 3669 1397 ubi
3723 1345 3795 1399 sic

2213 1424 2480 1494 scriptum
2504 1435 2588 1480 est
2607 1444 2619 1481 :
2640 1427 2746 1480 Τοῦ
2765 1428 2808 1482 δ’
2829 1430 2992 1483 αὑτοῦ
3024 1431 3175 1496 ἔτους
3205 1435 3377 1502 μηνὸς
3406 1435 3672 1506 Κρονίου,
3697 1437 3796 1490 τῶν

2215 1516 2378 1569 οείων
2405 1518 2629 1589 ἡμερῶν
2681 1521 2779 1590 τῆς
2833 1524 3094 1590 νηστείας
3139 1525 3511 1596 τελουμένων,
3566 1537 3795 1598 uterque

2215 1610 2388 1664 codex
2412 1610 2451 1662 Β
2481 1620 2536 1665 et
2569 1611 2613 1666 A
2652 1629 2682 1668 e
2735 1614 2960 1682 regione
2996 1619 3146 1672 vocis
3201 1619 3430 1686 Κρονίου
3465 1619 3519 1673 in
3555 1622 3796 1690 margine

2218 1714 2448 1758 annotat
2479 1707 2766 1775 Μαρτίους
2795 1717 2852 1761 et
2882 1707 3078 1780 jcjunii
3128 1711 3552 1784 quadragenarii
3595 1716 3796 1770 mentio

2219 1796 2272 1850 in
2308 1811 2436 1851 cum
2482 1813 2728 1854 mensem
2785 1801 3132 1862 incurrentis
3164 1805 3327 1874 plane
3366 1807 3549 1862 .‘llartii
3603 1808 3795 1862 chara-

2221 1899 2426 1945 cterem
2453 1891 2636 1948 habet.
2667 1894 2934 1950 Prteterea
2963 1913 3016 1966 p.
3059 1897 3184 1963 555,
3222 1900 3288 1954 ad
3341 1915 3404 1956 ea
3453 1902 3627 1956 verba
3661 1905 3795 1973 Κρο-

2221 1982 2336 2034 νίου
2369 1983 2537 2054 μηνὸς
2581 1987 2889 2050 ινστάντος,
2950 2000 3182 2060 uterque
3222 1993 3396 2048 codex
3433 1993 3501 2048 ad
3550 2012 3705 2049 oram
3736 1996 3795 2050 li-

2221 2073 2304 2128 bri
2336 2075 2586 2147 Μάρτιον
2611 2079 2759 2135 clare
2785 2081 3053 2138 nominat.
3090 2083 3266 2140 Vatic.
3301 2102 3525 2156 quoque
3547 2090 3618 2143 de
3648 2103 3791 2144 more

2220 2167 2472 2238 Μαρτίου
2509 2185 2610 2240 pro
2641 2172 2879 2241 Κρονίου
2931 2174 2984 2229 in
3040 2185 3302 2231 contextu
3355 2179 3614 2235 collocat.
3643 2180 3792 2245 Quod

2220 2258 2352 2314 item
2384 2260 2513 2316 facit
2539 2279 2594 2332 p.
2626 2261 2751 2328 396,
2789 2265 2882 2320 ubi
2920 2267 3033 2323 haec
3069 2267 3306 2323 aliorum
3344 2266 3600 2326 codicum
3635 2273 3794 2328 verba

2219 2350 2452 2421 Κρονίου
2487 2353 2791 2435 ἀρχομένου
2844 2359 3033 2426 μηνὸς,
3064 2359 3182 2430 ipse
3213 2361 3393 2417 reddit
3419 2361 3672 2435 Μαρτῐου
3706 2366 3795 2433 ἁρ-

2219 2445 2455 2514 χομένου
2513 2449 2702 2517 μηνός.
2753 2433 2824 2505 Ut
2862 2451 3150 2508 dubitandi
3186 2455 3344 2511 locus
3388 2433 3527 2512 nonI
3557 2458 3795 2528 supersit

2218 2535 2352 2604 quin
2390 2537 2616 2594 Martius
2653 2543 2857 2597 mensis
2892 2542 2944 2597 in
2995 2544 3097 2599 hac
3129 2545 3362 2599 historia
3393 2547 3618 2601 dicatur
3661 2548 3795 2616 Κρό-

2218 2645 2349 2692 νιος.
2396 2630 2503 2685 Sed
2539 2647 2702 2701 qnam
2749 2636 3101 2692 manifestum
3140 2639 3365 2705 factum,
3401 2650 3514 2694 tam
3564 2641 3794 2698 obscura

2219 2721 2348 2777 facti
2380 2739 2544 2780 causa
2577 2737 2678 2783 est.
2705 2726 2846 2794 Quid
2887 2730 3033 2785 enim
3087 2732 3385 2790 verisimile
3410 2736 3795 2792 comminisca-

2218 2829 2342 2868 mur
2373 2833 2474 2870 cur
2506 2820 2718 2887 primus
2747 2831 2800 2875 et
2852 2838 2995 2878 unus
3029 2823 3395 2895 Pachymeres
3425 2843 3621 2883 vocem
3665 2831 3794 2899 Κρόο

2217 2923 2330 2969 νιος
2393 2907 2448 2962 iu
2507 2909 2845 2980 ignotissima
2902 2916 3100 2982 priscis
3147 2916 3305 2986 juxta
3363 2921 3791 2991 reccntibusque

2218 3000 2443 3056 notione
2476 2986 2873 3073 usurpaverit?
2899 3008 3032 3060 Dum
3062 3009 3209 3064 aliud
3239 3014 3612 3080 opportunius
3638 3031 3792 3084 sagax

2215 3091 2391 3147 lector
2417 3095 2692 3164 expediet,
2717 3113 2818 3167 ego
2852 3100 3174 3168 suspicabar
3202 3113 3475 3163 nostrum,
3503 3120 3630 3158 cum
3660 3105 3790 3159 forte

2137 3192 2180 3248 ε
2219 3185 2447 3240 vidisset
2480 3188 2532 3240 in
2585 3187 3036 3258 Ilarpocralionis
3094 3193 3492 3262 Diagrammate
3528 3200 3788 3252 mensium

2213 3277 2475 3345 superius
2524 3279 2754 3336 laudato
2827 3283 3277 3340 Ilecatombzconi
3335 3303 3434 3356 pro
3493 3303 3789 3361 synonyma

2214 3369 2476 3426 Cronium
2533 3373 2758 3444 apponi,
2813 3384 2869 3430 ct
2923 3377 3143 3434 aliunde
3173 3380 3339 3434 sciret
3377 3381 3634 3436 Martium
3668 3383 3786 3439 olim

2214 3461 2384 3518 fuisse
2419 3466 2654 3535 primum
2691 3469 2819 3522 anui
2859 3468 3091 3524 Romani
3147 3487 3394 3528 mensem
3429 3474 3604 3543 (juxta
3660 3474 3786 3529 illud

2213 3556 2561 3612 tritissimum
2592 3558 2795 3616 Tibulli
2823 3577 2839 3616 :

2266 3666 2348 3742 ,[ῐ)
2378 3669 2504 3745 ιδῃ
2538 3672 2726 3727 Martis
2760 3674 2987 3730 Romani
3013 3677 3158 3745 [estw
3188 3692 3374 3732 venere
3422 3676 3718 3735 Kalendaz:

2451 3742 2704 3798 Exoricns
2732 3749 2922 3800 nostris
2956 3742 3036 3800 hic
3069 3749 3164 3817 fuit
3193 3766 3364 3802 anuus
3396 3749 3555 3819 aris),

2211 3830 2308 3886 sed
2364 3843 2557 3902 postea
2598 3834 2804 3889 additis
2854 3835 3167 3892 decimestri
3201 3855 3348 3894 anno
3382 3838 3605 3894 duobus
3644 3856 3785 3896 men-

2212 3924 2367 3978 sibus
2400 3925 2665 3982 honorem
2689 3927 2924 3984 ducendi
2955 3947 3158 3986 annum
3200 3923 3463 3987 Januario
3499 3935 3782 4000 tributum,

2214 4017 2632 4088 Pachymerem,
2682 4021 2927 4092 inquam,
2980 4024 3086 4080 hoc
3141 4040 3199 4081 se
3259 4042 3423 4082 nosse
3466 4031 3783 4098 gestientem

2215 4121 2513 4177 ostentare,
2550 4115 2767 4171 duobus
2803 4117 3085 4174 mensibus
3115 4122 3271 4190 quasi
3302 4123 3368 4175 de
3402 4123 3641 4190 primatu
3672 4139 3788 4179 cer.

2213 4205 2459 4259 tantibus
2497 4207 2550 4260 in
2585 4207 2836 4264 Romano
2865 4227 3030 4278 anno,
3081 4214 3346 4270 vocabula
3382 4216 3492 4271 duo
3534 4218 3782 4273 divisisse

2211 4313 2334 4366 qua:
2382 4298 2550 4353 Attici
2607 4301 2735 4355 anui
2792 4303 2968 4372 primo
3001 4307 3174 4362 mensi
3225 4309 3609 4366 convenirent.
3659 4311 3780 4365 Dia-

2214 4403 2462 4457 gratuma
2513 4390 2648 4446 illud
2707 4396 2877 4450 semel
2927 4396 3018 4452 hic
3066 4399 3381 4457 describere
3431 4406 3567 4457 tanti
3609 4403 3780 4458 visum

2213 4488 2318 4534 est.

2429 4575 2727 4644 Ὀνόματα
2754 4577 2970 4648 μηνῶν
3000 4583 3154 4636 κατὰ
3201 4584 3573 4654 Ἀθηναίους.

2287 4685 2702 4757 Ἐκατομὸαιὼν
2720 4691 2748 4742 6
2767 4690 2864 4744 καὶ
2889 4691 3032 4762 Κρό-
3100 4698 3127 4747 6
3155 4697 3534 4768 Σεπτέμϐριος

2278 4774 2391 4837 νιος
2666 4829 2678 4837 _
3101 4769 3128 4820 6
3159 4767 3504 4837 Ὀκτὼἣρὶος,

2279 4827 2690 4909 {tiatur/etvenit
3099 4839 3126 4888 6
3161 4827 3504 4909 Δεκέμϐριοξ

2283 4898 2605 4980 ξίυανεψιών
2666 4971 2678 4980 .
3171 4898 3509 4980 Ἰανουάριοξ

2276 4968 2772 5051 Ῐξίαιμαεκττὶριίῖξνκ
2896 5045 2916 5051 _
2973 5043 2984 5051 _
3100 4978 3128 5029 6
3159 4968 3533 5051 Φεϐρουάριος

2275 5038 2533 5121 ἒηναιὼν
2560 5041 2587 5092 6
2612 5043 2702 5094 καὶ
2727 5043 3029 5099 Ποσειδεὼν
3107 5051 3132 5099 ὁ
3164 5038 3418 5121 Μὰρ-ηοξ

2277 5108 2578 5188 Fugin).th
2633 5181 2643 5188 Ι
3105 5121 3132 5170 ὁ
3169 5108 3485 5188 Ἀτέρᾶλιος

2288 5177 2379 5255 ’ἐν
2387 5177 2440 5232 es
2451 5199 2547 5255 orn
2556 5199 2585 5255 ρ
2594 5181 2689 5255 ιῴν
3103 5191 3130 5241 6
3170 5193 3221 5243 Μ
3229 5177 3347 5255 die;

2276 5249 2686 5328 Ἐλαφηϐολιών
3101 5262 3129 5312 6
3183 5249 3373 5316 Ἰούνίο
3385 5283 3405 5328 ;

2278 5319 2604 5398 δίουνυῇμῴν
3102 5332 3130 5382 6
3167 5319 3391 5398 Ἰούλιοέ

2275 5390 2606 5474 ραρχηὶιών
2626 5465 2638 5474 ⁸
3105 5403 3132 5454 6
3171 5405 3246 5456 Αῡ
3257 5422 3353 5474 γου
3364 5390 3488 5472 ἆτος

2273 5463 2682 5534 Σκιρῤοφοριών

2265 5556 2430 5626 692
2466 5561 2946 5617 ΒΟΗΔΡΟΜΙΩΝ.
2974 5580 3029 5633 p.
3064 5563 3169 5618 957
3198 5565 3609 5635 Βοηδρομιῶνος
3632 5568 3775 5622 ιστα-

2205 5650 2390 5720 μένου.
2432 5651 2675 5724 Uterque
2706 5655 2830 5712 cod.
2879 5655 3001 5713 Bet
3049 5659 3092 5712 Α
3152 5657 3206 5712 in
3254 5671 3348 5713 ora
3397 5657 3523 5713 libri
3545 5656 3770 5730 Ἆπριλυ
