3992 6518
241 374 380 436 115‘}

1543 367 2205 428 CHRONOLOUICUS.

3371 373 3504 440 1.51

235 487 379 549 λίου,
412 482 586 538 Vatic.
623 481 744 536 τότε
775 482 952 536 τοίνυν
981 481 1295 552 ’Δπριλλίου
1320 482 1656 551 ἀρχομένου.
1689 483 1821 536 Boc-

1938 486 2091 540 ‘utssc
2117 485 2497 542 Gamelionem
2527 531 2541 554 ,
2580 504 2742 559 quem
2784 499 2935 546 certo
2975 491 3216 546 vidimus
3249 492 3504 564 Septem-

241 578 594 632 dmmionem
629 576 852 631 tertium
887 575 1052 632 fuisse
1095 590 1337 629 mensem
1372 574 1426 628 in
1459 590 1602 628 anno
1632 573 1817 628 Attico

238 670 585 724 demonstrat
618 668 894 730 Petavius,
921 669 962 723 l.
989 686 1004 722 ι
1039 667 1111 721 De
1143 667 1291 720 Doct.
1326 677 1483 734 temp.
1518 682 1568 720 c.
1599 667 1686 730 il,
1737 675 1818 720 te-

233 763 513 817 stimoniis
537 762 871 825 Aristotelis,
893 762 1254 830 “Theophrasti
1281 771 1336 814 et
1357 761 1539 814 Plinii.
1565 759 1668 814 Sed
1693 774 1816 813 cum

236 855 469 908 tertium
508 856 687 908 locum
715 854 826 924 jam
859 863 1181 922 occupasset
1213 851 1569 922 Pachymeris
1599 850 1815 921 judicio

237 947 507 1011 Cronius,
563 958 823 1017 quartum
879 948 956 1002 illi
1015 947 1339 1016 assignavit,
1397 955 1490 1000 aut
1532 945 1681 999 aliud
1735 955 1820 999 est

236 1053 470 1098 secutus
509 1043 655 1112 quod
717 1058 816 1095 nos
856 1042 1008 1095 latet.
1073 1042 1146 1094 De
1191 1055 1250 1094 re
1296 1039 1410 1108 ipsa
1457 1049 1690 1102 constat,
1728 1038 1819 1091 hic

237 1132 451 1187 Juliani
483 1132 610 1185 anni
647 1131 888 1201 Aprilem
916 1127 1170 1197 intelligi,
1199 1142 1324 1180 cum
1353 1125 1700 1180 describatur
1741 1123 1820 1177 fe-

240 1234 391 1278 stum
435 1222 733 1278 ἀκὰθιστον
784 1221 1014 1283 dictum,
1068 1219 1282 1290 jejunio
1331 1233 1502 1272 verno
1551 1215 1816 1270 celebrari

240 1315 495 1381 solitum,
565 1313 807 1369 Sabbato
871 1311 1132 1366 videlicet
1204 1310 1409 1380 quintae
1463 1307 1818 1363 hebdomadas

241 1406 707 1477 Quadragesinnr,
753 1413 812 1459 ut
845 1403 1193 1473 ostendimus
1233 1403 1288 1456 in
1324 1402 1602 1456 Glossario
1650 1398 1818 1453 verbo

244 1499 566 1561 ἀκάΟιστος.
597 1499 715 1564 Quo
745 1498 833 1552 die
863 1497 1069 1551 Pascha
1093 1495 1187 1550 illo
1217 1510 1363 1548 anno
1390 1494 1578 1556 fuerit,
1604 1503 1660 1547 et
1683 1508 1818 1546 con-

241 1602 546 1663 sequenter
577 1591 631 1644 in
661 1606 822 1660 quem
855 1589 1056 1658 Aprilis
1090 1602 1178 1642 res
1211 1588 1298 1641 hic
1337 1595 1558 1640 narrata
1609 1585 1820 1640 incide-

245 1686 340 1749 rit,
374 1684 620 1739 dicemus
647 1683 811 1747 infra,
841 1683 933 1737 ubi
958 1683 1025 1738 de
1064 1681 1480 1738 characteribus
1510 1679 1819 1734 chronolo-

244 1775 384 1845 gicis
418 1776 588 1846 hujus
622 1773 865 1829 historiae
892 1749 1110 1843 agetur:

317 1836 782 1930 ΠΥΑᾸἙΨΙΩΝ,
843 1881 901 1934 p.
931 1836 1082 1929 '403,
1138 1865 1356 1934 εἰκοστῇ
1394 1863 1491 1934 μὲν
1537 1863 1635 1917 καὶ
1682 1863 1818 1934 ἕκτῃ
1858 1836 1896 1890 Β

243 1959 655 2028 Πυανεψιῶνος.
690 1959 732 2012 Ε
763 1958 986 2029 regione
1024 1957 1174 2012 vocis
1231 1958 1612 2027 Πυανεψιῶνος
1661 1957 1821 2013 codd.

242 2050 286 2106 Β
313 2062 374 2107 et
399 2051 444 2105 A
476 2053 682 2107 habent
730 2053 932 2116 Μαΐου,
969 2051 1117 2121 quod
1170 2053 1211 2108 V
1265 2053 1342 2120 de,
1382 2066 1533 2106 more
1571 2051 1625 2106 in
1688 2064 1820 2105 con-

245 2157 459 2202 textum
505 2146 721 2216 recipit.
765 2146 892 2201 Nec.
936 2145 1166 2200 dubium
1233 2145 1568 2214 relinquitur
1593 2160 1659 2198 ex
1690 2143 1822 2198 cha-

246 2251 464 2294 ractere
503 2255 628 2293 mox
665 2253 929 2308 expresso
963 2236 1088 2293 festi
1139 2237 1396 2293 instantis
1444 2238 1822 2304 Peutecostes,

247 2342 310 2386 ut
340 2332 568 2388 inferius
597 2329 1124 2394 demonstrabimus,
1163 2331 1298 2400 quin
1331 2330 1503 2384 Maius
1549 2329 1640 2383 hic
1666 2345 1824 2383 men-

244 2427 328 2482 sis
361 2425 652 2480 indicetur.
682 2423 838 2480 Unde
872 2421 1260 2492 corrigendum
1323 2421 1542 2474 videtur
1580 2420 1726 2488 quod
1769 2436 1822 2488 p.

245 2519 358 2574 270
387 2519 652 2575 scribitur
678 2515 1017 2579 πυαντιῶνος
1042 2532 1057 2579 ς
1089 2522 1174 2571 est
1198 2515 1346 2568 enim
1382 2514 1458 2568 ibi
1488 2513 1544 2566 in
1578 2514 1824 2584 margine

248 2627 359 2665 vox
394 2611 598 2673 Μαΐου,
635 2609 862 2678 antiqua
903 2623 1090 2673 manu,
1120 2607 1207 2662 cui
1249 2607 1516 2676 glossema
1559 2605 1828 2660 recentio-

250 2704 333 2758 ris
367 2717 563 2756 manus
585 2701 937 2772 subiungitur
963 2698 1487 2769 μεταγειτεινιῶνος.
1519 2697 1625 2751 Res
1661 2711 1827 2766 porro

251 2796 373 2866 ipsa
399 2805 456 2850 et
495 2795 600 2850 loci
628 2794 926 2858 sententia,
960 2802 1020 2848 ut
1055 2793 1092 2846 Ι.
1132 2793 1165 2846 5
1218 2791 1650 2846 Observationum
1677 2805 1726 2844 c.
1755 2788 1787 2843 5
1813 2831 1826 2854 ,

250 2889 399 2944 clare
427 2889 888 2950 demonstramus,
919 2885 1145 2940 omnino
1177 2884 1374 2938 Maium
1424 2884 1613 2954 exigit.

325 2981 932 3043 ΜΔῙΜΑΚΊἨΡΙΩΝ,
962 2993 1014 3048 p.
1051 2977 1178 3032 450.
1234 2977 1474 3047 Δευτέρᾳ
1517 2977 1573 3029 δὲ
1603 2977 1828 3043 Μαιμα-

252 3075 584 3145 κτηριῶνος.
612 3072 668 3126 In
701 3077 947 3144 margine
978 3071 1090 3126 duo
1121 3070 1282 3125 codd.
1326 3070 1573 3126 Ἰουνίου.
1607 3070 1831 3124 Tertius

1924 582 2078 634 brem
2105 596 2246 633 esse.

1991 673 2088 725 ΜΟ
2103 673 2194 725 ΥΝ
2208 673 2430 726 ΥΧΙΩΝ
2450 711 2463 734 ,
2495 689 2616 742 pag.
2681 675 2805 730 518.
2861 676 3044 746 Μηνὸς
3095 678 3502 748 Μουνυχιῶνος.

1921 762 2096 820 Codd.
2126 765 2167 819 Β
2191 775 2248 820 et
2292 767 2334 820 Α
2369 768 2748 836 Μουνιχιῶνος
2779 771 3049 838 glossema
3076 763 3312 826 solitum
3333 773 3505 827 ascri-

1922 855 2104 921 bunt,
2147 857 2453 912 Romanum
2507 861 2712 913 mensis
2773 863 2893 930 ejus
2941 863 3262 918 vocabulum
3320 865 3504 934 expri-

1921 964 2105 1014 mens,
2144 950 2455 1019 Νοεμϐρίου
2518 951 2849 1006 Novembris.
2890 953 3046 1019 Quod
3101 971 3228 1011 vero
3277 957 3500 1011 initium

1923 1041 1977 1095 id
2009 1041 2178 1096 fuisse
2228 1044 2353 1096 anni
2391 1044 2557 1098 verba
2595 1045 2684 1098 illa
2723 1047 2974 1110 ἐπιόντος
3025 1047 3178 1111 ἔτους
3230 1049 3499 1114 indicant,

1921 1134 2273 1188 referendum
2329 1135 2396 1188 ad
2432 1135 2817 1201 indictionem,
2850 1155 2972 1206 (luas
3022 1141 3302 1209 peculiare
3358 1142 3492 1197 anni

1921 1226 2252 1296 principium
2309 1226 2548 1283 ducebat
2606 1245 2634 1282 a
2701 1228 3060 1298 Septembri,
3113 1247 3238 1286 cum
3287 1230 3497 1302 alioqui

1922 1317 2100 1370 civilis
2127 1318 2254 1371 anni
2295 1327 2459 1387 caput
2495 1319 2548 1372 in
2587 1320 2706 1373 Kal.
2737 1320 3021 1376 Januariis
3055 1321 3224 1376 ﬁxum
3251 1331 3417 1378 esset.

1993 1411 2542 1466 ΣΧΙΡΡΟΦΟΡΙΩΝ.
2562 1413 2773 1469 Nomen
2808 1415 2913 1469 hoc
2928 1417 3082 1485 apud
3109 1417 3498 1488 Pachymerem

1924 1502 2098 1555 ultimi
2154 1505 2359 1557 mensis
2412 1512 2499 1558 cst
2549 1505 2907 1572 Decembris,
2956 1517 3015 1562 ut
3060 1507 3387 1578 intelligitur
3431 1524 3500 1564 ex

1920 1595 2106 1648 verbis
2140 1611 2261 1665 pag.
2295 1594 2400 1650 505’
2433 1613 2447 1652 :
2492 1596 2553 1649 Ὀ
2597 1596 2854 1665 βασιλεὺς
2879 1598 3074 1652 τοῦτον
3121 1601 3497 1670 προϐάλλεται

1922 1687 2090 1756 μηνὸς
2121 1687 2595 1758 Σκιρροφοριῶνος
2647 1692 2863 1761 εἰκοστῇ
2919 1691 3102 1762 ὀγδόῃ.
3159 1693 3239 1750 Ad
3303 1695 3504 1765 margi.

1924 1794 2049 1833 nem
2089 1794 2119 1833 e
2143 1780 2370 1849 regione
2410 1780 2466 1834 in
2499 1780 2622 1835 cod.
2651 1781 2689 1834 Β
2718 1783 2984 1838 scribitur
3012 1785 3378 1854 Asxep6piou,
3417 1785 3496 1840 uti

1926 1880 1981 1925 et
2009 1887 2131 1940 pag.
2169 1871 2295 1933 559,
2333 1872 2424 1926 ubi
2460 1872 2528 1927 de
2576 1873 2908 1944 imperatore
2959 1877 3226 1931 scribitur
3270 1878 3499 1948 θνήσκει

1924 1962 1979 2016 δὲ
2011 1963 2483 2035 Σκιρροφοριῶνος
2551 1966 2849 2038 ἑνδεκάτῃ,
2882 1968 2935 2022 in
2989 1970 3232 2040 margine
3289 1971 3503 2041 Δεκεμ-

1926 2055 2105 2126 ϐρίου.
2140 2056 2296 2123 Quod
2333 2059 2628 2129 utrobique
2664 2059 2707 2114 ν
2751 2061 2803 2115 in
2840 2070 3154 2118 contextum
3189 2062 3406 2134 recipit.

2547 2177 2773 2234 CAPUT
2815 2178 2879 2234 ll.

1929 2293 2148 2347 Initium
2189 2293 2400 2362 imperii
2450 2291 2709 2346 Theodori
2747 2292 2995 2346 Lnscaris
3050 2292 3309 2354 Junioris,
3364 2293 3502 2347 unde

1999 2367 2106 2417 hwc
2130 2365 2350 2416 historia
2382 2364 2637 2434 procedit,
2681 2363 2975 2415 rationibus
3014 2365 3399 2434 chronologicis
3449 2372 3502 2418 et

1998 2435 2190 2488 cwlesti
2222 2435 2525 2486 charactere
2556 2433 2973 2487 demonstratur.

2000 2526 2045 2581 Ι.
2076 2526 2198 2581 Non
2231 2541 2525 2595 possumus
2567 2541 2631 2578 ex
2670 2525 3057 2594 opportuniori
3093 2525 3303 2596 epocha
3339 2525 3506 2598 hujus

1928 2620 2173 2675 historiae
2199 2627 2365 2688 caput
2412 2619 2615 2672 ducere
2653 2633 2818 2687 quam
2871 2634 2936 2672 ex
2973 2619 3132 2672 initio
3162 2619 3506 2689 principatus

1931 2711 2205 2766 Theodori
2239 2711 2490 2765 Lascaris
2526 2727 2592 2764 eo
2627 2710 2850 2764 nomine
2882 2711 3132 2771 secundi,
3166 2712 3261 2766 ﬁlii
3293 2721 3350 2767 et
3383 2728 3508 2767 sue-

1931 2801 2168 2858 cessoris
2196 2801 2251 2855 in
2302 2800 2535 2870 imperio
2563 2799 2794 2854 Joannis
2829 2799 3010 2865 Dncze,
3046 2800 3276 2855 Bataua:
3305 2817 3508 2873 cogno-

1929 2894 2146 2948 minati.
2183 2893 2491 2962 lnsigniora
2523 2893 2671 2946 enim
2704 2908 2937 2962 quaeque
2990 2892 3058 2946 de
3107 2893 3368 2948 Michaele
3401 2895 3505 2949 Pa-

1935 2987 2161 3057 laeologo
2206 2986 2388 3040 adhuc
2424 2987 2640 3054 privato
2680 2986 2770 3039 hic
2815 2995 3030 3039 narrata
3069 2985 3171 3040 hoc
3213 2985 3506 3041 Theodoro

1936 3080 2239 3146 imperante
2267 3077 2639 3144 contigerunt,
2670 3076 2824 3145 Cujus
2868 3084 3260 3145 prmmaturum
3291 3076 3503 3132 obitum

253 3178 316 3222 ut
368 3167 509 3222 solet
563 3165 617 3220 id
671 3181 872 3220 nomen
911 3163 1192 3220 contexlui
1244 3162 1439 3218 inserit
1473 3178 1572 3216 nec
1623 3163 1822 3216 festum
1855 3179 1897 3237 ο
1932 3171 2113 3225 statim
2148 3171 2259 3225 fere
2289 3169 2571 3223 Michaelis
2600 3168 2844 3239 ejusdem
2890 3167 2944 3220 in
2972 3167 3262 3238 imperium
3288 3169 3503 3225 evectio

256 3263 620 3318 Pentecostes
653 3261 709 3314 in
750 3259 1050 3316 secundam
1079 3259 1173 3313 illo
1203 3273 1350 3312 anno
1379 3257 1529 3312 Junii
1558 3257 1830 3322 incidens,

256 3362 318 3410 ut
352 3370 454 3411 suo
487 3355 611 3410 loco
641 3353 989 3415 docebimus,
1018 3351 1249 3406 dubium
1280 3350 1548 3421 relinquit
1577 3350 1708 3419 quin
1737 3348 1832 3404 Ju-

254 3447 382 3501 nius
407 3444 727 3516 Pachymeri
747 3441 1194 3512 Μιιμακτηριὼν
1221 3439 1314 3494 sit.
1338 3438 1410 3492 Τὸ
1433 3440 1516 3492 ὅτι
1540 3446 1828 3493 tenemus:

252 3538 317 3591 τὸ
342 3537 499 3601 διότι,
534 3547 593 3591 ut
626 3537 682 3591 in
711 3535 950 3598 carteris,
977 3530 1362 3603 quaerendum.
1388 3531 1520 3586 Davi
1553 3531 1701 3588 enim
1738 3546 1834 3587 su-

251 3645 406 3696 mus,
434 3646 545 3685 non
574 3629 774 3698 (Edipi
807 3630 894 3700 (').

325 3722 393 3795 [P
417 3722 544 3795 488]
568 3725 1100 3784 ΑΝΘΕΣἹῊΡΙΩΝ,
1124 3737 1180 3793 p.
1205 3720 1332 3784 286,
1354 3722 1381 3772 ὁ
1410 3717 1828 3788 Ἀνθεστηριῶν.

251 3815 298 3870 Ε
339 3816 566 3888 regione
611 3818 665 3870 in
725 3815 967 3886 margine
1017 3815 1259 3877 Ἰούλιος.
1314 3812 1358 3867 γ
1419 3813 1472 3867 id
1539 3811 1716 3866 solum
1775 3810 1832 3864 in

249 3918 517 3966 contextu
556 3908 743 3964 habet.
775 3908 970 3974 Antea,
1005 3924 1058 3976 p.
1101 3907 1224 3970 H9,
1270 3904 1463 3976 Ἐορτῇ
1495 3903 1594 3971 τῆς
1629 3902 1835 3971 Θεομή-

249 4019 416 4074 τορος
435 4002 638 4073 Ἀννης
667 4000 837 4072 μηνὸς
877 3997 1360 4070 Ἀνθεστηριῶνος.
1379 3997 1590 4050 Rursus
1621 3991 1828 4062 p.483:

251 4097 394 4149 Τότε
422 4096 604 4148 τοίνυν
640 4093 919 4165 δωδεκάτῃ
948 4091 1405 4162 Ἀνθεστηριῶνος
1440 4089 1631 4157 μηνός.
1663 4084 1832 4141 Utro-

252 4190 428 4259 bique
463 4188 626 4243 codd.
681 4187 749 4242 de
802 4203 955 4242 more
1010 4185 1228 4240 Ἰούλιον
1279 4182 1563 4237 adnotant.
1601 4176 1832 4248 Augusti

252 4283 466 4338 mensis
519 4281 1012 4350 Pachymerianum
1066 4292 1266 4332 nomen
1322 4276 1379 4330 in
1432 4275 1535 4328 hac
1565 4272 1830 4337 historia,

251 4376 406 4448 quod
439 4375 805 4440 meminerim,
841 4387 951 4426 non
991 4381 1166 4426 exstat
1193 4372 1300 4441 (“).

329 4466 718 4528 ΓΑΜΗΑΙΩΝ,
752 4479 807 4533 p.
855 4461 982 4523 395,
1022 4459 1369 4528 Γαμηλιῶνος
1428 4455 1617 4526 μηνός.
1657 4450 1831 4510 Codd.

258 4560 383 4614 Bet
410 4559 454 4612 Α
479 4573 508 4612 e
532 4557 755 4627 regione
800 4552 1127 4608 adscribunt
1174 4548 1582 4619 Σεπτεμΰρίου,
1628 4549 1831 4605 silente

254 4660 459 4724 praeter
494 4665 704 4705 morem
731 4647 795 4713 V,
823 4647 915 4716 qui
946 4646 1050 4699 hoc
1099 4657 1311 4698 comma
1343 4640 1604 4695 transilit.
1657 4641 1832 4696 Antea

254 4767 312 4821 p.
345 4747 475 4813 299,
505 4746 611 4816 μὴν
641 4743 698 4795 δὲ
749 4739 1071 4810 ἐφειστήκει
1122 4737 1244 4790 τότε
1308 4735 1626 4805 Γαμηλιὼν,
1665 4736 1833 4807 ἡγετο

254 4846 320 4901 δὲ
385 4844 418 4913 ἡ
459 4837 556 4891 τοῦ
603 4835 789 4906 τιμίου
853 4831 1088 4897 σταυροῦ
1127 4829 1320 4899 ἑορτὴ,
1372 4829 1574 4882 festum
1628 4828 1836 4882 exalta-

258 4934 434 4993 tionis
471 4929 530 4984 S.
578 4925 774 4982 Crucis
819 4922 884 4976 Η
937 4919 1278 4991 Septembris
1337 4917 1505 4972 etiam
1551 4933 1579 4971 a
1633 4916 1836 4971 Graecis

260 5023 628 5083 celebratum.
675 5015 954 5071 Consueta
990 5020 1046 5066 et
1089 5010 1166 5064 ibi
1195 5007 1360 5063 codd.
1392 5007 1712 5071 admonent,
1740 5006 1836 5060 sed

261 5117 401 5173 satis
430 5129 496 5168 ex
531 5110 652 5166 festi
689 5107 967 5162 mentione
1002 5103 1329 5172 intelligitur
1357 5098 1704 5169 September.

334 5206 499 5278 393
533 5197 1072 5258 εΑΑΦΗΒοΑωΝ.
1095 5209 1215 5264 pag.
1275 5192 1400 5247 594.
1435 5188 1839 5259 Ἐλαφηῦολιῶ-

261 5318 356 5362 νος
389 5300 528 5369 ἕκτῃ
563 5295 753 5366 μηνός.
789 5293 1122 5362 Suggerunt,
1152 5297 1211 5342 ut
1243 5289 1444 5351 solent,
1490 5285 1652 5340 codd.
1699 5284 1739 5337 Β
1787 5291 1844 5338 et

261 5394 309 5448 A
340 5391 398 5446 in
431 5387 676 5458 margine
707 5385 963 5439 Latinum
991 5380 1196 5436 mensis
1230 5395 1432 5434 nomen
1471 5377 1836 5447 ’Umu'iéptov,

262 5482 576 5545 Octobrem,
613 5493 777 5549 quem
805 5486 861 5531 et
902 5476 1021 5546 ipse
1051 5475 1208 5529 locus
1231 5489 1327 5542 per
1355 5487 1414 5526 se
1445 5471 1679 5533 indicat,
1714 5484 1840 5524 cum

267 5577 326 5631 in
380 5589 448 5629 eo
491 5572 793 5627 amrmetur
861 5567 1265 5637 praecedentem
1327 5564 1550 5634 ἀμέσως
1596 5577 1841 5618 mensem

338 5783 401 5842 t’)
438 5782 505 5833 Cf.
533 5780 748 5831 Glossar.
774 5779 920 5827 alter.
957 5791 1000 5826 ν.
1030 5776 1423 5842 Μαιμακτηριῴν.

339 5839 422 5904 ("i
451 5844 519 5898 Cf.
556 5844 766 5895 Glossar.
793 5845 1006 5891 alterum
1031 5852 1074 5888 ν.
1115 5839 1404 5887 Ποσειδεὼν.

1867 4518 1909 4571 D

1933 3261 2169 3330 excepit.
2226 3259 2352 3318 Scio
2405 3259 2508 3314 sub
2554 3258 2766 3313 Joanne
2823 3271 3044 3328 quoque
3089 3260 3342 3315 nonnihil
3383 3261 3506 3330 ejus

1933 3352 2172 3421 generis,
2205 3367 2328 3422 cap.
2355 3352 2408 3414 6,
2442 3351 2538 3405 lib.
2573 3367 2588 3404 ι
2625 3350 2928 3405 memorari
2964 3367 2977 3404 :
3006 3365 3194 3405 verum
3221 3360 3278 3417 et
3302 3351 3354 3406 id
3388 3351 3510 3408 obi-

1936 3454 2020 3500 ter
2058 3445 2397 3500 insinuatum
2430 3445 2697 3499 duntaxat
2743 3444 2900 3514 quasi
2952 3445 3277 3513 przetexitur
3316 3444 3507 3513 Operi;

1933 3549 1990 3592 et
2019 3539 2153 3594 illud
2178 3539 2356 3608 ipsum
2388 3538 2512 3608 jure
2550 3536 2812 3606 imputari
2853 3537 3148 3592 Theodoro
3177 3536 3356 3607 potuit
3387 3545 3510 3593 tan-

1935 3641 2049 3687 tum
2094 3647 2204 3686 non
2243 3630 2532 3700 imperanti
2563 3637 2619 3682 ct
2644 3628 2789 3698 apud
2822 3637 3105 3696 parentem
3141 3628 3414 3682 seniorem
3440 3643 3509 3684 eo

1933 3722 2122 3791 gratiae
2163 3735 2228 3775 ac
2254 3720 2514 3790 potentia:
2545 3719 2719 3788 gradu
2748 3717 2971 3782 nitenti,
3001 3717 3222 3786 qualem
3256 3734 3356 3788 par
3389 3727 3510 3774 erat

1934 3814 2218 3883 unigenito
2235 3812 2411 3868 virilis
2430 3811 2630 3880 adepto
2649 3809 3043 3881 plenitudinem
3057 3809 3255 3875 aetatis,
3271 3810 3356 3881 [Ρ.
3379 3810 3506 3883 489]

1934 3906 2081 3962 haud
2110 3904 2280 3960 dubio
2311 3903 2624 3958 successori
2674 3901 2955 3957 declarato
2989 3913 3047 3956 et
3072 3901 3185 3972 jam
3213 3917 3361 3955 nunc
3391 3901 3509 3956 lere

1935 3999 2163 4067 collega:
2216 3995 2408 4050 tribui.
2461 3995 2628 4049 Recte
2688 3993 2856 4063 igitur
2911 4001 3101 4047 noster
3141 3992 3299 4046 initio
3344 3991 3509 4046 modo

1935 4091 2139 4145 laudati
2180 4087 2377 4157 capitis
2411 4089 2464 4151 7,
2513 4086 2662 4140 velut
2699 4084 2990 4139 historiam
3041 4083 3172 4138 inde
3218 4099 3372 4140 suam
3405 4099 3509 4139 au-

1936 4185 2155 4254 spicans
2188 4181 2408 4246 scribit,
2457 4182 2766 4249 imperante
2816 4176 3108 4232 Theodoro
3140 4177 3357 4232 Lascari
3386 4183 3510 4245 post

1935 4289 2172 4348 patrem,
2211 4275 2529 4330 Michaelem
2565 4272 2931 4342 Palmologum
2963 4285 3182 4339 semper
3208 4270 3508 4326 obnoxium

1936 4371 2180 4426 affectati
2214 4369 2369 4437 regni
2404 4365 2822 4435 suspicionibus
2854 4364 3044 4429 fuisse,
3088 4379 3198 4434 quo
3243 4379 3307 4418 ex
3355 4363 3507 4418 fonte

1939 4464 2212 4517 tnalorum
2267 4459 2550 4520 omnium,
2594 4473 2715 4527 qua:
2769 4467 2900 4512 tunc
2946 4465 3031 4511 est
3083 4471 3296 4524 passus,
3330 4471 3510 4511 causa:

1943 4555 2222 4610 ﬂtixerint.
2257 4554 2325 4610 Ut
2349 4567 2478 4622 ergo
2518 4552 2687 4604 limen
2717 4549 2874 4618 quasi
2909 4558 3304 4619 praestruamus
3330 4549 3508 4603 histo‘

1941 4648 2035 4702 riae
2068 4662 2230 4716 quam
2261 4644 2594 4698 illustratum
2641 4642 2808 4706 imus,
2847 4654 2970 4698 ante
3002 4642 3182 4696 omnia
3214 4642 3508 4695 elaboran-

1941 4740 2071 4795 dum
2123 4738 2282 4792 nobis
2325 4747 2410 4792 est
2457 4737 2510 4790 in
2547 4736 2934 4789 constituendo
2981 4739 3207 4804 przecise
3240 4743 3506 4802 tempore.

1941 4847 2052 4900 quo
2076 4829 2242 4898 carpit
2276 4827 2604 4880 Theodorus
2631 4824 2880 4880 Lascaris
2913 4824 3108 4878 Junior
3135 4825 3374 4877 habenas
3403 4823 3509 4874 im-

1946 4921 2087 4992 perii
2133 4927 2392 4973 tractare.
2436 4914 2810 4985 Negligentius
2859 4914 2915 4967 in
2965 4913 3068 4966 hoc
3105 4912 3417 4968 definiendo
3455 4921 3512 4968 et

1943 5012 2100 5083 quasi
2145 5009 2213 5064 de
2240 5024 2342 5063 suo
2373 5009 2596 5062 nomine
2631 5006 3121 5076 παχυμερέστερον
3152 5005 3319 5076 694
3359 5006 3514 5062 vide-

1947 5114 2038 5159 tur
2066 5113 2255 5156 noster
2285 5101 2582 5156 historicus
2598 5099 2908 5154 defunctus.
2939 5097 3049 5150 Sed
3081 5097 3345 5151 habemus
3371 5113 3514 5167 quos

1947 5194 2312 5248 adhibeamus
2374 5189 2627 5244 subsidio
2678 5187 2982 5256 locupletes
3039 5198 3294 5240 auctores
3331 5185 3509 5251 duus,

1945 5286 2240 5356 Georgium
2271 5282 2642 5351 Acropolitam
2675 5289 2731 5334 et
2761 5279 3131 5348 Nicephorum
3161 5276 3459 5346 Gregoram
3495 5293 3510 5330 :

1946 5392 2182 5449 quorum
2211 5375 2361 5444 prior
2387 5371 2832 5430 accuratissimus
2859 5379 2914 5424 et
2942 5383 3183 5439 praesens
3210 5368 3512 5436 inSpcctor,

1948 5486 2086 5540 quas
2122 5476 2330 5533 narrat,
2358 5481 2545 5521 rerum
2575 5480 2626 5518 c.
2661 5463 2729 5516 5'2
2760 5461 2896 5516 Hist.
2931 5461 3130 5530 prioris
3159 5476 3281 5530 pag.
3314 5459 3382 5514 56
3419 5460 3512 5518 ed.

1952 5559 2085 5630 Reg.
2132 5559 2212 5614 sic
2265 5557 2511 5613 scribit:
2561 5554 2876 5626 Ἐτεῦνήκει
2934 5551 3190 5622 βασιλεὺς
3262 5551 3516 5622 Ἰωάννης
