3992 6520
258 365 399 431 ἒῙζηἸ

1558 359 2223 422 (ῙΠΙὶΟΝΟΙιΟΟΙΟΒς.

3395 364 3530 429 Ῑι58

258 478 432 548 polita
466 473 682 537 scribit,
721 487 774 542 p.
810 473 875 528 57
906 489 919 524 :
953 471 1238 539 Uép’lazsv
1285 471 1310 523 ὁ
1341 473 1681 541 πατριὲιίχης
1722 471 1829 524 M1-

1948 485 2014 521 οι)
2061 468 2178 540 ipso
2214 470 2358 538 quod
2393 470 2864 540 prmsigniﬁcatam
2899 470 2990 525 illa
3020 470 3211 541 cciipsi
3239 471 3525 535 Theodori

256 571 422 640 νουὴλ
457 568 656 637 μικρὸν
685 584 739 620 τι
788 565 883 619 τερῦ
927 566 1193 636 βασιλέως
1240 565 1493 619 Ἰωάννου
1545 566 1840 635 προτελευ-

254 665 442 729 τῆσαι·
492 660 713 715 Munuel
753 660 1060 730 patriarcha
1095 657 1258 731 paulo
1305 670 1431 713 ante
1462 659 1685 712 Joannis
1713 661 1838 712 An-

252 757 396 827 gusti
427 763 648 808 mortem
679 753 993 805 decesserat.
1034 753 1397 806 Accesserunt
1421 750 1840 805 deliberationis

253 850 311 904 in
339 850 642 920 quaarendo
682 848 847 917 digno
894 862 1096 911 morae,
1145 856 1356 915 etpost
1404 846 1838 915 designationem

253 940 553 1010 Nieephori
608 941 926 995 Blemmida:
984 940 1150 1011 hujus
1204 939 1499 1004 recusatio,
1549 939 1652 992 sub
1696 939 1838 993 hanc

252 1033 600 1087 consultatio
635 1047 775 1087 nova
804 1050 817 1087 :
855 1044 907 1088 et
945 1043 1068 1099 post
1098 1034 1299 1086 multos
1327 1031 1605 1100 sigillatim
1630 1046 1836 1099 expen-

251 1138 384 1186 sos,
432 1124 528 1193 qui
578 1125 748 1179 variis
806 1124 876 1178 de
927 1124 1107 1177 causis
1163 1139 1271 1177 non
1319 1123 1646 1191 placuerunt
1693 1138 1836 1176 novo

251 1216 513 1287 principi,
563 1216 765 1272 electio
822 1217 1076 1269 monachi
1121 1216 1337 1269 Arsmii
1374 1194 1737 1284 evocatioque
1768 1231 1837 1269 ex

249 1306 598 1363 monasterio
632 1304 740 1359 sito
769 1305 836 1359 ad
870 1304 1248 1373 Apolloniadis
1280 1304 1482 1366 lacum,
1513 1302 1640 1356 inde
1670 1303 1835 1373 hujus

246 1415 538 1454 sacrorum
583 1398 843 1453 ordinum
881 1396 1129 1465 expertis
1167 1397 1404 1450 initiatio
1438 1412 1534 1464 per
1560 1395 1761 1464 gradus
1801 1404 1849 1448 a'

247 1493 546 1547 diaconatu
580 1491 649 1545 ad
706 1489 1138 1559 patriarcltatum
1184 1504 1292 1542 uua
1347 1488 1691 1542 hebdomade
1736 1488 1835 1542 de-

248 1590 569 1651 properata.
623 1581 747 1635 Haec
795 1580 954 1634 facile
986 1588 1158 1634 totum
1189 1579 1557 1633 Novembrem
1591 1588 1831 1649 partem-

249 1688 364 1743 que
392 1672 715 1728 Decembris
739 1673 1148 1734 tenuerunt,ita
1173 1680 1232 1724 ut
1260 1672 1543 1726 coronatio
1574 1671 1832 1726 solemnis

245 1763 381 1820 novi
438 1763 672 1834 Augusti
721 1779 821 1834 per
866 1779 1070 1817 novum
1111 1763 1481 1834 patriarcham
1548 1764 1652 1819 rite
1704 1780 1829 1833 per-

245 1857 463 1927 petrari
510 1857 603 1911 vix
641 1856 882 1926 powerit
930 1866 1059 1911 ante
1100 1856 1239 1909 festa
1291 1853 1570 1920 Natalitia,
1617 1865 1673 1910 et
1702 1873 1823 1912 cre-

246 1948 423 2002 dibile
457 1957 546 2004 est
573 1950 695 2017 ipso
746 1947 953 2003 Christi
994 1947 1192 2009 Natali,
1228 1962 1338 2016 quo
1371 1946 1461 2001 die
1493 1950 1827 2017 auspicatior

246 2041 485 2108 reperiri
521 2040 664 2095 alius
688 2040 968 2110 nequiret,
1010 2055 1222 2095 sacram
1248 2039 1408 2094 istam
1439 2043 1828 2097 ca-rcmoniam

246 2142 553 2203 peractam.

318 2226 411 2282 IV.
446 2226 542 2280 llis
593 2227 666 2280 ita
720 2226 936 2297 positis,
969 2240 1092 2294 qua:
1144 2226 1345 2295 partim
1396 2227 1706 2282 certissima
1742 2226 1829 2282 di-

246 2328 400 2373 serta
455 2316 842 2373 testiﬁcatione
901 2315 1233 2389 Acmpolita-
1294 2325 1423 2373 tunc
1490 2318 1726 2374 viventis
1774 2330 1828 2373 et

245 2410 544 2477 pnescntis
598 2424 662 2463 ac
721 2409 977 2478 Gregorii:
1034 2410 1471 2478 compertissima
1519 2426 1584 2464 ex
1622 2413 1827 2467 retenti

246 2502 525 2554 memmia
560 2500 874 2561 scribentis,
910 2503 1141 2569 partim,
1174 2503 1320 2570 quod
1364 2503 1561 2556 attinet
1598 2503 1664 2557 ad
1716 2503 1830 2557 Cir.

245 2594 652 2649 cumstantiam
712 2594 823 2649 diei
884 2594 1090 2649 Christi
1163 2595 1371 2650 Natalis
1428 2595 1494 2651 ad
1554 2596 1828 2652 Theodori

245 2686 667 2741 eor-ouationem
715 2688 911 2751 electi,
983 2687 1035 2741 in
1077 2688 1299 2742 silentio
1363 2691 1695 2758 scriptorum
1762 2706 1826 2745 ex

244 2778 394 2832 serie
449 2778 685 2833 naturali
749 2794 934 2833 rerum
992 2779 1393 2833 verisimillima
1454 2792 1604 2842 sunt.
1656 2780 1822 2836 olIert

245 2871 415 2925 nobis
461 2872 684 2941 quidam
746 2873 953 2941 alioqui
1002 2873 1395 2941 perintrieatus
1449 2884 1505 2928 et
1558 2875 1830 2932 obscurus

244 2963 605 3034 Pachymeris
636 2965 814 3019 nostri
858 2965 1011 3021 locus
1039 2960 1388 3019 occasionem
1420 2966 1645 3020 minime
1670 2982 1826 3037 sper-

242 3054 487 3109 nendam
534 3054 869 3125 insigniendi
930 3056 1215 3111 luculento
1261 3057 1472 3110 etulein
1502 3057 1829 3113 charactere

1944 570 2176 615 mortem
2235 562 2470 626 asserit;
2509 563 2573 615 ad
2629 563 2776 631 quod
2850 580 3076 618 necesse
3123 563 3228 617 fuit
3273 566 3525 634 eclipsim

1943 663 2120 708 morte
2175 653 2342 709 fuisse
2383 655 2646 723 priorem.
2701 654 2933 709 Errandi
2993 658 3340 711 occasionem
3387 658 3525 713 viris

1943 742 2093 798 hisce
2130 745 2342 814 magnis
2378 745 2740 816 i'achymeres
2785 746 3023 814 praebuit
3060 746 3434 815 perfunctorie
3460 763 3525 803 ac

1941 837 2198 907 perplexe
2250 835 2554 907 deliquium
2611 838 2754 891 istud
2805 839 2937 892 solis
2994 855 3330 905 memorans,
3382 841 3505 896 sine

1940 938 2089 982 certa
2131 929 2283 995 anui,
2319 929 2548 995 mensis,
2597 929 2731 995 diei,
2754 938 2816 982 ut
2844 931 2897 983 in
2929 930 3014 984 his
3046 932 3265 997 assolet,
3305 933 3519 988 indica-

1944 1020 2116 1085 tione,
2145 1023 2276 1090 quin
2322 1024 2486 1076 etiam
2518 1024 2702 1077 alieno
2749 1023 2803 1076 id
2855 1025 2977 1079 loco
3014 1026 3282 1089 referens,
3327 1037 3382 1081 et
3428 1028 3522 1097 ,ἰυ-

1940 1120 2079 1166 stam
2107 1111 2379 1182 objiciens
2415 1114 2616 1182 legenti
2649 1131 2868 1169 causam
2902 1116 3165 1184 opinandi
3209 1117 3340 1170 illud
3379 1134 3520 1186 pau-

1938 1205 2018 1259 cis
2045 1205 2243 1260 diebus
2273 1215 2571 1275 antequam
2603 1207 2930 1261 Theodorus
2971 1219 3279 1262 morexetur
3315 1210 3515 1277 \isum,

1937 1310 2061 1348 cum
2096 1294 2323 1351 aliunde
2360 1311 2703 1367 Compertum
2744 1300 2816 1352 sit
2851 1300 3056 1352 nullam
3099 1308 3212 1353 toto
3242 1300 3335 1353 illo
3367 1316 3517 1355 anno

1939 1391 2096 1454 1259,
2130 1408 2240 1460 quo
2286 1403 2438 1447 certo
2471 1403 2689 1449 constat
2731 1393 2935 1446 obiisse
2986 1392 3357 1459 Theodorum,
3388 1394 3521 1449 solis

1935 1485 2182 1554 eclipsim
2208 1485 2403 1540 Nicaezc
2433 1495 2525 1539 aut
2579 1486 2712 1541 locis
2756 1486 3003 1540 ﬁnitimis
3044 1487 3217 1540 videri
3253 1488 3518 1555 potuisse.

1936 1578 2117 1643 Quare
2160 1594 2267 1632 non
2302 1579 2580 1634 immerito
2615 1579 2818 1632 Sethus
2851 1578 3124 1634 Calvisius
3173 1579 3227 1633 in
3270 1581 3522 1636 Chrono—

1936 1672 2076 1741 logia
2120 1670 2392 1728 Wolﬁana
2430 1690 2574 1728 anno
2607 1673 2811 1726 Christi
2858 1673 2992 1726 12255
3041 1672 3523 1743 Pachynieris‘ex-

1934 1775 2120 1834 eerpta
2163 1765 2284 1819 falsi
2328 1766 2528 1833 arguit,
2558 1780 2679 1834 qua:
2717 1764 3075 1833 reprehensio
3104 1766 3232 1829 etsi,
3269 1775 3329 1818 ut
3352 1766 3519 1820 modo

1930 1858 2162 1921 fatebar,
2189 1858 2367 1927 ipsum
2408 1860 2757 1927 amplectitur
2787 1858 3200 1927 Paehymerem,
3232 1867 3412 1911 tamen
3447 1873 3519 1912 ne

1936 1950 2128 2020 iujusti
2168 1949 2362 2015 simus,
2394 1960 2602 2019 partem
2654 1952 2773 2019 ejus
2812 1950 2911 2019 ipsi
2952 1965 3172 2019 quoque
3216 1964 3372 2003 suam
3423 1949 3521 2004 de-

1931 2044 2129 2099 bemus
2159 2043 2359 2099 Wolﬁo
2403 2060 2716 2114 aspergere,
2765 2046 2855 2113 qui
2898 2045 2990 2097 sub
3027 2045 3221 2098 obitum
3257 2042 3518 2098 Theodori

1930 2134 2198 2190 defecisse
2238 2136 2407 2189 solent
2437 2136 2504 2189 de
2536 2152 2635 2190 suo
2686 2136 2906 2205 adjecit,
2944 2150 3070 2189 cum
3127 2135 3179 2188 id
3215 2135 3518 2206 Pachyme-

1932 2242 2022 2281 res
2066 2243 2174 2281 non
2211 2227 2522 2297 scripserit.
2555 2229 2688 2283 Nam
2726 2230 2871 2298 quod
2914 2245 2978 2283 ex
3014 2230 3303 2284 occasione
3327 2228 3516 2285 obitus

1932 2319 2209 2375 Theodori
2240 2322 2553 2375 meminerit
2586 2322 2899 2376 istiusmodi
2942 2321 3161 2390 eclipsis
3185 2362 3198 2387 ,
3238 2321 3362 2391 quis
3402 2336 3514 2376 non

1931 2411 2083 2467 videt
2132 2428 2296 2482 quam
2351 2412 2629 2467 inﬁrmum
2686 2421 3071 2483 argumentum
3122 2412 3193 2467 sit
3248 2413 3512 2483 epiuandi

1930 2524 2049 2563 eam
2081 2516 2211 2563 tunc
2238 2507 2453 2563 visam?

2005 2599 2069 2655 ν.
2102 2602 2211 2670 Ego
2242 2617 2373 2655 vero
2400 2600 2528 2654 dum
2553 2609 2805 2655 eicteram
2850 2599 3086 2655 indolem
3132 2599 3387 2669 lucifuga:
3420 2615 3517 2655 cu-

1927 2696 2170 2771 jusdam,
2232 2692 2562 2762 ambagiosa:
2611 2709 2674 2747 ac
2728 2692 3409 2765 σκοτοδασυπυκνότριχος,
3454 2702 3514 2748 ut

1928 2790 2180 2846 Gelliauo
2213 2795 2270 2841 et
2310 2786 2713 2854 Aristophaneo
2744 2785 2928 2839 verbis
2959 2794 3101 2856 utar,
3130 2784 3514 2854 Pachymcria-

1932 2898 2015 2936 nte
2047 2880 2304 2936 dictionis
2352 2879 2559 2948 cogito,
2597 2878 2837 2946 dumque
2873 2885 3136 2946 prattcrca
3169 2888 3350 2929 mente
3397 2892 3513 2930 aut-

1932 2973 2123 3042 plexos
2162 2969 2326 3025 simul
2369 2977 2563 3023 cuneta
2594 2983 2714 3036 qua:
2742 2967 2835 3021 hic
2876 2966 3194 3020 referuntur
3230 2965 3508 3034 sigillatirn

1931 3079 2169 3133 expensa
2217 3062 2437 3136 colligo,
2488 3061 2624 3113 mihi
2660 3060 2852 3114 videor
2888 3057 3325 3113 animadvertere
3362 3058 3507 3114 indi-

241 3149 485 3204 frontem
518 3148 661 3203 hanc
716 3148 885 3217 ipsam
933 3158 990 3202 et
1033 3148 1188 3217 quasi
1222 3148 1509 3215 capitalem
1562 3149 1827 3218 epucham
1857 3171 1900 3228 ρ
1934 3157 2035 3210 ciis
2073 3154 2213 3209 haud
2256 3155 2410 3208 vanis
2457 3153 2694 3207 voluisse
2744 3164 2994 3206 nostrum
3043 3150 3367 3206 historicum
3394 3151 3509 3205 sal-

241 3237 416 3309 hujus
439 3253 605 3308 quant
633 3238 853 3293 edimus
887 3237 1153 3292 historize.
1186 3236 1345 3292 Ponit
1377 3246 1573 3292 auctor
1612 3249 1823 3303 uoster,

238 3333 276 3390 Ι.
314 3348 354 3394 ι.
387 3347 444 3387 c.
477 3332 706 3393 15.11am
743 3332 859 3400 ipsa
891 3331 1049 3400 plane
1073 3330 1241 3385 verba
1268 3330 1336 3385 de
1366 3330 1604 3400 quadam
1637 3332 1828 3402 eclipsi

241 3427 381 3480 solis
408 3442 530 3496 qum
566 3424 844 3479 Theodori
900 3434 1289 3494 pra-maturum
1350 3424 1562 3479 obitum
1624 3442 1828 3496 praesa-

238 3518 456 3588 gierit:
495 3517 562 3571 Ὃ
611 3516 678 3586 δὴ
721 3517 816 3569 καὶ
865 3517 1220 3586 προεσήμανέ
1276 3533 1327 3568 τι
1377 3518 1633 3585 σημεῖον·
1679 3516 1829 3587 ἥλιος

241 3611 359 3681 γᾶρ
391 3610 701 3663 ἐκλελοίπει
729 3608 815 3678 ἐφ’
847 3608 1001 3678 ὥραν
1035 3608 1230 3679 τρίτην
1275 3608 1372 3678 τῆς
1405 3608 1569 3680 ἕκτης
1593 3609 1824 3679 ἡμέρας,

242 3706 338 3756 καὶ
373 3701 513 3771 βαθὺ
545 3700 735 3764 σκότος
762 3700 821 3752 τὸ
847 3701 953 3753 πᾶν
979 3701 1322 3768 κατειλήφει,
1356 3699 1499 3753 ὥστε
1532 3701 1625 3754 καὶ
1650 3700 1827 3771 ἄστρα

239 3795 485 3865 φανῆναι
516 3792 643 3847 κατ’
696 3794 950 3862 οὐρανόν.
1001 3794 1111 3847 Καὶ
1140 3793 1202 3863 δὴ
1252 3791 1561 3863 ἁρπάζεται
1594 3795 1686 3844 καὶ
1721 3792 1826 3862 πρὸ

241 3885 395 3954 ὥρας
426 3884 568 3954 ἀνὴρ
601 3883 900 3954 βασιλικῶς
954 3885 1053 3954 μὲν
1105 3884 1199 3938 καὶ
1252 3884 1529 3955 γεννηθεὶς
1565 3885 1660 3938 καὶ
1693 3902 1826 3955 τρα-

240 3979 387 4046 φείς,
422 3984 533 4032 etc.
571 3977 695 4030 Haec
728 3976 796 4032 ad
820 3976 1051 4031 verbum
1078 3975 1568 4044 scrupulosissima
1610 3976 1713 4031 ﬁde
1746 3978 1827 4031 sic

244 4071 440 4126 Latine
495 4077 741 4124 sonant:
779 4069 864 4142 [Ρ.
920 4067 1053 4140 491]
1091 4066 1244 4132 Quod
1302 4076 1350 4120 et
1397 4068 1827 4139 prwsigniﬁcatit

238 4164 459 4233 signum
505 4162 793 4232 quoddam.
846 4158 940 4216 Sol
1001 4161 1140 4214 enim
1192 4160 1452 4229 defecerat
1514 4161 1584 4214 ad
1641 4162 1828 4216 horam

240 4256 457 4311 tertiam
492 4262 651 4309 sexto:
683 4254 811 4319 diei,
859 4263 907 4306 et
958 4254 1135 4307 deum
1176 4252 1405 4307 tenebrae
1443 4262 1633 4308 cuncta
1683 4271 1829 4308 cont-

239 4345 659 4418 prehenderant,
690 4345 817 4399 adeo
846 4353 901 4398 ut
934 4350 1261 4414 apparerent
1300 4340 1469 4396 stella:
1500 4358 1593 4411 per
1616 4341 1822 4397 caelum.

239 4441 440 4512 Itaque
466 4439 775 4510 prwripitur
805 4437 997 4491 acerba
1033 4444 1198 4490 morte
1232 4436 1310 4489 vir
1338 4437 1477 4506 regie
1526 4438 1735 4507 quidem
1778 4444 1826 4490 et

1933 3259 2041 3303 tem
2086 3248 2319 3301 obscure
2364 3247 2619 3308 innuere,
2670 3245 2715 3299 8i
2750 3244 2934 3298 minus
2985 3243 3132 3297 clare
3187 3242 3507 3311 prmdieare,

1930 3341 2233 3409 deiiquium
2270 3340 2470 3401 Sol-are,
2515 3344 2664 3408 quod
2703 3337 2806 3391 hoc
2844 3339 2960 3391 loco
3003 3344 3292 3401 memorat,
3348 3335 3508 3405 longe

1931 3442 2058 3488 ante
2092 3433 2196 3486 hoc
2236 3442 2481 3501 tempus,
2526 3432 2579 3485 in
2612 3446 2721 3499 quo
2773 3430 3049 3484 narrando
3086 3441 3355 3489 versatur.
3411 3445 3510 3498 pa—

1932 3535 2135 3581 tratum
2170 3534 2225 3578 et
2270 3533 2574 3593 spectatum
2607 3523 2796 3577 fuisse.
2842 3523 3239 3588 Argumentum
3276 3521 3355 3575 sic
3386 3536 3511 3575 scn-

1932 3618 2105 3675 tiendi
2139 3619 2376 3688 primum
2405 3632 2562 3669 sumo
2597 3632 2661 3669 ex
2694 3616 3229 3683 plusquamperfecto
3260 3624 3508 3681 tempore

1929 3708 2076 3780 quod
2111 3711 2166 3764 in
2190 3708 2361 3762 verbo
2396 3706 2478 3761 bis
2505 3706 2746 3769 allectat,
2777 3720 2886 3759 non
2914 3705 3165 3759 scribens
3198 3704 3508 3756 ἐκλέλοιπεν

1928 3802 2099 3871 ἥλιος,
2138 3798 2233 3854 sed
2269 3793 2592 3861 ἐκλελοίπέι,
2618 3806 2671 3850 et
2699 3798 2882 3849 statim
2917 3804 3060 3866 post,
3085 3797 3275 3856 σκότος
3305 3795 3363 3846 τὸ
3395 3796 3507 3847 πᾶν

1930 3888 2247 3956 κατείληφε,
2283 3886 2376 3941 sed
2420 3887 2765 3954 κατειλήφει.
2820 3885 3118 3957 Defecerat,
3171 3886 3366 3954 inquit,
3402 3885 3503 3949 sol,

1929 3993 2038 4035 non
2070 3988 2254 4032 autem
2288 3987 2407 4030 tunc
2441 3976 2667 4045 defecit;
2703 3984 2758 4030 et
2793 3976 3034 4028 tenebrae
3062 3973 3312 4027 universa
3345 3974 3511 4027 obduq

1926 4078 2140 4144 merant,
2178 4068 2350 4122 multo
2395 4068 2604 4121 scilicet
2650 4068 2823 4136 prius.
2864 4082 2972 4119 non
3016 4075 3199 4120 autem
3250 4075 3371 4119 tunc
3419 4067 3509 4121 ob-

1929 4162 2213 4219 duxerunt.
2245 4158 2398 4226 Quod
2428 4158 2470 4211 si
2510 4158 2632 4227 quis
2662 4168 2868 4227 qureret
2898 4157 3087 4226 quanti
3122 4156 3387 4226 temporis
3419 4156 3508 4210 in-

1931 4252 2221 4306 tervallum
2274 4251 2390 4305 lizcc
2428 4250 2597 4304 verbo
2651 4248 2888 4301 indicata
2923 4246 3211 4317 praeeessio
3243 4246 3506 4321 postulet,

1930 4355 2149 4415 reputet
2182 4359 2429 4414 qua-nam
2463 4351 2657 4397 eventa
2696 4341 3020 4410 praasignata
3049 4340 3219 4393 fuisse
3246 4341 3351 4394 isto
3380 4355 3510 4409 por-

1931 4446 2083 4493 tento
2136 4446 2328 4492 auctor
2357 4444 2599 4492 censeat.
2639 4433 2785 4489 Satis
2831 4433 2950 4487 fuse
2997 4449 3060 4488 ac
3095 4431 3352 4487 distincte
3386 4448 3511 4503 per-

240 4543 409 4593 notus
440 4539 488 4584 et
520 4532 793 4595 educatus,
823 4540 929 4585 etc.
965 4526 1089 4582 “il‘C
1118 4527 1174 4582 in
1198 4538 1460 4596 excerpta
1492 4543 1588 4582 sua
1620 4529 1828 4601 Pachy-
1853 4513 1906 4576 Ῑ)
1932 4538 2155 4585 secutus
2195 4529 2335 4582 mala
2385 4544 2506 4598 qua:
2549 4526 2827 4581 Theodori
2863 4524 3231 4595 principatum
3287 4524 3511 4580 infestas

240 4624 497 4680 meriana
542 4637 848 4694 congerens
877 4618 1110 4676 Wolfius
1135 4619 1217 4673 sic
1256 4619 1417 4673 εὕει-ι
1450 4634 1463 4672 :
1492 4617 1599 4675 Sub
1626 4622 1826 4677 obitum

241 4716 505 4773 Theodori
526 4714 773 4770 Laetaris
793 4723 941 4767 sexto
966 4712 1049 4765 die
1077 4709 1157 4764 sol
1186 4726 1278 4781 per
1305 4712 1491 4765 horam
1518 4712 1826 4769 obscur-atus

240 4817 342 4874 est,
381 4807 709 4877 tenebrasque
745 4814 1061 4873 operuerunt
1097 4804 1299 4868 onmia,
1340 4805 1471 4857 adeo
1504 4805 1750 4861 utstclla:
1773 4808 1827 4860 in

243 4900 376 4957 caelo
411 4908 757 4970 apparerent.
791 4897 1063 4952 llenricns
1087 4896 1417 4965 Spondanus
1448 4897 1502 4951 in
1536 4899 1830 4953 continua-

244 4992 401 5047 tione
465 4988 757 5043 Annalium
800 4987 1016 5041 Baronii
1082 4986 1148 5039 ad
1202 5000 1332 5041 ann.
1366 4986 1711 5051 1259,1mm.
1744 4991 1828 5058 l3,

241 5084 442 5141 scribit
475 5083 578 5137 sub
605 5084 813 5137 obitum
857 5078 1134 5133 Theodori
1179 5077 1430 5132 Lascaris
1459 5079 1704 5135 Junioris
1729 5090 1829 5141 ,‘so-

244 5176 351 5229 lem
387 5191 480 5245 per
529 5175 718 5227 horam
762 5172 1098 5225 obscuratum
1153 5185 1281 5231 esse,
1316 5171 1389 5222 ita
1447 5182 1499 5223 ut
1525 5171 1693 5226 stella:
1733 5192 1830 5244 up-

244 5274 522 5337 purcrent.
555 5263 801 5334 Sumpsit
834 5263 886 5317 id
917 5263 1176 5315 nimirum
1220 5278 1284 5314 ex
1310 5261 1526 5317 Wolﬁo.
1560 5264 1830 5321 Odoricus

245 5354 554 5411 Rainaldus
603 5368 757 5407 num.
804 5353 872 5407 5i
913 5367 1045 5405 ann.
1078 5350 1239 5416 1239,
1269 5361 1503 5406 mortem
1541 5353 1825 5411 Theodori

247 5454 525 5519 referens,
578 5450 826 5523 ejusdem
875 5448 1129 5504 meminit
1169 5447 1422 5514 eclipsis,
1459 5462 1621 5516 quam
1674 5454 1827 5505 sexto

245 5550 317 5604 ab
362 5548 486 5617 ejus
540 5545 694 5599 obitu
740 5543 828 5597 die
869 5540 1167 5612 contigisse
1201 5537 1365 5609 697
1396 5538 1495 5600 ait,
1541 5549 1825 5595 auctorem

247 5638 486 5699 laudans
521 5636 936 5706 Paehymerem.
965 5634 1034 5688 At
1062 5633 1170 5696 hic,
1196 5632 1325 5685 licet
1364 5628 1473 5684 diei
1507 5641 1673 5686 sexta:
1712 5648 1826 5688 me-

251 5732 497 5793 minerit,
535 5729 678 5782 haud
719 5738 898 5781 tamen
951 5742 1071 5781 eam
1125 5722 1525 5777 numerandum
1572 5724 1712 5782 dixit
1759 5728 1829 5782 ab

244 5827 404 5885 obitu
456 5822 755 5888 Theodori,
794 5820 885 5875 sed
933 5820 1118 5892 potius
1160 5816 1425 5875 indicavit
1459 5820 1827 5884 contrarium,

1932 4630 2085 4685 runt,
2118 4620 2373 4681 morbum
2407 4635 2575 4690 prope
2608 4618 2956 4681 continuum,
2982 4617 3327 4686 suspiciones
3353 4632 3511 4673 acres

1930 4726 1987 4772 et
2034 4715 2284 4783 miseras,
2324 4712 2665 4767 aversionem
2705 4711 3018 4782 principum
3053 4710 3120 4764 ab
3152 4711 3291 4780 ipso,
3322 4709 3510 4764 brevi-

1934 4814 2101 4861 tatem
2130 4806 2290 4876 spatii
2327 4802 2616 4859 educendo
2652 4803 2704 4854 in
2748 4802 3030 4855 robustam
3062 4809 3273 4854 aetatem
3305 4799 3509 4853 lueredi

1930 4897 2110 4954 locum
2142 4906 2453 4968 negantem,
2489 4904 2684 4965 przeter
2728 4904 2953 4948 exteros
2992 4891 3360 4944 tumultuosos
3388 4906 3509 4943 mo-

1935 4999 2023 5047 tus
2067 4990 2432 5045 rebellionem
2473 4996 2529 5042 et
2582 4986 2851 5039 bellorum
2886 4992 2999 5036 toto
3049 4982 3143 5035 illo
3192 4998 3293 5035 nec
3345 4985 3507 5050 pleno

1933 5080 2297 5154 quadtiennio
2345 5094 2562 5150 semper
2602 5076 2845 5144 undique
2902 5072 3290 5146 coorientium,
3330 5080 3508 5127 totum

1933 5176 1987 5230 id
2039 5171 2468 5228 infortuniorum
2505 5178 2709 5226 textum
2761 5165 2987 5219 relativo
3015 5165 3042 5218 ὃ
3067 5163 3377 5233 indigitavit
3405 5163 3509 5218 Pa—

1932 5270 2237 5340 chymeres,
2269 5266 2399 5318 dum
2435 5262 2626 5316 scribit
2657 5259 2762 5329 ὃδὴ
2795 5261 2886 5311 καὶ
2907 5258 3276 5327 προεσήμαινεν
3302 5256 3437 5326 quad
3461 5263 3511 5317 εί

1930 5354 2386 5437 prwsigniﬁcavit.
2417 5352 2553 5407 Cum
2591 5366 2721 5404 vero
2751 5350 2820 5402 sit
2845 5347 3195 5402 manifestum
3230 5346 3513 5417 prtesigni~

1935 5450 2244 5505 ﬁcationcm
2270 5444 2584 5501 necessario
2626 5444 2963 5497 anteriorem
2994 5456 3115 5495 esse
3147 5455 3204 5494 re
3229 5439 3514 5510 prtesigui-

1937 5543 2115 5604 ﬁcata,
2147 5540 2271 5609 quis
2315 5551 2423 5589 non
2461 5533 2717 5604 inteIIEgit
2750 5534 3062 5602 oportuisse
3115 5532 3329 5603 signum
3364 5531 3511 5591 istud

1935 5636 2080 5690 circa
2112 5632 2225 5698 ipsa
2256 5626 2467 5699 imperii
2499 5625 2770 5679 Theodori
2791 5624 2958 5695 693
2986 5624 3253 5694 principia
3284 5636 3516 5693 conspc-r

1934 5720 2285 5789 ctuin?Quid
2324 5720 2410 5773 illa
2448 5732 2611 5774 sex'a:
2647 5717 2753 5771 dici
2789 5718 2994 5771 mentio
3020 5718 3041 5770 ‘3
3067 5716 3257 5772 Nonne
3290 5717 3514 5772 cviden.

1938 5828 2019 5876 ter
2059 5815 2226 5887 exigit
2257 5813 2527 5881 insignem
2566 5813 2805 5889 aliquam
2840 5810 2984 5866 umle
3016 5820 3339 5873 numeretur
3381 5825 3513 5884 epov
