3992 6528
518 375 650 439 115)

1434 377 1499 436 Ρ.
1538 373 1847 437 POSSINI
1880 373 2538 436 OBSERVATIONUM
2574 374 2719 437 LIB.
2762 375 2881 436 ῐῙῙ.

3603 377 3724 442 1150

503 488 705 545 cham?
734 488 808 543 Ea
840 503 1003 560 porro
1031 503 1154 544 eum
1179 487 1455 544 Theodori
1482 503 1630 544 mors
1662 502 1783 544 esse
1812 503 1922 543 non
1955 502 2079 558 pos-
2109 499 2153 548 λ
2183 484 2377 541 berum
2410 486 2636 541 errandi
2694 486 2875 542 locum
2926 485 3057 541 facit
3105 501 3269 558 quam
3311 486 3565 543 docendae
3600 491 3727 546 veri-

505 582 599 646 sit,
626 584 826 651 quippe
858 597 980 652 quae
1002 581 1409 653 prmsignilicari
1432 581 1586 651 signo
1621 572 1895 651 posterius
1924 580 2077 636 edito

506 671 846 741 nequiverit,
882 682 1052 727 restat
1077 685 1133 725 ut
1166 674 1423 744 ejusdem
1486 673 1751 728 solemnis
1783 672 2077 741 inaugura-

511 766 587 819 tio
622 765 973 836 intelligenda
1009 766 1102 830 sit,
1138 767 1335 831 Natali,
1370 778 1428 821 ut
1457 766 1718 825 diximus.
1743 764 1971 828 Christi,
2008 763 2081 819 23

508 830 830 911 Decembris
877 857 967 912 die
1018 858 1145 913 anni
1206 830 1341 913 test;
1391 859 1684 913 celebrata.
1721 857 1790 911 Et
1835 869 2078 910 commo-

506 946 636 1000 dum
680 948 748 1001 ab
779 948 881 1002 ista
913 947 1026 1017 ipsa
1077 949 1167 1004 die
1219 965 1340 1020 qua:
1382 958 1535 1004 sexta
1571 948 1770 1012 illuxit,
1802 945 2077 1001 tricesima

508 1038 830 1095 Decembris
879 1041 975 1095 illo
1025 1040 1225 1096 eodem
1279 1056 1425 1096 anno
1487 1042 1619 1097 l255
1675 1048 1732 1095 et
1787 1038 1921 1094 feria
1974 1037 2082 1093 fuit

507 1130 722 1197 quinta.
753 1146 877 1185 cum
912 1131 1005 1185 illo
1036 1132 1229 1186 eodem
1264 1148 1409 1188 anno
1440 1120 1651 1202 periodi
1685 1129 1912 1186 Julianaa
1941 1127 2080 1184 5968

507 1223 690 1292 cyclus
719 1224 851 1278 solis
874 1224 927 1285 4,
946 1222 1039 1296 [.P.
1068 1223 1207 1297 ιον]
1237 1226 1417 1279 littcra
1448 1223 1798 1280 Dominicalis
1819 1222 1859 1277 C
1887 1221 2077 1287 fuerit,

507 1313 619 1375 die,
655 1314 898 1383 inquam,
936 1315 1005 1370 50
1037 1316 1375 1382 Decembris,
1398 1316 1436 1371 ‘6
1466 1332 1496 1371 a
1522 1316 1876 1371 coronationc
1904 1314 2085 1369 Theo-

2185 578 2282 633 tati
2318 578 2462 633 viam
2503 579 2761 635 occludit.

2255 671 2319 726 li.
2348 672 2741 739 Quamobrem,
2786 682 2846 727 ut
2894 673 2948 728 in
3000 673 3088 730 his
3140 674 3381 729 tenebris
3433 676 3523 729 lux
3563 675 3729 745 aliqua

2182 765 2454 831 veritatis,
2511 766 2556 820 si
2592 781 2714 835 quae
2766 767 2917 831 insit,
2967 776 3320 838 agnoscatur,
3377 777 3504 823 ante
3560 772 3727 824 omnia

2183 861 2630 945 constituendum
2664 878 2774 931 quo
2803 878 2949 918 anno
2972 870 3029 918 et
3069 881 3181 933 quo
3213 863 3342 917 anni
3377 876 3618 934 tempore
3659 865 3730 920 vi-

2176 952 2342 1019 vendi
2386 952 2545 1007 finem
2574 955 2767 1009 fecerit
2801 956 3099 1026 imperator
3128 957 3175 1011 is
3206 957 3274 1011 de
3309 972 3420 1026 quo
3443 956 3727 1027 Pacltyme-

2182 1062 2272 1102 res
2311 1047 2401 1102 hic
2433 1048 2562 1117 agit.
2616 1049 2809 1103 Facem
2862 1050 3086 1120 przefert
3116 1050 3246 1106 huic
3276 1051 3520 1106 historia:
3557 1051 3733 1105 obscu-

2183 1140 2333 1195 ritati
2368 1140 2634 1211 Georgius
2665 1143 2981 1212 Acropolita
3014 1159 3062 1199 c.
3105 1143 3195 1207 52,
3233 1151 3428 1198 auctor
3460 1152 3730 1198 accuratus

2182 1240 2240 1287 et
2271 1232 2497 1295 nobilis,
2533 1234 2627 1303 qui
2683 1249 2893 1288 summa
2927 1235 3213 1305 diligentia
3260 1250 3351 1291 res
3377 1236 3461 1291 sui
3496 1236 3732 1304 temporis

2186 1323 2354 1379 certis
2384 1324 2533 1379 notis
2562 1325 2717 1395 quasi
2754 1328 2902 1381 veris
2928 1327 3212 1383 coloribus
3234 1327 3355 1398 pari
3379 1327 3647 1400 elegantia
3676 1342 3731 1384 ac

489 1405 629 1459 -dori
665 1421 828 1461 manu
876 1409 1087 1463 Arsenii
1137 1408 1462 1479 patriarchae
1525 1407 1579 1462 in
1634 1406 1867 1463 ecclesia
1915 1405 2078 1473 facta,

507 1512 653 1551 anno
684 1498 842 1563 1255,
871 1500 1098 1569 eclipsis
1147 1501 1279 1557 solis
1322 1502 1438 1555 visa
1492 1500 1686 1557 Nicaeae
1734 1497 1927 1570 ingens
1973 1506 2078 1561 est.
2259 1506 2308 1560 ls
2340 1520 2475 1575 ergo
2519 1515 2753 1563 mortem
2802 1508 3039 1566 duorum
3087 1510 3487 1581 imperatorum
3532 1510 3733 1566 Joannis

508 1588 701 1642 eadem
743 1589 878 1644 hora
907 1606 1069 1661 quam
1110 1592 1320 1646 notavit
1356 1592 1716 1663 Pachymeres
1746 1598 1873 1661 post
1918 1588 2084 1643 mcri—
2185 1596 2349 1653 Duca'
2384 1607 2439 1653 et
2474 1598 2749 1656 Theodori
2802 1600 3049 1657 Lascaris
3078 1602 3175 1658 filii
3201 1603 3323 1673 ejus
3363 1603 3439 1658 ita
3471 1602 3731 1668 describit,

509 1679 655 1733 diem
710 1685 894 1746 tertia,
943 1698 1067 1737 cum
1113 1683 1357 1739 tenebris
1387 1682 1731 1741 densissimis
1776 1689 1892 1736 toto
1931 1696 2080 1746 aere,
2186 1697 2248 1743 ut
2283 1704 2489 1745 annum
2536 1697 2595 1746 et
2644 1692 2775 1746 anni
2827 1707 3073 1748 mensem
3126 1693 3278 1749 clare
3326 1693 3617 1765 exprimat.
3658 1691 3735 1748 Ait

507 1778 565 1823 et
591 1773 929 1841 apparitione
968 1772 1252 1828 stellarum
1302 1773 1356 1828 in
1383 1774 1545 1836 coelo,
1593 1782 1656 1827 ut
1686 1778 1835 1842 patet
1870 1788 1937 1826 ex
1963 1771 2083 1842 ejus
2117 1841 2150 1848 _
2178 1777 2334 1833 enim
2365 1779 2433 1833 de
2467 1779 2702 1848 Joanne,
2738 1781 2943 1837 abiisse
2988 1781 3138 1837 illum
3181 1783 3330 1838 diem
3361 1792 3658 1838 extremum
3683 1800 3732 1839 tu

513 1862 741 1933 deliquii
778 1864 1138 1922 exactissimis
1173 1866 1421 1931 calculis,
1463 1881 1600 1936 quos
1651 1841 1904 1935 sequenti
1956 1878 2084 1918 mox
2114 1841 2156 1897 Β
2187 1870 2304 1926 Kal.
2348 1871 2609 1928 Octobris
2631 1841 2811 1930 annos
2856 1884 3048 1930 natum
3083 1875 3225 1933 duos
3254 1883 3313 1933 et
3363 1876 3654 1946 sexaginta,
3679 1892 3732 1932 ex

513 1956 695 2026 capite
726 1957 1003 2015 dabimus.
1033 1959 1226 2014 Totam
1260 1960 1400 2015 lianc
1429 1958 1799 2030 conjecturam
1828 1974 1892 2013 ac
1919 1958 2087 2013 ratio—
2188 1964 2392 2035 quibus
2425 1964 2649 2037 triginta
2697 1974 2810 2024 tres
2855 1980 3199 2039 regnaverat.
3231 1970 3430 2036 Ἔνθα,
3475 1971 3665 2040 inquit,
3690 1971 3733 2024 id

514 2049 842 2106 cinationem
874 2067 942 2107 eo
973 2052 1143 2123 pluris
1173 2053 1313 2109 facio
1367 2053 1512 2124 quod
1558 2052 1661 2107 nni
1716 2052 1921 2122 ingenii
1977 2065 2086 2104 non
2187 2066 2272 2112 est
2304 2057 2371 2113 aut
2413 2057 2766 2129 Nymphaeum
2792 2061 2886 2117 ubi
2917 2062 3157 2119 Joannes
3181 2065 3346 2119 vitam
3375 2064 3567 2127 finivit,
3590 2061 3737 2116 misi

512 2150 622 2197 est.
662 2142 798 2198 Cum
842 2145 989 2199 enim
1042 2145 1253 2202 diﬂisus
1300 2146 1547 2202 facultati
1583 2160 1717 2202 mea:
1757 2146 1906 2201 viros
1948 2144 2085 2199 duos

2190 2148 2366 2221 χρεὼν
2412 2151 2794 2224 ἐλῃτούργησε
2852 2154 3009 2226 τρίτῃ
3077 2155 3372 2210 Καλανδῶν
3425 2154 3734 2226 Νοεμϐρίου,

513 2235 648 2289 mihi
702 2237 1067 2294 amicissimos
1109 2248 1163 2294 et
1214 2240 1564 2295 astronomiae
1598 2238 1966 2310 peritissimos
2018 2237 2085 2294 de

2190 2244 2451 2315 ἑξήκοντα
2488 2246 2583 2298 καὶ
2608 2244 2722 2307 δύο.
2761 2246 2836 2310 ὡς
2873 2249 2922 2300 οἱ
2956 2250 3023 2302 τὰ
3061 2250 3193 2321 περὶ
3226 2248 3397 2304 αὐτοῦ
3450 2248 3739 2320 ἀκριϐέστε-

514 2326 617 2380 hac
636 2327 829 2397 eelipsi
857 2330 1282 2398 consuluissem,
1310 2332 1576 2388 Joannem
1612 2331 1907 2402 Baptistam
1960 2330 2085 2387 Ric-

2193 2352 2284 2408 ρον
2324 2334 2525 2397 εἰδότες
2558 2337 2819 2405 ἔφασκον,
2860 2338 2953 2409 ἔτη
2990 2339 3217 2410 βιώσας,
3261 2342 3320 2407 ἐξ
3348 2336 3426 2396 ὧν
3473 2342 3755 2414 τριάκοντά

513 2419 716 2474 ciolum
746 2429 802 2475 et
821 2423 1082 2478 Jacolium
1111 2422 1414 2490 Grautami,
1437 2427 1597 2480 ambo
1627 2433 2006 2482 convenerunt
2033 2423 2085 2479 in

2191 2427 2287 2481 καὶ
2315 2426 2441 2497 τρία
2468 2427 2844 2498 βεὸασιλευκε.
2884 2430 3143 2502 Idemque
3168 2434 3332 2502 paulo
3382 2443 3513 2505 post
3563 2434 3740 2503 repetit

516 2510 835 2568 allirmando
859 2515 1066 2570 nullam
1093 2532 1236 2571 anno
1267 2517 1472 2573 Christi
1496 2518 1652 2583 1239,
1678 2533 1787 2588 quo
1809 2525 1893 2572 est
1915 2515 2085 2571 Theo-

2197 2518 2266 2575 de
2294 2535 2441 2575 anno
2475 2521 2627 2592 regni
2650 2523 2742 2587 33,
2770 2537 2894 2577 cum
2915 2523 3011 2588 ait,
3033 2524 3311 2596 ἐτεθνήκει
3345 2525 3494 2595 μὲνό
3520 2524 3743 2596 βασιλεὺς

515 2604 689 2660 dorus
715 2606 910 2661 Junior
930 2607 1181 2664 Lascaris
1208 2619 1479 2675 mortuus,
1510 2610 1641 2663 solis
1661 2609 1929 2676 eclipsim.
1956 2624 2085 2679 qua-

2205 2612 2462 2683 Ἰωάννης
2490 2612 2569 2683 τῷ
2595 2613 2697 2682 υἱῷ
2748 2614 2915 2668 αὐτοῦ
2947 2615 3205 2687 Θεοδώρῳ
3241 2617 3342 2687 τὴν
3373 2616 3640 2686 βασιλείαν
3659 2632 3742 2666 u-

515 2699 626 2752 lem
650 2698 1019 2770 Pacliymercs
1041 2699 1325 2766 describit,
1346 2702 1583 2771 spectari
1609 2700 1803 2756 Nicarte
1822 2699 2085 2771 potuisse.

2192 2704 2531 2770 ταλελοιπὼς
2547 2709 2844 2776 τριᾶκοντα
2861 2709 2956 2761 καὶ
2973 2708 3102 2778 τρία
3117 2709 3209 2777 ἐτη
3227 2709 3255 2762 δ
3263 2708 3524 2763 ιανύοντι.
3539 2707 3618 2780 [Ρ.
3634 2707 3741 2779 1931

517 2795 670 2848 Alter
699 2808 831 2847 vero
863 2794 1102 2861 illorum,
1133 2794 1372 2850 Jacobus
1422 2796 1725 2860 Grantami,
1765 2795 2085 2865 benignissi«

2198 2795 2464 2859 Τοσοῦτος
2498 2796 2610 2865 γὰρ
2640 2797 2668 2848 ὁ
2709 2796 2902 2867 χρόνος
2937 2797 3090 2868 αὐτῷ
3136 2797 3341 2861 ὁπόσος
3369 2798 3464 2851 καὶ
3497 2794 3743 2867 πατρικῆς

519 2901 611 2939 mo
662 2886 797 2940 mihi
845 2886 1183 2957 gratificandi
1237 2888 1420 2942 studio
1476 2898 1643 2943 totam
1696 2887 2085 2942 intricatissimi

2198 2888 2475 2960 βασιλείας
2503 2889 2791 2959 ἐτύγχανε.

518 2982 683 3053 hujus
705 2982 809 3037 loci
840 2970 1259 3053 perplexitatem
1300 2983 1523 3053 insigni,
1553 2999 1671 3038 mea
1711 2998 1873 3038 causa
1903 2982 2096 3037 elueu-
2267 2980 2357 3035 Ill.
2392 2978 2492 3035 Hic
2515 2995 2677 3050 porro
2699 2982 2769 3035 5t
2800 2981 3014 3050 imperii
3045 2992 3101 3037 et
3124 2981 3319 3036 mortis
3339 2980 3567 3037 Joannis
3590 2992 3741 3033 annos

518 3076 698 3141 brato,
741 3076 1138 3131 commentario
1172 3077 1461 3145 explicuit,
1493 3077 1547 3130 id
1585 3077 1762 3146 ipsum
1803 3075 1949 3145 quod
2002 3074 2094 3130 hic
2196 3081 2318 3129 erat
2346 3072 2553 3129 Christi
2603 3073 2759 3139 1255,
2797 3084 2926 3128 ante
2979 3083 3253 3146 receptam
3284 3090 3314 3130 a
3373 3074 3576 3131 Graecis
3621 3088 3743 3128 anno

518 3167 846 3236 compendio
868 3166 1121 3236 preposui
1151 3167 1378 3223 uberius
1397 3176 1453 3223 et
1472 3168 1784 3221 accuratius
1812 3173 2088 3220 astruens.
2120 3189 2166 3249 ο
2203 3165 2331 3220 1261
2362 3165 2896 3237 Constantinopolim
2947 3176 3158 3230 sextus.
3188 3178 3312 3223 ante
3338 3177 3574 3223 mortem
3594 3167 3745 3221 Theo-

520 3258 578 3314 ld
613 3259 931 3329 praeclarum
978 3260 1088 3314 viri
1116 3260 1281 3331 longe
1312 3259 1638 3324 doctissimi,
1669 3267 1724 3314 et
1761 3257 1829 3313 de
1883 3272 1969 3313 me
1997 3272 2096 3312 su-
2197 3256 2318 3312 dori
2344 3256 2575 3314 Joannis
2628 3257 2724 3312 filii
2758 3266 3009 3330 quartus,
3046 3268 3105 3315 ut
3137 3268 3356 3316 constat
3387 3277 3455 3317 ex
3488 3261 3629 3316 Duca
3656 3258 3743 3314 lli-

522 3365 618 3421 pra
659 3366 824 3421 quam
876 3351 1176 3422 prmdicare
1213 3356 1417 3422 possim
1455 3351 1660 3422 optime
1709 3350 1914 3417 meriti,
1956 3364 2096 3419 opus
2196 3348 2403 3404 chaelis
2432 3360 2653 3420 nepote,
2688 3350 2828 3406 Hist.
2860 3368 2909 3408 c.
2939 3351 2994 3419 ν,
3035 3360 3093 3408 et
3123 3367 3192 3408 ex
3221 3367 3349 3408 mox
3379 3351 3626 3409 dicendis
3648 3365 3741 3405 ma-

520 3440 683 3510 quale
739 3441 927 3510 accepi
960 3440 1177 3496 erudita
1202 3435 1387 3511 ipsius
1414 3448 1701 3496 exaratum
1737 3453 1902 3494 manu
1943 3437 2098 3494 dein—
2196 3440 2279 3513 gis
2313 3441 2496 3496 adhuc
2529 3443 2758 3513 patebit.

521 3545 653 3603 ceps
691 3531 783 3588 bic
816 3531 1150 3588 adscribam.
2270 3534 2346 3590 De
2379 3535 2676 3592 Theodoro
2718 3553 2851 3594 vero
2885 3538 3029 3594 idem
3071 3538 3391 3610 Acropolita
3447 3538 3563 3594 haec
3600 3534 3745 3591 habet

2197 3625 2275 3682 ib.
2312 3642 2365 3684 c.
2398 3629 2515 3684 74:
2560 3629 2797 3691 Ἐκεῖνος
2848 3631 2947 3701 μὲν
2994 3630 3138 3684 οὕτω
3194 3631 3400 3702 βιώσας
3455 3630 3550 3686 καὶ
3608 3631 3746 3700 μήπω

2197 3720 2356 3785 ὅλους
2411 3722 2683 3793 τέσσαρας
2739 3724 3017 3787 ὲνιαυτοὺς
3066 3723 3576 3793 αὐτοκρατορήσας,
3626 3717 3746 3772 κατὰ

2198 3812 2506 3885 Νοέμσριον
2538 3816 2646 3886 γὰρ
2691 3813 2864 3887 ἄρξας
2909 3817 2968 3870 ὲν
2999 3815 3296 3887 Αὐγούστῳ
3333 3815 3471 3887 μηνὶ
3517 3814 3576 3869 τὺ
3619 3811 3744 3873 τέλος

2196 3908 2400 3979 ἔσχηκε
2437 3908 2538 3978 τῆς
2570 3908 2737 3980 ζωῆς.
2761 3909 2865 3966 Ubi
2907 3900 3197 3965 manifeste
3246 3916 3306 3964 et
3337 3915 3573 3979 quartus
3596 3917 3748 3960 annos

2199 4000 2421 4070 imperii
2460 4001 2708 4056 nondum
2745 4001 2957 4069 ﬁnitus,
2994 4012 3050 4058 et
3113 4002 3337 4056 initium
3379 4000 3537 4072 regni
3570 3994 3747 4052 mensis

2197 4090 2561 4152 Novembris.
2591 4101 2647 4148 et
2704 4092 2831 4147 finis
2880 4093 3007 4147 vitae
3066 4092 3297 4164 Augusti
3353 4091 3745 4162 exprimuntur;

2199 4200 2378 4256 eaque
2411 4185 2643 4242 totidem
2697 4186 2886 4241 verbis
2938 4185 3081 4241 idem
3131 4195 3327 4241 auctor
3374 4187 3435 4239 iu
3494 4183 3748 4240 Chronico

2200 4278 2620 4350 compendiario
2660 4280 2901 4347 repetit;
2937 4278 3148 4349 quibus
3175 4277 3527 4348 Nicephorus
3566 4275 3750 4345 Grego-

2185 1414 2292 1470 fide
2326 1414 2596 1486 depinxit.

1118 3685 1345 3744 CAPUT
1393 3685 1489 3743 III.

518 3817 703 3874 Jacobi
734 3815 1019 3874 Grantami
1046 3833 1074 3873 e
1104 3820 1351 3873 societate
1380 3815 1510 3871 Iesu
1542 3816 1841 3870 dissertatio
1859 3814 1923 3868 de
1937 3814 2100 3885 eclip-

590 3892 638 3945 εἰ
689 3892 816 3946 solis
856 3908 887 3944 a
926 3889 1244 3960 Pacliymere
1293 3898 1501 3943 notata.
1552 3887 1636 3941 Ad
1688 3885 1907 3941 Petrum
1956 3886 2097 3941 Pos-

589 3962 764 4016 sinum
820 3960 1053 4032 ejusdem
1101 3960 1389 4015 societatis.

589 4094 635 4150 l.
678 4092 911 4164 Eclipsis
960 4093 1094 4149 solis
1135 4108 1301 4165 supra
1338 4108 1404 4149 ex
1448 4092 1792 4166 Pachymere'
1823 4092 2099 4161 descripta

519 4197 629 4239 non
664 4185 908 4239 minores
940 4183 996 4238 in
1028 4183 1262 4239 historia
1293 4194 1600 4255 temporum
1626 4193 1682 4240 et
1712 4182 2097 4240 astronomicis

520 4276 735 4348 legibus
785 4276 1047 4332 tenebras
1088 4275 1257 4347 parit,
1303 4292 1468 4348 quam
1516 4277 1723 4332 dicitur
1763 4277 1818 4331 in
1846 4291 1976 4332 aere
1997 4275 2101 4332 ob-

518 4368 846 4427 scuritatem
876 4367 1087 4423 fudisse
1125 4376 1182 4424 et
1212 4369 1398 4425 lumen
1434 4369 1595 4439 plane
1635 4376 1809 4424 totum
1835 4369 1969 4424 solis
2001 4383 2100 4423 οι·
2200 4386 2312 4437 ras,
2332 4370 2371 4425 l.
2398 4385 2436 4425 ιι
2470 4369 2527 4424 in
2555 4368 2690 4436 line,
2724 4370 2953 4425 omnino
2979 4371 3257 4426 consentit
3287 4370 3345 4425 in
3371 4369 3531 4424 annis
3561 4368 3750 4438 triginta

522 4460 802 4524 stinxisse;
851 4476 948 4515 aer
982 4460 1132 4516 enim
1179 4470 1324 4517 tecto
1375 4475 1405 4516 a
1447 4464 1580 4516 luna
1620 4461 1734 4516 sole
1771 4462 1955 4530 aliqua
1989 4460 2097 4517 sal—
2203 4465 2380 4521 tribus
2420 4473 2534 4520 tum
2570 4462 2800 4535 imperii’,
2829 4464 3023 4535 patris,
3068 4476 3182 4519 tum
3226 4464 3355 4518 vitze
3384 4464 3485 4518 filii
3515 4476 3634 4517 cum
3666 4461 3751 4515 2m-

524 4564 632 4611 tem
665 4553 948 4608 stellarum
989 4553 1114 4609 luce
1143 4554 1409 4624 fulgebat,
1428 4562 1483 4609 et
1508 4569 1630 4625 qua
1681 4553 1909 4609 interra
1941 4569 2097 4623 gere-
2125 4540 2170 4597 Ῑ)
2203 4559 2420 4628 perium
2466 4573 2497 4612 a
2539 4566 2695 4629 patre
2740 4558 3002 4627 suscepit,
3053 4567 3169 4613 tum
3217 4557 3385 4613 etiam
3446 4557 3503 4610 in
3542 4563 3750 4624 quatuor

522 4646 727 4701 bantur
754 4662 864 4700 non
897 4647 1121 4702 omnino
1169 4646 1465 4701 invisibilia
1495 4654 1553 4702 et
1592 4645 1961 4701 intractabilia
1997 4643 2099 4698 ﬂe.
2201 4654 2362 4708 annis
2403 4652 2620 4722 imperii
2670 4651 2955 4708 Theodori
2987 4666 3099 4705 non
3136 4649 3392 4721 integris,
3429 4664 3554 4705 cum
3583 4644 3753 4702 asserit

523 4738 692 4794 bant:
721 4738 1019 4810 descriptio
1044 4749 1225 4795 autem
1250 4740 1339 4794 illa
1359 4739 1439 4794 sic
1461 4741 1761 4793 obscurare
1781 4737 1999 4792 videtur
2019 4736 2103 4792 111-
2203 4762 2327 4803 eum
2360 4746 2401 4802 1,
2449 4762 2530 4813 ιιι,
2574 4762 2699 4802 cum
2745 4745 3084 4801 tricesimum
3135 4754 3351 4800 sextum
3399 4742 3526 4798 νίιω
3571 4750 3752 4795 annum

524 4828 774 4891 storiam,
797 4837 856 4884 ut
882 4830 1086 4884 nullam
1105 4830 1155 4884 ei
1188 4832 1410 4900 penitus
1442 4827 1567 4884 lidei
1592 4830 1770 4882 lucem
1795 4834 1891 4881 aut
1912 4840 2085 4895 aspec-

2203 4847 2409 4911 ageret,
2462 4839 2787 4895 defunctum
2828 4840 3072 4894 ςἝκτον
3131 4838 3224 4892 καὶ
3283 4837 3613 4908 τριακοστδν
3663 4832 3752 4885 ἀπὸ

527 4928 644 4974 tum
670 4917 920 4973 veritatis
962 4918 1267 4988 relinquat.
1295 4918 1443 4972 Mors
1485 4914 1833 4986 imperatoris
1879 4914 2085 4985 ponitul

2205 4932 2472 4999 γενέσεως
2530 4933 2726 5003 χρόνον
2786 4932 3071 5001 ἀμείϐοντι
3136 4932 3291 4993 νόσος
3352 4930 3644 4999 ἐνσκήπτει
3689 4924 3753 4993 τῷ

526 5026 672 5065 anno
701 5011 757 5064 in
781 5020 1105 5066 autumnum
1140 5018 1406 5081 vergente
1433 5028 1448 5065 :
1477 5009 1583 5062 Τοῦ
1619 5011 1664 5063 δ’
1699 5008 1866 5063 αὐτοῦ
1906 5009 2085 5080 χρόνοι

2208 5021 2421 5091 βασιλεῖ
2451 5021 2665 5095 χαλεπὴ
2697 5023 2789 5075 καὶ
2814 5021 3030 5094 βαρεῖα,
3062 5024 3157 5075 καὶ
3181 5022 3321 5075 ὅπλα
3355 5020 3524 5090 φάναι
3542 5018 3751 5073 θανάτου

525 5103 661 5174 πρὸς
680 5103 740 5155 τὸ
759 5102 1151 5171 φθινοπωρινὸν
1171 5101 1557 5165 ἀποκλίνοντος
1577 5101 1930 5172 μεταλλάττει
1945 5101 2005 5155 τὸ
2022 5100 2104 5170 Bt.-
2208 5111 2468 5182 φοροῦσα,

525 5195 620 5249 οὖν
647 5197 676 5248 ὀ
699 5196 939 5265 κρατῶν.
962 5194 1278 5249 Pro-nuntia
1300 5192 1537 5264 anigitur
1562 5195 1695 5250 solis
1718 5193 1958 5250 defectio
1984 5204 2105 5249 tan-
2277 5202 2364 5257 IV.
2390 5202 2483 5258 Est
2518 5220 2649 5276 ergo
2668 5219 2924 5261 mortuus
2937 5206 3175 5262 Joannes
3205 5208 3384 5262 Ducas
3404 5221 3551 5261 anno
3573 5199 3753 5261 Christi

529 5296 583 5342 ta
605 5298 663 5341 ut
687 5286 974 5356 profunda:
1004 5286 1245 5341 tenebrae
1274 5289 1459 5340 omnia
1489 5294 1737 5355 tegerent
1760 5296 1816 5341 et
1842 5287 2016 5342 stellze
2042 5287 2100 5341 in
2210 5293 2369 5358 1235,
2404 5295 2459 5350 in
2502 5297 2609 5352 ﬁne
2632 5298 2911 5361 Octobris,
2944 5309 3000 5355 ei
3031 5301 3358 5355 Theodorus
3380 5299 3628 5356 Lascaris
3651 5296 3752 5364 ejus

526 5380 669 5436 coelo
687 5380 938 5435 lucentes
970 5388 1299 5450 apparerent
1324 5397 1337 5433 :
1367 5380 1433 5432 '0
1463 5379 1526 5451 δὴ
1560 5381 1655 5433 καὶ
1674 5382 2025 5451 προεσήμηνέ
2053 5398 2083 5432 τ

2209 5386 2357 5441 (ilius
2395 5403 2542 5442 anno
2572 5388 2732 5455 1259,
2762 5406 2951 5446 mense
2980 5393 3249 5462 Augusto.
3291 5394 3423 5458 Quae
3474 5398 3599 5445 nota
3631 5396 3752 5440 tem-

527 5474 777 5541 σημεῖον.
808 5471 998 5533 Ἥλιος
1023 5470 1151 5542 γάρ,
1186 5479 1296 5534 etc,
1317 5476 1378 5524 ut
1417 5470 1584 5541 699
1639 5487 1826 5541 supra.
1864 5472 2085 5543 Temput

2206 5479 2357 5549 poris
2399 5488 2547 5535 recte
2587 5484 2845 5537 convenit
2879 5498 3003 5537 cum
3038 5499 3100 5538 ea
3131 5500 3294 5554 quam
3326 5481 3582 5553 exprimit
3610 5473 3754 5548 700

529 5563 677 5635 quod
711 5562 1023 5634 assignatur
1056 5563 1158 5616 sub
1188 5561 1381 5616 horam
1416 5564 1630 5617 tertiam
1667 5562 1775 5618 dici
1806 5574 1992 5627 sextio.
2021 5564 2105 5633 ἐφ’
2209 5568 2571 5641 Pacbymeres
2597 5571 2847 5626 scribens
2877 5571 3227 5628 Theodorum
3257 5575 3641 5644 imperatorem
3679 5566 3750 5618 Vi-

528 5652 682 5724 ὥραν
710 5656 899 5724 τρίτην
947 5654 1046 5722 τῆς
1095 5652 1261 5723 ἕκτης
1314 5654 1546 5726 ἡμέρας,
1619 5655 1876 5710 tenebras
1934 5655 2085 5725 magi:

2212 5669 2319 5714 tam
2360 5651 2486 5715 cum
2528 5673 2708 5718 morte
2741 5675 3112 5721 commutasse
3145 5681 3296 5720 anno
3344 5663 3409 5719 ad
3453 5667 3752 5717 autumnum

527 5762 696 5819 quam
742 5747 921 5801 lucem
953 5745 1209 5813 oll'undit,
1241 5756 1297 5802 et
1330 5747 1461 5801 dum
1493 5747 1757 5802 terminos
1790 5761 1969 5818 neque
2000 5748 2107 5802 iui-
2210 5750 2535 5810 inclinante.

528 5844 738 5899 tierunt
769 5858 946 5914 neque
995 5842 1186 5897 finium
1235 5842 1544 5914 prmscribit
1586 5841 1851 5911 narratio,
1899 5851 2007 5898 tam
2040 5842 2110 5898 li-
2280 5845 2390 5902 Sed
2422 5847 2488 5903 de
2524 5849 2717 5921 eclipsi
2754 5851 2910 5920 solis,
2969 5860 3024 5906 ct
3073 5859 3221 5906 tanta
3273 5858 3476 5922 quanta
3508 5863 3537 5903 a
3568 5841 3754 5911 Pachy-
