3992 6522
280 393 423 460 1161

1583 378 2256 445 CHRONOLOGICUS.

3404 370 3545 435 1162

284 525 439 565 mere
475 504 827 570 describitur,
866 505 949 559 vel
991 519 1057 559 eo
1089 519 1232 558 anno
1272 502 1356 558 vel
1386 503 1440 556 in
1463 511 1639 556 morte
1666 501 1849 554 Theo-
1885 506 1927 556 Α
1956 494 2141 563 eelipsi
2179 506 2488 547 sermonem
2524 489 2761 563 ginferat,
2813 490 2948 545 nihil
2996 490 3062 544 de
3107 491 3263 544 initio
3319 490 3537 560 imperii
3606 493 3625 508 '

212 646 221 657 .
280 600 407 656 dori
470 599 554 652 vel
612 599 664 651 in
720 607 986 651 autumno
1017 596 1180 660 facta,
1235 606 1428 649 auctor
1458 596 1599 649 alius
1667 594 1853 649 nullus

282 692 556 750 uteminit.
589 699 643 744 et
674 689 789 744 fieri
818 691 983 743 ullam
1019 689 1260 759 potuisse
1294 688 1441 757 leges
1474 687 1858 741 astronomicae

281 803 397 843 non
437 786 786 856 permittunt.
832 782 1121 837 Noviluuia
1179 783 1324 834 enim
1380 782 1506 834 anni
1570 779 1706 835 1259
1766 790 1861 834 aut

283 878 544 945 ecliptica
595 875 745 928 nulla
775 874 949 937 fuere,
988 883 1081 926 aut
1132 890 1240 926 non
1272 872 1751 941 ConstantinOpoli
1795 887 1860 924 ac

286 972 425 1027 locis
451 969 666 1034 vicinis,
721 978 776 1023 et
805 979 1061 1021 auctores
1100 965 1423 1033 ehronologi
1479 973 1534 1017 et
1577 963 1860 1017 annalium

287 1063 619 1131 scriptores,
659 1060 751 1129 qui
790 1059 921 1113 solis
955 1058 1205 1129 eclipsim
1274 1072 1413 1127 pene
1447 1055 1670 1109 letalem
1723 1056 1865 1109 refc-

289 1167 422 1208 runt
458 1156 523 1207 ad
568 1168 770 1207 annum
810 1152 1017 1207 Christi
1068 1151 1204 1205 19.59
1246 1150 1302 1204 in
1338 1159 1512 1205 morte
1558 1149 1861 1207 Theodori,

288 1266 400 1302 non
442 1248 659 1302 tabulas
680 1247 1107 1311 astronomicas,
1144 1245 1237 1299 sed
1258 1255 1537 1299 auctorem
1567 1243 1863 1312 Pachyme-
1903 1284 1917 1291 ς

287 1359 406 1394 rem
436 1352 768 1410 sequuntur.
810 1342 887 1394 lta
940 1340 1089 1394 enim
1144 1339 1417 1394 Odoricus
1450 1336 1765 1408 Raynaldus
1796 1336 1862 1389 ad

284 1452 493 1491 annum
550 1434 754 1489 Christi
816 1432 976 1499 1259,
1032 1441 1252 1485 narrata
1286 1429 1562 1484 Theodori
1596 1438 1774 1482 morte
1810 1428 1863 1481 in

288 1545 480 1582 mense
507 1530 773 1597 Augusto,
805 1528 882 1579 ait
920 1524 1265 1595 paragrapho
1302 1524 1369 1578 54
1401 1539 1414 1574 :
1452 1521 1611 1575 Sexto
1659 1520 1723 1573 ab
1751 1520 1865 1588 ejus

286 1622 429 1674 obitu
457 1623 538 1673 die
567 1620 1101 1690 traditPachymeres
1141 1620 1396 1688 insignem
1452 1616 1577 1669 solis
1619 1614 1868 1683 defectio-

289 1731 411 1767 nem
442 1714 624 1781 fuisse,
670 1715 801 1765 adeo
851 1722 907 1766 ut
953 1713 1105 1764 unius
1157 1714 1298 1765 hora:
1341 1710 1515 1780 spatio
1545 1708 1868 1761 densissime

290 1810 566 1860 horrerent
600 1808 824 1860 tenebrat
854 1805 1125 1875 stellaeque
1156 1805 1209 1857 in
1249 1804 1375 1857 cwlo
1408 1809 1745 1870 apparerent.
1791 1800 1866 1852 Ita

1962 584 2298 655 significans.
2342 583 2544 652 justam
2589 592 2738 638 certe
2780 599 2889 637 non
2938 583 3085 636 alin]
3118 584 3537 639 attendentibus

1961 678 2171 732 erroris
2206 693 2423 731 causam
2449 677 2623 731 dedit.
2656 680 2722 731 At
2747 678 2790 731 si
2826 677 2951 746 quis
2980 694 3091 731 rem
3126 688 3334 732 attente
3359 679 3541 734 consi-

1962 768 2238 822 deraverit
2266 780 2469 822 etcum
2500 768 2724 821 historia
2744 760 2890 822 illius
2922 771 3186 837 temporis
3214 772 3538 834 contulerit,

1966 860 2018 913 in
2048 859 2113 911 iis
2148 858 2390 914 tenebris
2417 857 2595 912 lucem
2628 859 2891 914 inveniet.
2940 858 3030 913 Sic
3071 870 3253 914 autem
3292 876 3413 915 eam
3441 878 3541 915 ex-

1967 952 2128 1021 pilCO.
3015 970 3035 996 ι

2038 1042 2363 1097 Theodorus
2385 1042 2603 1095 vivendi
2627 1044 2786 1097 linem
2826 1044 2956 1098 tecit
2983 1059 3127 1098 anno
3151 1045 3355 1100 Christi
3382 1046 3540 1109 1259,

1967 1155 2152 1193 mense
2192 1140 2457 1210 Augusto.
2501 1138 2755 1193 Historia:
2800 1141 2965 1194 totius
2996 1140 3112 1195 haec
3160 1142 3294 1196 fides
3336 1151 3441 1206 est,
3475 1143 3543 1197 de

1966 1250 2071 1303 qua
2095 1234 2349 1287 dubitare
2382 1248 2489 1286 non
2523 1234 2674 1287 licet.
2700 1233 3067 1303 Pachymeres
3091 1235 3142 1289 id
3174 1237 3389 1299 asserit,
3417 1253 3542 1291 cum

1968 1328 2045 1381 ait
2088 1327 2291 1381 factum
2340 1340 2599 1400 vergente
2652 1329 2707 1383 in
2757 1340 3085 1383 autumnum
3138 1345 3301 1393 anno,
3347 1346 3545 1399 nempe

1970 1422 2115 1474 inter
2132 1414 2422 1475 solstitium
2443 1424 2691 1477 aestivum
2712 1433 2760 1477 et
2782 1424 3176 1491 tequiuoctium
3202 1423 3543 1477 autumnale.

1971 1514 2298 1570 Theodorus
2318 1517 2533 1571 initium
2565 1517 2820 1587 regnandi
2847 1518 2974 1572 fecit
2997 1534 3141 1572 anno
3164 1518 3364 1574 Christi
3390 1516 3545 1578 1255.

1972 1612 2129 1672 patre
2169 1614 2385 1658 mortuo
2423 1606 2528 1660 sub
2571 1606 2733 1661 finem
2776 1606 3057 1674 Octobris,
3118 1625 3225 1663 non
3267 1610 3547 1663 declarato

1976 1695 2088 1748 filio
2132 1711 2473 1764 successore,
2509 1699 2600 1769 qui
2646 1699 2769 1754 ideo
2799 1701 3009 1755 tardius
3038 1702 3271 1766 electus,
3303 1703 3550 1757 elevatus

1974 1789 2026 1843 in
2060 1790 2274 1861 clypeo,
2321 1801 2519 1846 unctus
2562 1802 2617 1847 et
2662 1805 2958 1848 coronatus
2993 1806 3097 1856 est,
3159 1806 3270 1849 tum
3323 1806 3553 1866 propter

294 1902 583 1956 ιινητίρηε.
617 1901 950 1969 Spondmms
980 1900 1047 1953 ad
1078 1899 1335 1953 eumdem
1370 1912 1607 1958 annum;
1645 1896 1718 1947 ita
1751 1892 1865 1954 alii,
1903 1883 1941 1937 Β
1973 1882 2187 1937 diversa
2225 1886 2409 1953 populi
2446 1887 2646 1947 studia,
2683 1896 2796 1941 tum
2827 1889 2897 1942 ob
2924 1890 3189 1943 Manuelis
3222 1893 3551 1959 patriarcha:

291 1995 388 2062 qui
421 1993 584 2062 hujus
608 1992 935 2045 defectionis
960 1991 1279 2053 meminere,
1307 1988 1658 2059 Pachymeris
1682 1999 1869 2039 aucto-

296 2089 464 2139 ritate
496 2102 553 2140 se
595 2094 767 2140 tectos
816 2094 1012 2154 putant
1065 2086 1183 2139 sine
1243 2084 1349 2137 alio
1388 2081 1663 2146 examine,
1697 2088 1751 2131 et
1780 2096 1871 2133 er-

294 2191 444 2245 rant,
477 2190 534 2235 ct
558 2181 696 2234 alios
726 2180 777 2233 in
815 2194 1060 2234 errorem
1095 2178 1383 2233 inducunt.

372 2269 597 2321 Acutior
620 2268 741 2321 aliis
761 2268 963 2323 Sethus
985 2268 1258 2322 Calvisius
1287 2268 1339 2320 iu
1367 2265 1575 2321 Chron.
1612 2282 1701 2319 an.
1738 2264 1873 2319 1255

295 2360 655 2431 Pachymcris
700 2362 1003 2431 fragmenta
1038 2362 1245 2416 erroris
1302 2361 1505 2431 arguit,
1558 2361 1705 2430 quod
1752 2376 1870 2416 eam

297 2452 432 2506 solis
461 2452 711 2520 eclipsim
749 2453 803 2505 in
840 2452 996 2506 obitu
1024 2452 1301 2506 Theodori
1338 2452 1727 2515 indicaverint,
1764 2467 1875 2520 quo

297 2560 447 2598 anno
480 2554 535 2599 et
569 2546 933 2615 sequentibus
963 2547 1111 2599 nulla
1149 2546 1273 2600 talis
1303 2546 1638 2610 inveniatur,
1676 2554 1730 2598 et
1751 2561 1873 2599 eam

302 2646 463 2706 putat
504 2637 770 2691 accidisse
803 2637 858 2690 in
904 2646 1081 2690 morte
1106 2636 1335 2691 Joannis
1368 2636 1551 2701 Ducas,
1599 2642 1723 2705 post
1755 2637 1877 2704 ejus

299 2729 516 2783 obitum
548 2730 636 2784 die
665 2728 716 2792 6,
743 2728 810 2782 30
847 2730 1186 2783 Decembris.

374 2821 475 2877 Sic'
493 2821 784 2888 Calvisius,
829 2838 894 2876 ex
933 2834 1089 2891 parte
1120 2822 1345 2892 quidem
1388 2838 1535 2887 vere,
1575 2832 1632 2877 ut
1668 2823 1736 2878 ab
1779 2840 1877 2877 au-

300 2922 456 2968 ctore
484 2915 537 2967 in
576 2915 737 2968 rebus
791 2914 1181 2969 astronomicis
1231 2916 1372 2969 bene
1405 2924 1645 2980 versato,
1690 2915 1783 2971 sed
1811 2932 1879 2970 ex

303 3016 459 3076 parte
484 3019 677 3061 contra
715 3008 960 3062 historiae
984 3008 1271 3061 veritatem
1308 3007 1599 3062 manifeste
1630 3024 1879 3078 pugnan-

307 3102 405 3155 tia.
438 3100 664 3157 Certum
694 3101 841 3155 enim
873 3109 955 3154 est
975 3102 1086 3170 jam
1114 3100 1277 3169 paulo
1302 3112 1429 3157 ante
1462 3104 1732 3171 prolatum
1777 3105 1879 3159 Pa-

1974 1978 2139 2044 paulo
2184 1988 2311 2033 ante
2347 1981 2549 2035 mortui
2600 1981 2961 2046 desiderium,
2993 1983 3287 2054 Nicephori
3333 1986 3385 2040 in
3433 1987 3553 2058 ejus

1975 2070 2153 2124 locum
2184 2071 2343 2126 electi
2374 2073 2697 2127 modestiam
2734 2075 2786 2128 in
2825 2078 3127 2131 recusanda
3163 2079 3449 2148 dignitate,
3489 2096 3554 2133 ac

1974 2164 2192 2219 Arsenii
2231 2166 2449 2220 tandem
2485 2168 2659 2221 vocati
2696 2169 2762 2221 ad
2800 2169 3113 2239 ungendum
3170 2182 3225 2225 et
3277 2187 3554 2226 coronau-

1976 2256 2108 2310 dum
2153 2257 2541 2327 imperatorem
2588 2258 2891 2327 longiorem
2932 2276 3168 2325 moram,
3216 2279 3337 2332 qua:
3368 2260 3554 2318 omnia

1978 2349 2098 2402 fuse
2124 2349 2447 2404 describunt
2477 2349 2823 2419 Nicephorus
2855 2351 3125 2421 Gregoras
3150 2356 3307 2409 initio
3333 2356 3370 2411 Ι.
3406 2373 3465 2422 ιι,
3496 2368 3553 2411 ct

1977 2441 2248 2512 Georgius
2276 2442 2591 2511 Acropolita
2627 2458 2674 2497 c.
2706 2444 2793 2499 55.
2829 2443 3152 2501 Theodorus
3183 2449 3364 2501 statim
3394 2448 3553 2504 initio

1980 2536 2129 2603 regni
2172 2534 2385 2588 infestis
2433 2535 2591 2589 bellis
2629 2546 2822 2591 contra
2860 2537 3126 2606 Bulgaros
3172 2551 3227 2595 et
3260 2540 3556 2596 Thessalos

1980 2648 2153 2702 usque
2192 2632 2259 2687 ad
2312 2634 2438 2685 vita:
2475 2632 2681 2687 exitum
2737 2632 3033 2687 infeliciter
3069 2645 3375 2704 occupatus
3429 2646 3551 2692 est:

1979 2724 2314 2779 difﬁcillimis
2354 2725 2592 2794 negotiis
2644 2725 2980 2794 implicatus,
3034 2728 3446 2797 suspicionibus
3498 2740 3556 2785 ct

1981 2822 2211 2875 humore
2239 2820 2634 2875 melancholico
2667 2820 2732 2873 ad
2758 2823 3003 2890 quredam
3035 2838 3134 2876 sua
3159 2824 3442 2892 majestate
3477 2826 3560 2878 in-

1981 2917 2144 2985 digna
2169 2915 2333 2969 etiam
2367 2916 2634 2970 adversus
2662 2915 2873 2969 aulicos
2903 2915 3170 2984 dignitate
3200 2926 3255 2970 et
3292 2916 3397 2971 fide
3424 2933 3554 2988 erga

1981 3025 2108 3063 cum
2144 3019 2467 3080 prtestantes
2491 3010 2857 3080 perpetranda
2892 3012 3185 3075 adductus,
3218 3012 3354 3065 vixit
3386 3014 3553 3067 mise-

1984 3103 2272 3157 rabiliter.
2315 3103 2643 3157 Theodorus
2683 3103 2839 3173 longa
2890 3104 3109 3157 tandem
3153 3106 3327 3161 macie
3367 3108 3553 3161 confc-

307 3196 628 3267 chymcrem
662 3194 812 3263 loqui
854 3193 921 3248 de
959 3194 1114 3247 obitu
1142 3194 1419 3248 Theodori
1454 3196 1507 3249 in
1541 3212 1727 3251 mense
1772 3199 1881 3251 Au-
1907 3226 1951 3287 ρ
1985 3206 2126 3261 ctus,
2162 3205 2274 3250 toto
2305 3212 2535 3266 corpore
2564 3198 2852 3266 exsangui,
2883 3197 3087 3251 frustra
3117 3199 3342 3253 tentatis
3375 3202 3563 3254 omni-

305 3298 489 3358 gusto,
523 3302 689 3353 anno,
722 3297 781 3340 ut
814 3287 929 3355 ipse
954 3287 1050 3353 ait,
1080 3286 1147 3341 ad
1190 3296 1517 3343 autumnum
1544 3289 1880 3355 inclinante;

307 3397 422 3453 quo
459 3398 569 3435 non
617 3381 851 3451 quadrat
892 3396 1041 3433 mors
1066 3380 1317 3447 Joannis,
1346 3398 1469 3452 qua:
1520 3382 1575 3437 in
1622 3384 1689 3438 30
1720 3384 1883 3439 Octo-

307 3476 426 3530 bris
452 3474 706 3537 incurrit,
741 3483 801 3528 ut
855 3476 1018 3527 etiam
1058 3474 1223 3543 paulo
1260 3476 1517 3545 superius
1568 3477 1878 3533 docuimus.

308 3565 521 3620 Deinde
557 3566 686 3634 quid
713 3573 989 3633 spectaret
1013 3563 1081 3615 ad
1114 3574 1346 3618 mortem
1386 3563 1685 3628 Theodori,
1717 3582 1880 3635 quam

307 3661 578 3716 describit
618 3668 803 3728 aperte
841 3658 1228 3727 Pachymcres,
1285 3658 1530 3712 narratio
1580 3667 1687 3711 tam
1723 3675 1884 3712 accu-

308 3762 430 3806 rata
469 3750 694 3820 eclipsis
728 3749 860 3803 solis
893 3751 1049 3804 facta:
1097 3750 1151 3803 in
1198 3761 1377 3802 morte
1427 3749 1601 3817 patris
1644 3758 1885 3817 quatuor

309 3845 429 3901 fere
455 3856 582 3898 ante
612 3858 809 3908 annos,
843 3842 995 3896 nulla
1031 3842 1139 3895 alia
1168 3842 1342 3911 patris
1373 3841 1653 3895 mentione
1697 3839 1884 3893 habita

302 3946 400 3992 aut
428 3938 483 3992 id
521 3936 772 4005 exigente
815 3950 979 3989 causa
1013 3933 1372 3988 rationabili?
1398 3933 1687 3999 Quomodo
1722 3932 1884 3987 deni-

303 4048 416 4100 que
442 4030 685 4100 eclipsis,
740 4046 862 4099 qua:
895 4030 1124 4100 contigit
1168 4028 1235 4084 50
1281 4028 1369 4082 die
1402 4026 1739 4091 Decembris,
1774 4026 1882 4080 dici

305 4132 488 4193 potest
546 4123 815 4177 accidisse
848 4132 1004 4176 sexto
1062 4123 1150 4176 die
1204 4130 1329 4190 post
1358 4132 1590 4174 mortem
1635 4121 1881 4185 Joannis,

306 4218 401 4286 qui
445 4216 569 4269 vita:
599 4216 745 4269 diem
779 4224 1085 4269 extremum
1127 4213 1323 4267 habuit
1361 4212 1429 4267 50
1462 4211 1758 4267 Octobris?

379 4308 505 4363 llaec
540 4308 705 4378 igitur
741 4306 965 4361 Calvisii
1015 4306 1419 4361 animadversio
1454 4320 1565 4359 non
1617 4306 1758 4359 tollit
1790 4314 1885 4359 aut

310 4402 516 4456 minuit
549 4399 870 4468 quaastionis
898 4397 1297 4460 difﬁcultatem,
1347 4396 1443 4450 sed
1486 4408 1648 4465 auget
1680 4398 1881 4466 potius,

306 4505 363 4547 et
400 4494 472 4545 ita
504 4486 749 4560 implicat
780 4500 837 4544 ut
872 4488 1220 4542 insolubilem
1256 4488 1432 4541 facere
1466 4489 1741 4543 videatur.

1986 3289 2091 3344 bus
2114 3290 2370 3345 humanis
2394 3290 2672 3355 remediis,
2696 3300 2851 3345 extra
2883 3292 3105 3361 regiam,
3146 3293 3199 3345 in
3230 3295 3380 3362 gravi
3408 3295 3557 3350 luctu

1986 3384 2324 3453 pmuilcntiaa
2353 3390 2409 3437 et
2446 3383 2633 3438 habitu
2672 3385 2951 3452 l'CiigiUStl,
2988 3384 3181 3440 dolens
3220 3388 3364 3456 quod
3399 3390 3561 3443 Chri-

1986 3484 2132 3527 stum
2171 3475 2527 3537 deseruisset,
2570 3491 2737 3545 regno
2776 3476 2937 3530 simul
2979 3486 3035 3531 et
3075 3480 3182 3531 vita
3222 3480 3468 3547 privatur
3507 3482 3561 3535 iu

1984 3565 2161 3617 atatis
2194 3564 2350 3627 ﬂore.
2384 3580 2530 3619 anno
2567 3576 2775 3620 tantum
2811 3578 2966 3621 sexto
3003 3584 3166 3637 supra
3198 3570 3559 3635 tricesimum,

1987 3653 2199 3723 imperii
2236 3662 2456 3724 quarto.
2486 3653 2831 3719 Theodorus,
2868 3657 3224 3711 vehementer
3261 3658 3456 3712 anxius
3494 3659 3563 3712 de

1986 3744 2093 3800 fide
2123 3754 2179 3800 et
2211 3745 2448 3800 amicitia
2485 3746 2765 3802 Michaelis
2799 3748 3105 3818 Paltcologi,
3146 3748 3314 3801 filiolo
3350 3750 3416 3802 ad
3456 3750 3555 3802 iur

1986 3838 2125 3907 perii
2155 3837 2528 3907 gubernacula
2578 3838 2787 3908 inepto,
2814 3840 2918 3893 sub
2965 3840 3202 3892 hominis
3250 3841 3472 3895 obscuri
3506 3852 3563 3895 et

1987 3932 2089 3985 sub
2123 3931 2451 4001 patriarcha:
2484 3932 2673 3994 tutela,
2708 3931 2774 3984 ad
2815 3932 3076 3985 invidiam
3109 3934 3418 4000 dignitatis,
3453 3951 3559 4002 qua

1988 4024 2137 4078 brevi
2172 4025 2417 4092 dejectus
2451 4036 2555 4089 est,
2607 4026 2820 4090 relicto,
2874 4034 3267 4080 testamentum
3315 4027 3565 4082 condidit

1989 4118 2041 4170 in
2066 4118 2293 4187 gratiam
2326 4117 2529 4170 tutoris
2561 4118 2707 4170 illius
2735 4118 3057 4181 Muzalonis,
3087 4135 3252 4188 quem
3286 4119 3561 4175 [toruaua-

1986 4225 2105 4262 rum
2142 4225 2324 4262 rerum
2356 4208 2639 4263 dominum
2669 4210 3067 4275 constituebat,
3107 4214 3290 4281 quoad
3321 4215 3464 4269 filius
3488 4216 3556 4270 ad

1986 4301 2283 4370 perfectam
2322 4302 2559 4355 venisset
2580 4312 2817 4365 atatem,
2850 4320 2975 4356 cum
3004 4304 3325 4374 gravissima
3358 4324 3554 4375 proce-

1988 4410 2106 4448 rum
2140 4388 2464 4458 offcusinne,
2507 4409 2669 4463 quam
2722 4404 2908 4449 secuta
2947 4409 3033 4451 est
3079 4397 3300 4466 imperii
3338 4411 3559 4469 pertur-

1988 4485 2135 4538 batio
2169 4492 2225 4539 et
2262 4487 2317 4538 in
2371 4485 2653 4540 Michaelis
2698 4485 2960 4541 familiam
3002 4491 3257 4545 transitio
3292 4493 3563 4549 crudelis-

385 4585 477 4640 Sic
510 4585 675 4654 igitur
722 4583 1109 4653 Pachymerem
1161 4581 1577 4651 intelligendum
1627 4582 1884 4644 arbitror,
1923 4596 1964 4649 υ
1990 4578 2148 4630 sima.
2186 4576 2310 4631 Fuit
2340 4577 2431 4631 hic
2464 4578 2808 4632 miserrimus
2840 4580 3116 4636 Theodori
3154 4585 3309 4653 regni
3349 4596 3405 4640 et
3440 4586 3569 4642 vitai

306 4686 369 4727 ut
418 4693 608 4731 revera
644 4685 874 4729 mortem
908 4674 1185 4729 Theodori
1218 4674 1519 4737 describat,
1573 4674 1885 4743 factamque

306 4782 441 4819 vere
492 4777 698 4823 asserat
737 4767 1040 4820 inclinante
1091 4766 1157 4819 ad
1212 4776 1539 4818 autumnum
1571 4781 1738 4830 anno,
1790 4766 1883 4821 sed

310 4858 567 4927 eclipsim
604 4861 736 4913 solis
763 4860 1012 4929 designet
1043 4875 1152 4911 non
1179 4874 1298 4927 quae
1348 4856 1403 4911 in
1436 4858 1590 4912 obitu
1638 4859 1884 4927 ejusdem

308 4949 591 5003 Theodori
631 4948 715 5019 μ).
769 4948 1061 5019 4941facta
1116 4947 1186 5001 sit
1246 4948 1322 5015 (id
1352 4948 1500 5001 enim
1552 4958 1732 5001 textus
1775 4964 1883 5001 non

310 5044 479 5106 dicit;
509 5052 564 5094 et
598 5041 783 5109 inepta
805 5057 868 5093 ea
897 5050 1042 5095 esset
1072 5040 1137 5115 ad
1178 5039 1772 5109 prmsiguificationem,
1818 5041 1885 5094 de

305 5150 418 5201 qua
456 5134 509 5185 in
536 5148 602 5186 eo
631 5133 837 5185 mentio
871 5132 1000 5201 est),
1033 5126 1129 5185 sed
1160 5147 1281 5200 quae
1306 5130 1465 5185 initio
1493 5131 1708 5200 imperii
1742 5134 1887 5203 ejus-

305 5230 433 5278 dem
467 5223 762 5287 Theodori,
793 5224 949 5292 quasi
992 5224 1300 5293 prautuntia
1333 5222 1521 5278 brevis
1564 5234 1621 5279 et
1651 5224 1885 5279 infelicis

304 5317 433 5383 ejus
464 5318 637 5384 regni,
670 5315 818 5383 quod
850 5331 959 5367 non
994 5314 1164 5366 tnulto
1198 5312 1321 5382 plus
1351 5312 1595 5366 triennio
1626 5315 1799 5376 stetit,
1831 5323 1885 5365 et

308 5410 366 5461 in
398 5411 673 5461 continuis
699 5409 855 5477 701
890 5407 1017 5461 belli
1061 5407 1302 5460 motibus
1360 5415 1415 5459 et
1474 5406 1653 5460 morbi
1714 5406 1886 5460 mole-

308 5498 541 5553 stissimi
593 5514 732 5566 saepe
792 5497 1043 5566 repetitis
1087 5495 1426 5565 gravissimis
1488 5496 1885 5549 tentationibus

311 5606 496 5646 actum
533 5608 657 5643 cum
682 5590 789 5643 vita
820 5590 1033 5644 finitum
1058 5595 1141 5643 est
1168 5604 1312 5641 anno
1337 5587 1514 5642 :etatis
1544 5588 1611 5640 56
1639 5590 1883 5642 nondum

305 5686 604 5753 completo.

377 5782 509 5844 Quae
528 5790 705 5831 tamen
736 5792 858 5830 cum
880 5792 989 5831 non
1015 5777 1147 5831 satis
1169 5773 1471 5846 distinguat
1498 5775 1879 5846 Pachymeres,

303 5884 359 5929 ct
390 5873 574 5927 statim
607 5880 727 5942 post
760 5870 1089 5939 descriptam
1121 5880 1352 5925 mortem
1382 5871 1658 5928 Theodori
1692 5873 1758 5926 de
1790 5872 1878 5925 illa

639 5968 908 6027 Parant.
953 5969 1070 6026 (in.
1121 5965 1365 6028 CXLllI

1988 4680 2162 4724 status
2190 4677 2245 4723 et
2290 4669 2539 4723 luctuosa
2593 4672 2788 4726 mortis
2817 4672 3083 4739 conditio,
3141 4693 3303 4745 quam
3337 4677 3564 4733 brevius

1989 4761 2354 4829 Nicephorus,
2388 4763 2564 4817 fusius
2602 4764 2916 4833 Acropolita
2966 4765 3250 4834 describit,
3284 4770 3378 4837 qui
3435 4786 3559 4824 cum

1988 4852 2205 4921 imperii
2245 4853 2521 4921 logotheta
2571 4856 2886 4919 exsisteret,
2926 4856 3185 4926 frequens
3238 4858 3563 4928 imperatori

1988 4945 2201 4997 ratione
2237 4944 2396 4998 cilicii
2434 4945 2645 5008 aderat,
2674 4955 2727 4999 et
2758 4963 2879 5015 qua:
2911 4964 3153 5016 prazsens
3186 4951 3305 5004 fieri
3337 4950 3565 5009 videbat

1988 5051 2180 5105 magna
2216 5035 2321 5089 fide
2347 5044 2401 5089 et
2432 5036 2714 5106 diligentia
2747 5047 2960 5091 narrat.

2060 5129 2148 5183 \‘l.
2180 5128 2305 5183 llasc
2336 5129 2503 5198 igitur
2523 5132 2695 5182 voluit
2721 5129 2996 5184 insinuare
3020 5132 3408 5205 Pachymeres,
3434 5152 3563 5190 cum

1986 5219 2208 5288 scripsit
2243 5221 2477 5275 infelicis
2516 5222 2663 5288 regni
2700 5231 2757 5275 et.
2790 5222 3027 5275 luctuosi
3064 5224 3251 5297 obitus
3284 5226 3561 5282 Theodori

1988 5314 2349 5382 praenuntiam
2376 5315 2650 5368 exstitiSse
2675 5314 3039 5368 defectionem
3063 5317 3195 5369 solis
3217 5316 3560 5380 horribilem,

1987 5423 2109 5475 qua:
2134 5408 2236 5461 sub
2282 5407 2496 5460 initium
2536 5408 2685 5475 regni
2720 5408 2839 5474 ejus
2884 5408 3023 5461 facta
3068 5418 3173 5471 est,
3223 5410 3384 5479 702
3427 5411 3564 5467 hora

1989 5502 2148 5554 tertia
2176 5512 2298 5569 post
2331 5501 2640 5565 meridiem,
2673 5510 2828 5555 sexto
2860 5501 2969 5565 die,
3005 5502 3258 5555 videlicet
3290 5517 3415 5573 post
3443 5508 3566 5577 ejus

1986 5599 2400 5650 coronationem
2432 5607 2487 5649 et
2514 5596 2827 5649 unctionem
2860 5596 3184 5651 solemnem.

2060 5688 2299 5750 Etenim,
2335 5690 2378 5741 si
2400 5690 2732 5756 conjectura:
2762 5706 2868 5743 non
2902 5691 3250 5759 improbabili
3288 5693 3439 5746 locus
3465 5694 3564 5747 da-

1987 5789 2097 5840 tur,
2129 5780 2349 5833 videtur
2383 5781 2519 5835 facta
2552 5783 2837 5836 coronatio
2869 5782 3147 5837 Theodori
3184 5784 3296 5853 ipsa
3331 5786 3561 5840 solemni

1986 5872 2285 5928 festivitate
2339 5874 2652 5930 Nativitatis
2700 5875 2903 5931 Christi
2938 5876 3175 5937 Domini,
3227 5877 3344 5931 sive
3393 5889 3451 5931 ut
3495 5894 3559 5931 ex

3086 5970 3161 6028 37
