4016 6522
525 461 657 528 1171

1403 457 1468 516 Ρ.
1504 449 1810 515 POSSINI
1842 443 2492 510 OBSERVATIONUM
2540 442 2687 504 LIB.
2730 438 2847 499 Ill.

3629 429 3773 491 H72

522 578 592 632 ad
652 575 958 637 Nimnum,
1019 580 1081 626 ut
1126 568 1468 638 intelligatur
1522 561 1703 633 qualis
1740 570 1867 635 tota
1905 557 2098 613 Nicaea
2125 568 2174 627 Α
2202 554 2424 607 minime
2472 551 2817 605 fortunatum
2859 545 3226 618 portendisse,
3259 559 3384 600 cum
3430 540 3592 603 dixit,
3633 540 3663 592 ὃ
3709 540 3776 608 δὴ

523 668 725 742 partim
755 667 873 721 visa
906 663 1103 733 partim
1135 661 1315 717 latens
1334 656 1632 714 exstiterit.

594 758 760 832 7η
785 757 878 813 XI.
910 756 1179 813 Caeterum
1225 763 1285 807 ut
1314 750 1452 805 nihil
1500 749 1700 804 merito
1748 744 2097 800 desideretur

523 854 591 911 ad
642 850 943 922 perfectam
986 860 1179 905 eorum
1230 858 1353 914 quae
1384 841 1451 900 ad
1485 842 1626 895 hanc
1653 836 1902 907 eclipsim
1933 833 2097 903 perti-

524 953 661 999 nent
719 938 1162 1011 intelligentiam,
1204 944 1379 991 restat
1434 928 1927 988 demoustrandum
1981 925 2099 979 nul-

525 1038 637 1092 lum
685 1034 853 1090 alium
889 1032 1024 1088 solis
1056 1028 1333 1085 defectum
1368 1027 1513 1082 circa
1557 1023 1770 1078 obitum
1792 1016 2095 1081 ,Theodori

524 1128 845 1197 contigisse,
902 1123 992 1180 cui
1038 1120 1395 1192 Pachymeris
1448 1114 1748 1185 descriptio
1801 1109 2098 1168 convenire

527 1218 727 1290 possit.
760 1218 827 1272 Et
856 1217 962 1271 hoc
992 1213 1218 1285 quidem
1252 1212 1332 1267 sic
1361 1209 1795 1265 demonstratur.

595 1309 822 1395 Certum
866 1316 950 1364 est
979 1322 1046 1362 ex
1080 1297 1729 1377 legibusastronomicis
1760 1310 1905 1350 anno
1937 1293 2100 1349 Chri-

529 1403 599 1457 sti
639 1390 803 1471 1259,
846 1416 956 1471 quo
986 1396 1314 1458 Theodorus
1353 1394 1500 1451 diem
1540 1390 1760 1455 clausit,
1792 1398 2102 1442 extremum

531 1494 970 1561 menseAugusto
985 1487 1327 1545 novilunium
1348 1497 1457 1542 tam
1477 1483 1717 1539 medium
1734 1495 1898 1551 quam
1914 1493 2105 1531 verum

530 1583 826 1653 contigisse
846 1590 1003 1659 nocte
1019 1580 1194 1635 media
1218 1579 1361 1633 inter
1377 1574 1651 1629 decimum
1674 1587 1879 1626 nonum
1898 1579 1953 1624 et
1970 1569 2109 1622 vice-

531 1666 734 1731 siinum
765 1675 913 1730 diem
939 1672 1186 1744 ejusdem
1216 1669 1457 1733 mensis;
1482 1676 1538 1721 et
1571 1662 1825 1735 quamvis
1863 1659 2106 1715 interdiu

531 1768 861 1832 exstitisset,
890 1765 1210 1837 eclipticum
1238 1768 1420 1817 tamen
1454 1776 1563 1815 non
1593 1758 1808 1820 fuisset,
1838 1754 1967 1826 quia
1993 1767 2109 1807 me-

532 1860 658 1916 dius
708 1870 889 1914 motus
928 1858 1235 1913 latitudinis
1281 1855 1426 1909 lunas
1454 1853 1597 1922 sign.
1620 1850 1654 1905 5
1678 1849 1746 1905 G.
1776 1849 1862 1913 17,
1895 1847 1985 1911 56,
2015 1846 2105 1911 51,

530 1950 855 2019 longissime
887 1947 1151 2003 te‘rminos
1176 1945 1462 2013 eclipticos
1489 1937 1960 2012 praetergreditur.

602 2041 848 2105 Constat,
864 2054 1084 2111 quaque
1126 2039 1282 2109 juxta
1320 2035 1539 2092 easdem
1576 2034 1725 2103 leges
1770 2029 1916 2085 aliud
1950 2025 2108 2081 novi-

531 2137 745 2212 lunjum
778 2135 1094 2204 eclipticum
1124 2132 1321 2190 eodem
1365 2144 1510 2185 anno
1555 2138 1682 2183 ante
1716 2138 1959 2179 mensem
1999 2119 2112 2175 Au-

534 2237 753 2298 gustum
785 2235 843 2280 et
866 2221 1139 2280 Theodori
1172 2232 1404 2291 mortem
1426 2220 1638 2274 nullum
1664 2214 1948 2272 exstitisse
1975 2226 2112 2281 pra:-

534 2306 786 2395 terquam
822 2318 879 2372 in
919 2331 1106 2372 mense
1148 2315 1323 2386 Aprili
1355 2313 1448 2369 die
1477 2313 1569 2385 25,
1606 2310 1789 2365 medio
1836 2315 1984 2363 motu
2034 2303 2109 2357 la.

535 2408 795 2464 titudinis
824 2408 970 2464 lunae
1005 2406 1065 2462 S.
1109 2409 1172 2461 Ο.
1203 2406 1269 2461 G.
1314 2406 1402 2468 15,”
1433 2406 1488 2469 4,
1517 2404 1612 2469 22,
1650 2403 1794 2457 intra
1845 2396 2112 2454 terminos

537 2499 853 2585 possibiles.
915 2497 1073 2565 Quod
1128 2499 1293 2553 etiam
1356 2496 1486 2567 quia
1536 2495 1731 2549 Nicaea:
1782 2492 1946 2562 paulo
1984 2499 2112 2544 ante

537 2583 778 2650 mediam
818 2599 1036 2647 noctem
1104 2590 1443 2645 celebratum
1495 2596 1600 2651 est,
1647 2585 1781 2641 solis
1833 2583 2111 2638 defectum

537 2683 813 2738 visibilem
872 2698 983 2739 non
1047 2681 1322 2738 exhibuit.
1384 2679 1754 2747 Quamobrem
1812 2677 1998 2732 nullus
2046 2690 2115 2731 eo

539 2790 687 2843 anno
717 2775 849 2830 solis
887 2774 1136 2833 defectus
1164 2784 1324 2844 aptus
1352 2772 1456 2827 fuit
1477 2772 1542 2826 ad
1575 2769 1985 2840 significandam
2019 2776 2116 2821 aut

537 2864 907 2920 nuntiandam
954 2863 1234 2919 Theodori
1286 2871 1517 2916 mortem
1550 2878 1563 2913 :
1595 2858 1769 2913 multo
1812 2857 2016 2917 minus,
2068 2853 2115 2907 si

540 2957 669 3026 quis
697 2955 991 3026 contigerit
1016 2955 1176 3011 annis
1205 2951 1609 3024 superioribus,
1635 2949 1745 3004 nisi
1775 2948 1825 3001 is
1849 2946 2116 3000 duntaxat

541 3047 640 3116 qui
677 3047 731 3102 in
769 3046 921 3103 aditu
952 3047 1072 3116 ejus
1113 3043 1333 3115 imperii
1361 3058 1392 3097 a
1429 3041 1767 3110 Pachymere
1800 3046 2118 3106 assumptus

541 3150 598 3194 et
635 3149 743 3194 tam
791 3138 1105 3194 horrendus
1148 3128 1466 3207 designatus
1516 3143 1621 3193 est.
1669 3133 1762 3203 qui
1810 3138 1867 3186 et
1899 3146 1936 3184 a’
1954 3128 2117 3183 nobis

2162 658 2176 673 ‘
2199 643 2553 716 προεσήμηνέ
2580 660 2632 696 τι
2657 642 2904 711 σημεῖον.
2937 639 3130 701 Ἥλιος
3164 638 3294 706 γάρ,
3325 644 3433 689 etc.

2273 737 2390 791 Xll.
2444 736 2519 790 Ex
2555 751 2665 806 qua
2703 734 2938 789 duorum
2988 739 3302 791 auctorum,
3354 740 3591 796 quorum
3645 722 3778 778 ccli.

2201 844 2328 901 pses
2371 826 2628 897 exposui,
2676 826 2746 881 de
2797 839 2991 880 earum
3038 819 3439 891 significatione
3475 818 3775 876 sententia.

2204 922 2288 994 [Ρ.
2313 919 2438 992 505]
2479 918 2547 973 ad
2585 919 2788 973 calcem
2828 914 3257 977 dissertationis,
3281 912 3336 966 in
3368 927 3477 982 qua
3511 910 3777 963 hactenus

2204 1011 2526 1066 historicum
2554 1018 2610 1062 et
2629 1016 3013 1062 astronomum
3032 1019 3193 1072 agere
3216 1018 3301 1055 me
3316 999 3778 1069 oportuit,qua'so

2207 1114 2266 1158 ut
2296 1102 2430 1158 mihi
2465 1102 2629 1156 liceat
2672 1099 2937 1167 tantisper
2972 1111 3134 1167 agere
3182 1093 3520 1161 theologum,
3550 1099 3611 1145 et
3636 1092 3778 1143 circa

2207 1191 2644 1263 signiﬁcationes
2707 1188 3080 1243 defeetionum
3140 1184 3427 1252 utriusque
3486 1178 3781 1235 luminaris

2206 1284 2437 1341 delinire
2465 1283 2731 1347 breviter,
2758 1290 2813 1336 at
2842 1279 3038 1336 solide.
3067 1277 3198 1347 quid
3231 1275 3582 1330 Christianus
3615 1272 3779 1325 homo

2208 1376 2407 1430 debeat
2433 1384 2531 1430 aut
2578 1374 2751 1445 possit
2780 1357 2889 1428 vel
2893 1371 3098 1426 sentire
3137 1368 3380 1439 legitime
3408 1366 3496 1420 vel
3530 1364 3589 1418 in
3620 1380 3780 1418 usum

2208 1470 2476 1525 adhibere
2513 1468 2632 1523 sine
2682 1468 2815 1521 vitio
2859 1463 3170 1520 timiditatis
3200 1473 3295 1517 aut
3336 1459 3455 1515 sine
3499 1472 3647 1512 noxa
3694 1471 3783 1510 su-

2211 1559 2575 1633 perstitionis,
2606 1574 2845 1631 quorum
2877 1558 3113 1612 alterum
3158 1556 3412 1609 humana:
3441 1548 3780 1613 fortitudini,

2209 1658 2441 1711 alterum
2473 1654 2795 1711 Christianae
2818 1650 3065 1722 religioni
3101 1655 3391 1717 repugnat.

2282 1750 2461 1804 Unum
2487 1748 2654 1818 igitur
2675 1747 2782 1800 hoc
2812 1743 3132 1814 pronuntio,
3165 1741 3401 1810 eclipses
3426 1738 3561 1793 solis
3592 1746 3653 1792 ct
3700 1736 3784 1790 ln-

2211 1857 2296 1895 na:
2330 1857 2452 1897 esse
2489 1839 2740 1895 defectus
2789 1837 3087 1898 naturales,
3144 1835 3232 1890 vel
3280 1833 3507 1889 luminis
3555 1832 3617 1886 in
3674 1830 3785 1898 ipsa

2135 1922 2180 1981 Β
2212 1937 2339 1988 luna
2383 1935 2436 1988 in
2489 1931 2736 1987 umbram
2788 1939 2950 1985 terra:
3008 1930 3353 1990 incurrente,‘
3382 1926 3467 1981 vel
3498 1925 3785 1979 radiorum

2212 2027 2344 2082 solis
2392 2026 2444 2080 in
2479 2034 2650 2088 terra,
2681 2024 2809 2078 luna
2844 2037 2904 2077 se
2955 2020 3096 2076 inter
3127 2029 3427 2088 utrumque
3473 2016 3785 2087 injicicnte.

2212 2118 2346 2173 Tam
2380 2119 2657 2172 naturales
2685 2125 2868 2170 autem
2901 2124 2959 2170 et
2990 2113 3257 2168 ordinata:
3285 2121 3418 2166 sunt
3439 2109 3789 2179 conjunctio-

2212 2228 2312 2268 nes
2339 2220 2395 2266 et
2414 2211 2789 2282 oppositiones
2811 2206 3099 2278 eclipticae.
3120 2219 3282 2276 quam
3313 2210 3443 2258 sunt
3472 2202 3578 2272 ipsi
3608 2210 3787 2256 motus

2213 2305 2570 2381 luminarium
2619 2311 2679 2358 et
2727 2299 2961 2373 syzygiae
2996 2315 3106 2353 non
3134 2296 3428 2367 eclipticze,
3464 2309 3635 2365 quam
3661 2302 3786 2348 sunt

2217 2398 2339 2454 dies
2366 2406 2421 2452 et
2453 2406 2666 2457 noctes,
2703 2408 2868 2464 quam
2897 2388 3136 2447 solstitia
3158 2398 3215 2443 et
3237 2386 3593 2456 aequinoctia,
3625 2396 3785 2453 quam

2214 2504 2434 2546 menses
2465 2499 2524 2543 et
2552 2486 2680 2542 anni
2712 2504 2725 2542 :
2759 2483 3002 2556 pendent
3048 2483 3195 2537 enim
3234 2481 3352 2534 haec
3393 2478 3582 2532 omnia
3622 2473 3787 2531 simili

2216 2583 2381 2641 modo
2406 2599 2435 2638 a
2462 2583 2637 2655 prima
2663 2580 2781 2651 lege
2802 2588 2859 2635 et
2881 2576 3235 2635 ordinatione
3262 2571 3599 2635 conditoris,
3624 2583 3785 2639 quam

2216 2679 2373 2735 caelis
2426 2687 2483 2732 et
2538 2674 2812 2732 sideribus
2856 2669 3197 2743 praescripsit
3254 2668 3323 2721 ab
3371 2666 3535 2720 initio
3572 2662 3790 2716 molitor

2220 2773 2386 2833 Deus,
2426 2784 2592 2841 quam
2636 2768 2813 2839 legem
2851 2771 3195 2822 constantem
3234 2771 3289 2816 et
3338 2756 3663 2813 inviolatam
3706 2769 3790 2807 res

2217 2877 2416 2923 creata:
2472 2856 2839 2929 conservant;
2897 2877 3020 2930 qua:
3076 2873 3242 2914 causa
3284 2864 3370 2911 est
3412 2870 3515 2909 cur
3557 2852 3791 2919 eclipses

2220 2962 2593 3033 praedicantur
2636 2957 2998 3013 infallibiliter
3051 2970 3082 3009 a
3120 2951 3316 3022 peritis
3369 2963 3499 3003 cum
3551 2946 3790 3003 circum-

2220 3053 2440 3109 stantiis
2477 3050 2875 3119 magnitudinis
2917 3056 2975 3102 et
3020 3043 3356 3105 durationis,
3408 3040 3604 3095 habita
3669 3053 3794 3091 exa-

2221 3147 2463 3202 ctissima
2493 3144 2702 3199 ratione
2740 3151 3049 3210 temporqut
3091 3149 3149 3192 et
3181 3124 3453 3193 locorum.
3488 3131 3543 3186 in
3595 3130 3793 3200 quibus

543 3231 639 3287 hic
664 3233 781 3287 suis
805 3232 972 3287 certis
1010 3230 1425 3287 characteribus
1450 3228 1742 3298 insignitus
1768 3234 1823 3280 et
1852 3223 1919 3279 ad
1953 3223 2116 3277 tinem
2145 3269 2188 3326 ο
2225 3239 2331 3293 ιιιἷιὶ
2360 3238 2709 3303 contingam.
2754 3233 2983 3289 Accedit
3030 3232 3175 3298 qum]
3210 3242 3474 3283 “umerus
3501 3226 3790 3293 eclipsim],

545 3324 679 3380 anni
702 3333 826 3395 post
849 3323 1128 3380 Christum
1159 3321 1302 3376 1255
1327 3321 1560 3391 positus.

624 3418 706 3473 Ad
737 3418 897 3489 cujus
926 3416 1298 3484 chronologite
1328 3413 1822 3469 confirmationem
1865 3419 1982 3465 tuto
2031 3426 2121 3465 re-

545 3512 680 3569 ferri
711 3520 942 3582 possunt
972 3510 1091 3564 aliae
1130 3508 1253 3564 dua:
1307 3506 1453 3577 apud
1504 3505 1878 3575 Nicephorum
1911 3502 2121 3571 Grego-

547 3620 669 3661 ram
697 3603 740 3659 1.
780 3619 835 3658 Ix
865 3602 1005 3657 Hist.
1040 3617 1091 3657 c.
1130 3601 1326 3655 ultimo
1368 3588 1674 3655 observata:
1711 3597 1947 3665 eclipses
1978 3594 2123 3647 circa

547 3706 785 3753 mortem
840 3694 1139 3751 Andronici
1189 3693 1446 3757 senioris,
1498 3691 1667 3745 altera
1716 3689 1860 3744 lunae
1898 3702 1965 3742 eo
2005 3685 2125 3756 ipso

548 3791 643 3846 die
695 3805 809 3862 quo
850 3803 980 3845 eum
1027 3788 1167 3843 mori
1207 3786 1458 3857 contigit,
1515 3785 1584 3838 l2
1638 3783 1923 3839 Februarii
1979 3795 2126 3835 anno

548 3885 755 3942 Christi
785 3883 946 3950 1552,
997 3882 1175 3938 altera
1208 3880 1364 3943 solis,
1394 3893 1516 3948 quae
1541 3887 1619 3932 tot
1658 3877 1855 3932 diebus
1889 3882 2126 3929 mortem

551 3979 905 4051 imperatoris
958 3975 1265 4049 prmeessit,
1328 3981 1465 4045 quot
1509 3973 1625 4043 ipse
1673 3970 1834 4025 annis
1886 3970 1940 4023 in
1988 3968 2129 4023 vivis

551 4075 755 4130 fuerat.
797 4071 1212 4141 Ἐπισκότησις,
1241 4068 1441 4137 inquit,
1466 4066 1666 4137 ἡλιακὴ
1691 4062 1963 4126 τοσαύτας
1990 4062 2130 4132 ἠμέ-

554 4185 657 4239 ρας
690 4166 1062 4237 προειληφυῖα
1093 4164 1195 4234 τὴν
1243 4161 1410 4215 αὑτοῦ
1438 4158 1724 4228 τελευτὴν,
1763 4158 1866 4211 ὅσα
1902 4158 2000 4209 καὶ
2031 4155 2126 4208 αὐ-

551 4261 649 4323 τὸς
688 4256 759 4330 ἦν
810 4258 908 4328 ἔτη
951 4258 1021 4310 τὰ
1048 4257 1228 4310 πάντα
1274 4254 1574 4324 βεϐιωκώς.
1629 4252 1756 4308 Dies
1795 4249 2129 4322 agnoscendi

554 4359 687 4408 sunt
732 4351 799 4405 ’74
833 4370 845 4405 :
882 4350 1109 4405 totidem
1165 4352 1313 4406 enim
1361 4346 1709 4405 Andronicus
1757 4357 1932 4399 annos
1969 4342 2129 4405 vixit,

554 4445 651 4515 qui
687 4443 754 4499 50
780 4444 898 4499 fere
922 4442 1189 4513 regnavit.
1216 4440 1573 4511 Septuaginta
1598 4447 1781 4493 autem
1808 4446 1864 4492 et
1894 4446 2131 4505 quatuor

2226 3346 2458 3401 magnus
2489 3329 2560 3384 sit
2586 3337 2643 3382 et
2666 3340 2932 3382 occursus
2975 3323 3236 3391 frequens
3266 3338 3280 3374 :
3315 3329 3581 3388 quatuor,
3635 3318 3796 3371 inter-

2224 3423 2355 3479 dum
2390 3432 2446 3477 et
2477 3424 2667 3493 plures
2707 3418 2805 3489 per
2845 3417 3089 3488 singulos
3114 3429 3291 3469 annos
3330 3414 3489 3476 fiunt,
3516 3421 3576 3466 et
3618 3412 3726 3481 jam
3765 3427 3792 3462 a

2224 3516 2414 3572 mundi
2439 3513 2665 3571 exordio
2691 3512 2816 3583 plus
2858 3526 3021 3581 quam
3069 3508 3300 3564 vicesies
3344 3505 3495 3563 mille
3524 3502 3794 3558 numerari

2226 3616 2477 3679 possunt.

2299 3699 2502 3755 Eadem
2533 3715 2697 3770 porro
2723 3695 3102 3757 Providentia,
3148 3708 3270 3763 qua:
3305 3692 3437 3747 fecit
3491 3690 3546 3744 in
3596 3688 3796 3744 mundo

2228 3792 2340 3847 duo
2392 3792 2507 3846 hmc
2561 3789 2855 3843 luminaria
2904 3803 3122 3858 magna,
3180 3784 3443 3837 t'uminare
3503 3783 3703 3848 majus,
3746 3786 3795 3829 ut

2228 3894 2469 3957 prwesset
2500 3885 2623 3945 diei,
2659 3892 2704 3936 et
2742 3882 3006 3936 luminare
3052 3881 3248 3943 minus,
3286 3885 3345 3929 ut
3370 3884 3620 3946 pra’esset
3646 3873 3795 3933 nocti,

2229 3989 2286 4032 ut
2318 3979 2548 4031 lacerent
2576 3993 2734 4046 super
2774 3984 2975 4028 terram
3000 3980 3048 4026 et
3085 3971 3373 4025 dividerent
3400 3972 3571 4021 lucem
3604 3985 3639 4020 a
3663 3975 3798 4019 tene-

2230 4073 2338 4126 bris
2384 4070 2537 4130 (Cen.
2595 4069 2655 4138 ι),
2698 4067 2889 4122 eadem
2942 4065 3154 4135 pariter
3204 4079 3300 4117 sua
3349 4062 3601 4116 bonitate
3636 4067 3828 4113 etsau

2232 4164 2436 4236 pientia
2475 4173 2655 4217 motus
2681 4174 2871 4216 eorum
2896 4167 2952 4215 et
2992 4156 3386 4212 conversiones
3425 4152 3710 4207 ordinavit
3738 4149 3798 4201 ad

2233 4258 2446 4311 felicem
2492 4253 2679 4309 mundi
2733 4251 3208 4323 gubernationem,
3254 4247 3320 4300 ad
3369 4248 3676 4300 electorum
3721 4257 3799 4296 sa-

2231 4350 2406 4405 lutem
2454 4357 2509 4402 et
2561 4362 2716 4400 suam
2761 4345 3028 4414 gloriam;
3074 4357 3177 4396 nec
3221 4339 3450 4394 dubium
3487 4337 3624 4407 quin
3671 4336 3801 4404 ipsas

2234 4438 2654 4511 conjunctiones
2684 4444 2739 4491 et
2774 4434 3178 4504 oppositiones,
3213 4431 3347 4486 solis
3369 4441 3424 4485 et
3458 4430 3607 4484 luna:
3660 4424 3800 4480 defe-

558 4537 682 4607 dieﬁ
714 4536 860 4590 inter
882 4535 1005 4590 “138
1041 4532 1276 4602 θοιίβεθε
1309 4535 1747 4587 intercesserunt
1783 4547 1795 4582 ε
1830 4542 1957 4582 nam
1991 4527 2125 4581 εοὶίε
2146 4570 2173 4586 ι
2236 4544 2360 4588 ctus
2376 4542 2432 4587 et
2463 4528 2912 4594 illuminationes,
2937 4524 3289 4581 constituerit
3313 4522 3366 4575 in
3390 4536 3645 4583 numero,
3672 4532 3799 4587 pon-

557 4630 784 4700 quidcm
834 4627 976 4684 facta
1022 4637 1108 4683 est
1151 4625 1220 4683 50
1254 4625 1343 4688 die
1367 4623 1699 4681 Novembris
1738 4636 1883 4675 anno
1923 4619 2129 4675 Christi
2235 4625 2368 4679 dere
2396 4630 2453 4677 et
2485 4632 2762 4681 mensura,
2792 4633 2957 4688 quam
2991 4614 3201 4671 sciebat
3225 4622 3283 4668 et
3316 4612 3540 4666 volebat
3572 4610 3799 4663 humano

480 4720 483 4723 Α
559 4723 693 4778 1551
739 4722 796 4776 in
845 4718 1151 4779 novilunio,
1194 4716 1340 4788 quod
1375 4726 1508 4771 tunc
1534 4713 1769 4777 exstitit,
1805 4713 1950 4769 lunai
1999 4726 2133 4767 vero

558 4814 618 4879 in
645 4810 973 4882 plenilunio,
1010 4809 1158 4880 quod
1193 4807 1425 4877 contigit
1449 4820 1596 4865 anno
1630 4814 1898 4876 sequente
1939 4802 2008 4856 l2
2036 4803 2137 4858 Fe-

557 4903 906 4977 bruarii.rEt
959 4902 1033 4956 ita
1090 4915 1185 4956 eas
1217 4899 1418 4954 tabulae
1458 4906 1662 4962 nostra;
1711 4903 2134 4966 repraesentant.

536 4990 631 5056 ‘Et
671 4984 943 5052 Callisius
984 4994 1041 5048 in
1086 4991 1457 5061 Chronologia
1487 5004 1634 5045 anno
1655 4988 1863 5047 Christi
1895 4988 2030 5055 1551
2079 4995 2137 5041 et

528 5088 707 5152 ³1552
756 5089 998 5159 priorem
1054 5086 1311 5141 observat
1358 5083 1427 5140 50
1479 5082 1806 5139 Novembris
1851 5082 1943 5145 die
1996 5083 2138 5135 festo

554 5182 625 5251 δ.
654 5182 913 5251 Andreae,
940 5188 999 5245 et
1034 5190 1160 5250 post
1192 5178 1314 5233 dies
1336 5179 1405 5231 74
1439 5184 1686 5232 secutam
1721 5176 1798 5231 ait
1834 5172 2137 5229 Andronici

541 5260 796 5330 'mortem
837 5274 928 5339 die
967 5273 1037 5331 l2
1069 5270 1381 5339 Februarii,
1423 5268 1572 5327 nulla
1603 5272 1885 5324 mentione
1916 5264 2139 5330 eclipsis

558 5370 705 5442 luna:
756 5366 967 5435 habita,
1013 5380 1140 5431 cum
1195 5373 1377 5419 tamen
1432 5362 1800 5434 Nicephorum
1854 5369 2139 5416 auctorem

556 5461 774 5526 laudet,
805 5459 900 5531 qui
935 5458 1219 5537 utriusque
1251 5457 1457 5530 diserte
1483 5455 1738 5524 meminit
1763 5461 1819 5508 ct
1847 5461 2140 5519 utramque

560 5555 721 5625 ponit
774 5552 922 5607 inter
977 5552 1131 5622 signa
1185 5557 1416 5615 mortem
1468 5546 1819 5618 imperatoris
1872 5543 2141 5599 divinitus

564 5642 1014 5730 praenuntiantia,
1045 5656 1169 5696 cum
1210 5640 1309 5703 ait,
1341 5640 1677 5709 προσημεϊαι
1730 5636 1927 5691 πολλαὶ
1979 5651 2142 5706 προε-

566 5727 838 5811 μήνυσαν,
891 5749 1003 5803 quo
1052 5732 1309 5788 similiter
1364 5731 1528 5785 modo
1572 5731 1937 5801 Pacltymeres
1966 5727 2142 5783 voluit

565 5827 842 5899 defectum
869 5824 1002 5880 solis
1031 5839 1062 5878 a
1097 5837 1155 5878 se
1186 5820 1545 5892 descriptum,
1578 5828 1635 5875 et
1671 5836 1700 5874 a
1727 5821 1887 5875 nobis
1923 5818 2138 5875 aﬂixum

566 5919 622 5998 in
675 5918 826 5993 aditu
878 5916 1096 5991 imperii
1158 5913 1459 5979 Theodori,
1718 5913 1881 5968 breve
1924 5911 2057 5968 illud
2085 5919 2137 5966 ct

2237 4715 2424 4787 generi
2462 4714 2527 4766 ad
2564 4712 2796 4767 salutem
2827 4718 2884 4764 et
2909 4708 3230 4763 felicitatem
3263 4705 3635 4775 profuturam.

2313 4804 2455 4859 Xlll.
2497 4803 2575 4857 Ex
2608 4801 2715 4856 hoc
2763 4796 3272 4869 utiapronuntiato
3314 4793 3532 4848 tollitur
3582 4789 3797 4844 admira-

2240 4898 2424 4953 bilitas
2444 4908 2500 4950 et
2533 4893 2679 4964 vulgi
2707 4892 2929 4963 quidam
2962 4902 3197 4961 stupor,
3225 4886 3320 4957 qui
3351 4886 3589 4955 eclipscs
3618 4896 3797 4938 consc-

2250 4991 2441 5060 quitur
2476 5004 2490 5040 :
2522 4988 2700 5041 oritur
2744 4985 2894 5040 enim
2941 5000 3009 5040 ex
3058 4981 3372 5052 ignorantia
3415 4994 3541 5033 cum
3581 4973 3801 5047 quadam

2240 5085 2486 5139 novitate
2517 5088 2574 5136 et
2604 5078 2830 5134 raritate
2858 5077 3003 5148 apud
3035 5092 3131 5130 eos
3159 5075 3253 5144 qui
3280 5088 3381 5129 nec
3408 5087 3594 5127 earum
3621 5081 3801 5124 causas

2243 5175 2557 5245 intelligunt
2592 5186 2693 5227 nec
2732 5186 2829 5225 eas
2857 5170 3059 5237 saepius
3093 5169 3479 5228 observarunt,
3514 5179 3639 5217 cum
3682 5175 3801 5215 con-

2243 5277 2327 5321 tra
2367 5266 2648 5335 sapientes
2685 5272 2742 5318 et
2774 5260 2922 5317 docti
2952 5274 3047 5313 eas
3085 5258 3203 5311 suis
3244 5253 3587 5324 temporibus
3634 5244 3801 5303 securi

2242 5346 2582 5427 exspectem,
2636 5365 2693 5409 et
2725 5353 3015 5407 occasione
3057 5350 3110 5404 in
3148 5346 3502 5404 commodum
3549 5352 3802 5397 conversa

2242 5449 2443 5504 cﬂectu
2494 5447 2636 5501 bene
2685 5455 2928 5507 utantur,
2974 5452 3028 5496 et
3066 5439 3389 5511 perniciem,
3425 5435 3473 5488 si
3505 5448 3611 5502 qua
3636 5428 3796 5485 credi-

2245 5552 2333 5620 tur
2363 5541 2670 5604 imminere,
2710 5546 2879 5592 t0tam
2909 5536 2963 5590 in
2992 5533 3182 5587 hostes
3213 5530 3487 5584 derivem.

2316 5633 2393 5689 ita
2450 5631 2582 5686 olim
2636 5629 2903 5701 Sulpitius
2962 5625 3171 5687 Gallus,
3211 5632 3272 5677 ut
3318 5621 3560 5674 refl-runt
3604 5613 3802 5673 Livius,

2245 5729 2283 5782 Ι.
2310 5743 2454 5789 XLIV,
2487 5733 2543 5780 et
2565 5725 2711 5780 Plut.
2752 5723 2805 5777 in
2834 5720 3005 5776 Paulo
3034 5717 3277 5775 zEmilio.
3304 5714 3372 5769 de
3402 5710 3598 5781 insigni
3632 5708 3805 5761 defec-

2245 5820 2393 5874 tione
2453 5817 2621 5879 lun:e,
2664 5830 2825 5882 quam
2885 5809 3214 5881 praeviderat
3267 5803 3430 5876 716
3475 5801 3530 5854 in
3573 5795 3803 5853 exercitu

2248 5912 2525 5969 limitatio,
2553 5908 2606 5963 in
2655 5922 2765 5967 quo
2819 5904 3076 5960 tribunus
3111 5899 3214 5955 sub
3244 5898 3572 5958 imperatore
3596 5886 3805 5945 Emilio
