4016 6524
328 453 465 511 H73

1622 465 2288 538 CHRONOLOGICUS.

3435 469 3584 534 1174·

315 563 488 616 Paulo
540 567 826 638 militabat,
862 572 1124 630 concione
1162 573 1345 634 habita
1388 597 1514 636 suos
1542 586 1608 638 ad
1655 600 1888 656 pugnam
1920 577 1968 635 Α
1995 582 2295 652 perniciem
2314 583 2540 651 creavit,
2575 593 2629 639 ut
2652 584 2980 640 Plutarchus
3003 582 3263 641 narratin
3282 583 3402 637 eius
3423 583 3555 636 Vita

312 655 582 713 instruxit
655 661 955 734 docuitque
1025 673 1559 744 causas‘eelipsium
1610 687 1666 732 et.
1715 692 1894 738 certos

316 760 552 807 eventus
597 755 714 810 suis
761 762 1105 828 temporibus
1156 769 1529 835 necessarios,
1585 781 1694 827 tam
1746 776 1892 832 felici

313 853 520 895 eventu
555 855 612 898 ut
643 845 710 900 ab
747 848 828 903 eis
877 851 1171 909 abstulerit
1209 872 1410 913 vanum
1450 860 1602 915 illum
1639 863 1892 922 timorem

313 933 410 1000 qui
446 950 514 989 ex
540 937 619 992 rei
649 941 892 997 novitate
920 953 974 999 et
1003 945 1290 1004 insolentia
1320 953 1451 1008 oriri
1477 956 1617 1011 solet
1641 958 1895 1028 ignoran-

221 1017 238 1028 “
313 1025 488 1090 tibus,
529 1039 585 1084 et
616 1047 740 1085 eum
775 1038 1053 1104 pugnandi
1099 1042 1352 1098 ardorem
1403 1047 1613 1104 edoctis
1666 1062 1721 1106 et
1768 1055 1892 1108 vin-

311 1119 478 1172 cendi
504 1123 716 1191 cupidls
747 1125 953 1197 injecit,
987 1144 1054 1186 ex
1095 1147 1205 1202 quo
1247 1137 1404 1205 plena
1436 1139 1664 1196 victoria
1695 1144 1893 1201 Roma-

311 1213 404 1268 nis
431 1217 639 1283 evenit,
683 1235 806 1275 cum
853 1234 1045 1280 contra
1081 1227 1135 1282 in
1166 1232 1362 1287 castris
1403 1231 1760 1292 Macedonum
1793 1256 1894 1296 no-

318 1303 461 1360 vitas
495 1316 550 1362 et
580 1309 890 1380 ignorantia
927 1316 1121 1375 fecerit
1153 1337 1242 1376 res
1271 1332 1419 1378 utea
1451 1327 1684 1397 prodigii
1719 1330 1893 1387 instar

312 1396 639 1467 haberetur,
688 1413 743 1459 et
771 1407 996 1478 eclipsis
1023 1411 1140 1488 visa
1170 1414 1476 1472 existimata
1524 1421 1597 1474 sit
1621 1396 1895 1490 praenun-

312 1491 391 1544 tia
434 1491 576 1564 fugae
634 1507 689 1551 et
736 1499 1062 1560 defectionis
1105 1505 1312 1574 Persei,
1355 1527 1518 1580 quam
1563 1513 1894 1572 Macedonia;

309 1582 503 1640 clades
526 1596 609 1642 est
640 1606 957 1650 consecuta.

389 1676 467 1732 Ita
505 1696 684 1751 nuper
733 1685 1164 1759 Christophorus
1199 1694 1500 1754 Columbus
1548 1716 1692 1756 anno
1735 1703 1894 1760 Chri-

314 1767 390 1819 sti
425 1768 583 1836 H93,
631 1789 754 1828 cum
802 1778 1188 1838 alimentorum
1231 1786 1412 1858 inopia
1454 1790 1750 1862 laboraret,
1792 1813 1894 1853 nec

311 1870 507 1926 posset
533 1877 563 1916 a
595 1863 1048 1938 Jamaicensibus,
1075 1877 1218 1944 apud
1248 1893 1384 1948 quos
1410 1882 1598 1940 classis
1632 1884 1889 1958 Hispana,

310 1954 406 2005 cui
458 1968 710 2022 prmerat,
769 1965 1080 2034 appulerat,
1129 1969 1182 2024 vi
1219 1980 1274 2026 et
1320 1977 1577 2044 precibus
1625 1954 1889 2038 auxilium

310 2041 641 2113 impetrare,
698 2069 830 2108 usus
861 2068 946 2112 est
996 2061 1223 2119 scientia
1259 2069 1519 2136 proxima:
1551 2075 1791 2144 eclipsis,
1819 2088 1892 2133 'et

309 2134 574 2198 barbaris
625 2147 744 2217 ejus
796 2150 1002 2220 ignaris
1049 2134 1273 2226 pestem“
1302 2161 1728 2234 impendentem,
1782 2172 1887 2234 nisi

307 2244 477 2297 opem
514 2233 742 2318 ferrent,
788 2244 1027 2302 minatus
1062 2251 1206 2305 diem
1246 2263 1301 2308 et
1345 2233 1533 2312 heram
1567 2261 1892 2322 defectionis

313 2317 468 2376 luna
497 2326 689 2392 edixit,
725 2347 836 2400 quo
879 2335 956 2392 illi
1006 2342 1258 2413 prodigio
1303 2353 1540 2416 perculsi
1571 2365 1625 2410 et
1669 2317 1890 2425 gravius

308 2413 524 2483 aliquid
551 2433 862 2482 metuentes
885 2431 952 2484 ad
984 2432 1309 2493 Columbum
1339 2447 1493 2511 quasi
1521 2463 1616 2503 sua
1642 2450 1892 2509 inhuma-

306 2503 488 2562 nitate
533 2512 802 2571 otl‘ensum
855 2524 1076 2592 copioso
1125 2529 1376 2588 instructi
1411 2553 1719 2598 commeatu
1755 2563 1890 2616 sup-

307 2595 480 2616 ,μιν

1605 2595 1612 2596 γ
1756 2595 1854 2616 --Γ

305 2595 488 2662 plices
519 2617 810 2672 venerunt,
843 2622 899 2668 et
927 2619 1138 2676 veniam
1166 2625 1380 2683 facilius
1411 2647 1573 2704 quam
1600 2639 1890 2706 sperabant

305 2701 411 2741 sua
432 2690 759 2756 liberalitate
793 2704 1180 2775 impetrarunt.
1413 2690 1442 2704 ι.
1627 2690 1644 2706 ⁵
1707 2690 1750 2745 ἰ

384 2780 452 2851 [Ρ
502 2786 630 2860 506]
672 2793 749 2848 lta
795 2797 1057 2859 Claudius
1087 2807 1404 2880 imperator,
1457 2830 1516 2873 ut
1562 2821 1726 2880 habet
1764 2828 1887 2892 Diu.

305 2874 350 2927 Ι.
379 2892 455 2942 vt,
490 2895 616 2937 cum
643 2902 926 2947 vereretur
955 2913 1024 2953 ne
1046 2902 1176 2956 solis
1202 2904 1436 2963 defectio
1467 2912 1646 2970 futura
1677 2919 1765 2975 die
1789 2939 1890 2978 suo

306 2969 478 3023 natali
508 2987 656 3028 anno
687 2979 903 3050 imperii
949 2989 1144 3055 quinto
1179 2999 1474 3055 unnultutn
1512 3005 1696 3064 llonta:
1724 3027 1886 3080 pare-

307 3070 396 3113 ret
419 3077 489 3118 ex
523 3066 831 3136 ignorantia
857 3089 912 3166 et
946 3085 1188 3141 novitate
1221 3090 1413 3160 juncta
1445 3113 1584 3154 vano
1618 3104 1798 3162 timori
1832 3118 1890 3165 et

307 3155 563 3223 Opinioni
611 3164 777 3234 vulgi,
829 3155 974 3238 quod
1023 3191 1086 3230 ea
1127 3179 1278 3250 signa
1325 3201 1508 3244 essent
1545 3195 1889 3268 principibus

308 3245 542 3268 ,_,.A____V
936 3263 969 3268 --

308 3245 576 3316 infausta,
612 3257 740 3322 publ

308 3339 434 3394 dies
476 3342 779 3416 deliquium
829 3354 963 3412 illud
1016 3360 1282 3432 futurum,
1345 3372 1572 3446 insuper
1610 3391 1666 3436 et
1694 3339 1888 3442 causas

307 3446 454 3500 ejus,

384 3801 522 3922 ξίν.
568 3809 804 3922 Tollitur
838 3833 1097 3891 praeterea
1146 3831 1325 3892 inanis
1367 3839 1455 3896 illa
1493 3846 1703 3914 opinio,
1741 3857 1886 3922 quod

1431 3893 1455 3896 η
1501 3893 1703 3914 ,μνη

306 3893 544 3964 eclipses
591 3904 710 3959 orbi
739 3923 988 3981 noceant,
1027 3921 1172 3986 quod
1202 3925 1406 4000 clades,
1437 3943 1626 4000 pestes
1658 3949 1714 3993 et
1741 3893 1883 3997 bella

310 3990 508 4093 regnis.
549 3994 868 4066 importem,
897 4011 1042 4077 quod
1077 3997 1384 4077 vastitatem
1416 4035 1470 4078 et
1497 4029 1887 4093 subversioncs

310 4076 672 4146 imperiorum
705 4107 768 4147 ac
817 4097 1098 4169 religionis
1134 4109 1216 4162 vel
1250 4110 1490 4170 efficiant
1517 4121 1600 4174 vel
1629 4137 1887 4190 praenun-

309 4174 469 4229 tient.
517 4178 786 4240 Damnum
839 4192 984 4246 enim
1043 4201 1412 4271 quodcunque
1463 4224 1616 4268 creat
1663 4218 1886 4288 eclipsis

1061 4263 1072 4266 _
1325 4263 1336 4271 .
1473 4263 1486 4264 ί
1533 4263 1614 4268 -ην
1667 4263 1883 4288 *ν’-ιη’·-1

307 4263 363 4318 in
404 4271 616 4328 modica
659 4277 870 4346 jactura
917 4285 1148 4346 luciset
1198 4296 1426 4355 benefici
1485 4305 1726 4365 iniluxus
1775 4328 1883 4370 non

306 4357 606 4420 admodum
655 4370 913 4432 diuturna
946 4385 1220 4444 consistit.
1251 4389 1380 4448 Plus
1410 4410 1550 4466 saape
1584 4401 1744 4457 unica
1778 4421 1885 4462 nox

306 4461 406 4505 aut
448 4455 568 4512 dies
611 4464 829 4530 pluvius
861 4475 1068 4530 mundo
1096 4477 1238 4542 lucis
1286 4455 1579 4545 amicae'et
1625 4491 1888 4566 benigna-

306 4560 430 4598 rum
469 4548 878 4621 influentiarum
905 4565 1068 4636 eripit
1110 4585 1273 4640 quam
1317 4577 1554 4648 eclipses
1579 4548 1792 4651 decem:
1828 4601 1885 4646 et

306 4638 588 4706 sapienter
624 4649 773 4704 visus
801 4662 885 4708 est
929 4656 1092 4727 ﬁgere
1133 4662 1398 4736 Pericles,
1447 4674 1720 4734 referente
1752 4680 1883 4742 Plu»

305 4733 503 4788 tarcho
539 4737 592 4791 in
634 4743 756 4808 ejus
794 4746 925 4813 vita,
961 4754 1054 4820 qui
1089 4758 1245 4815 navis
1292 4762 1658 4832 imperatoria:
1686 4773 1886 4841 guber-

302 4836 557 4883 natorem
596 4834 788 4905 eclipsi
834 4843 968 4898 solis
1007 4850 1280 4918 territum,
1319 4854 1373 4909 in
1416 4848 1598 4915 medio
1644 4865 1888 4924 victoria:

305 5109 486 5170 modi.
534 5129 716 5185 eoque
765 5132 1010 5190 negante,
1053 5127 1221 5183 ullum
1271 5147 1330 5187 se
1380 5137 1636 5206 sensisse,
1697 5144 1888 5200 docuit

305 5200 524 5254 nullum
554 5205 730 5274 majus
754 5224 784 5261 a
816 5210 930 5264 sole
956 5227 1056 5281 per
1082 5214 1269 5274 lunam
1297 5219 1676 5291 interpositam
1706 5230 1886 5286 velato

306 5291 618 5349 timendum
669 5313 813 5366 esse,
848 5311 904 5356 et
932 5291 1095 5373 paulo
1139 5309 1358 5377 quidem
1408 5316 1586 5384 majus
1621 5333 1742 5374 esse
1776 5338 1886 5379 cm-

305 5385 424 5438 lum
458 5395 512 5440 et
544 5387 922 5450 diuturniores
966 5396 1085 5452 fore
1137 5401 1415 5471 tenebras,
1447 5408 1542 5462 sed
1570 5410 1742 5466 solem
1775 5431 1884 5472 non

309 5478 489 5532 multo
546 5492 672 5550 post
715 5499 827 5554 suo
875 5487 1154 5554 splendori
1203 5492 1320 5547 sine
1374 5496 1482 5550 alio
1535 5499 1885 5560 incommodo

309 5571 592 5628 redditum
646 5576 748 5643 iri;
801 5580 947 5647 quod
996 5595 1121 5634 cum
1176 5585 1376 5640 factum
1431 5585 1606 5654 esset,
1661 5609 1883 5650 cursum

305 5664 500 5718 classis
526 5665 739 5722 felicem
775 5681 927 5725 nacta
957 5682 1060 5727 est.

381 5755 501 5809 Non
536 5757 608 5810 ita
655 5759 838 5814 Nicias
871 5771 965 5815 aut
1008 5765 1206 5822 doctus
1234 5777 1327 5822 aut
1352 5769 1503 5836 felix,
1537 5777 1632 5842 qui
1665 5777 1747 5831 vel
1779 5778 1884 5832 im-

309 5849 505 5917 peritia
552 5851 635 5903 vel
683 5854 1076 5921 superstitione
1114 5857 1181 5910 ab
1221 5858 1412 5926 cclipsi
1450 5861 1590 5919 luna:
1632 5869 1881 5935 territus,

313 5946 522 5999 veritus
559 5946 785 6002 classem
829 5960 984 6015 portu
1032 5950 1286 6016 educere,
1324 5953 1484 6023 717
1507 5957 1608 6012 sibi
1646 5962 1870 6024 suisque

1995 683 2051 728 ct
2076 673 2251 730 Thuc.
2283 677 2322 731 l.
2347 693 2441 732 vn.

2067 766 2308 821 Felicius
2373 767 2701 837 Agathocles
2774 779 2829 824 et
2921 769 3178 841 acutius.
3229 767 3358 821 duzn
3427 767 3567 822 clas-

1995 873 2108 912 sem
2135 856 2189 911 in
2213 859 2449 914 Africam
2491 861 2768 930 trajiceret
2798 870 2853 916 et
2878 862 3164 924 fhorrenda
3211 862 3343 916 solis
3393 862 3575 916 defec-

1995 950 2072 1003 tio
2103 950 2489 1028 intercederet,
2515 955 2629 1008 suis
2652 963 2799 1009 metu
2831 954 3078 1024 deiectis,
3118 955 3191 1008 nil
3262 953 3569 1008 timendum

1993 1060 2023 1098 a
2054 1045 2303 1116 prodigio
2337 1048 2614 1116 professus
2637 1059 2718 1103 est
2752 1052 2816 1104 iis
2852 1052 2944 1120 qui
3011 1052 3122 1116 jam
3157 1053 3209 1104 in
3264 1065 3429 1104 cursu
3482 1065 3575 1102 es-

1995 1147 2116 1191 sent
2144 1154 2157 1192 :
2187 1137 2232 1193 si
2263 1138 2564 1208 deliquium
2603 1151 2892 1211 antequam
2927 1149 3090 1212 portu
3121 1141 3410 1195 solvissent
3436 1153 3574 1194 con-

1994 1231 2228 1302 tigisset,
2257 1233 2560 1288 timendum
2612 1232 2752 1288 forte
2814 1234 3010 1298 videri,
3066 1234 3160 1288 sed
3216 1232 3480 1288 euntibus
3513 1241 3569 1285 et

1994 1335 2257 1394 praeterea
2286 1328 2471 1382 minus
2498 1327 2792 1383 fortunatis
2823 1329 3023 1384 Siculis
3049 1327 3185 1382 nihil
3219 1326 3432 1381 adversi
3461 1341 3576 1379 me—

1995 1418 2286 1485 tuendum;
2326 1419 2391 1475 iis
2431 1430 2611 1476 autem
2649 1423 2716 1476 ad
2763 1438 2901 1492 quos
2935 1423 3140 1484 ibatur,
3173 1430 3227 1476 et
3252 1421 3576 1475 florentibus

1994 1508 2544 1580 Carthaginiensibus
2579 1512 2807 1568 fortunae
2847 1516 3229 1580 mutationem,
3262 1514 3305 1568 si
3353 1528 3460 1583 qua
3506 1528 3576 1568 ex

1995 1600 2196 1657 talibus
2248 1603 2419 1675 signis
2467 1606 2914 1673 portendebatur,
2987 1623 3109 1662 esse
3175 1606 3577 1677 pertimescen-

1997 1693 2142 1749 dam.

2065 1787 2183 1842 Non
2212 1792 2689 1862 nocenteclipscs,
2740 1794 3021 1865 nisioquod
3075 1804 3307 1850 noceant
3342 1795 3578 1865 opinan-

1999 1879 2165 1946 tibus;
2197 1882 2333 1936 nihil
2364 1900 2428 1937 ex
2460 1899 2518 1939 se
2545 1886 2668 1940 mali
2702 1887 2937 1942 fundunt
2979 1889 3058 1942 Sol
3112 1899 3166 1942 et
3203 1890 3329 1942 luna
3405 1889 3578 1958 magis

1997 1973 2050 2026 in
2082 1976 2519 2045 appositionibus
2542 1991 2595 2034 et
2627 1980 2847 2051 synodis
2881 1996 3043 2050 quam
3081 1990 3233 2036 extra
3274 1982 3412 2036 illas.
3435 1981 3578 2036 Con-

1995 2064 2105 2120 dita
2137 2076 2267 2121 sunt
2299 2069 2411 2126 haec
2438 2070 2619 2126 sidera
2649 2087 2678 2126 a
2729 2072 2894 2127 bono’
2929 2075 3160 2127 Domino
3221 2083 3277 2128 et
3347 2080 3576 2140 parente

1994 2159 2235 2215 universi
2261 2161 2725 2230 clementissimo;
2752 2165 3130 2235 gubernantur
3160 2181 3325 2220 manu
3351 2165 3576 2236 sapien-

1993 2247 2204 2303 tissima
2232 2252 2296 2305 ad
2332 2251 2567 2306 filiorum
2612 2255 2899 2310 commoda
2927 2267 2982 2312 et
3015 2258 3269 2311 salutem.
3306 2258 3576 2313 Defectio—

1991 2359 2091 2398 nes
2119 2344 2338 2413 quando
2372 2345 2718 2416 contingunt,
2756 2349 3034 2404 naturales
3085 2359 3209 2404 sunt
3241 2361 3295 2405 et
3317 2351 3570 2408 innoxiae.

1995 2438 2111 2492 Non
2142 2449 2322 2508 pestes
2351 2449 2637 2509 generant,
2669 2457 2775 2495 non
2809 2437 2962 2496 belli
2998 2444 3167 2507 cient,
3220 2461 3329 2498 non
3369 2456 3577 2518 mortes

1992 2532 2302 2602 principum
2327 2536 2681 2605 annuntiant,
2731 2551 2838 2589 non
2879 2547 3181 2607 temporum
3240 2538 3592 2593 calamitates

1992 2631 2085 2676 aut
2110 2639 2403 2693 regnorum
2422 2626 2816 2686 conversiones
2851 2627 3150 2681 minantur.

2061 2715 2144 2769 Ab
2176 2716 2294 2786 ipso
2323 2717 2509 2771 mundi
2533 2717 2759 2774 exordio
2800 2719 3050 2788 eclipses,
3114 2730 3171 2774 ut
3221 2721 3382 2775 modo
3417 2722 3571 2785 fiunt,

1991 2808 2295 2877 eademque
2320 2810 2434 2878 lege
2460 2811 2730 2864 ctordine
2772 2821 3079 2866 ctnurnero
3134 2812 3359 2876 fiebant;
3417 2823 3472 2867 et
3525 2815 3572 2868 si
3619 2869 3622 2872 Α

1993 2900 2222 2969 Keplero
2254 2901 2519 2967 creditur,
2573 2904 2652 2956 sol
2677 2903 2792 2972 ipse
2828 2904 2948 2958 fons
3004 2905 3142 2960 lucis
3191 2916 3249 2960 ct
3299 2907 3568 2960 bonorum
3619 2959 3621 2963 .

1992 2992 2258 3057 omnium,
2295 2994 2484 3049 tnundi
2520 2995 2711 3051 oculus
2753 2995 3052 3058 beneficus.
3112 2999 3367 3054 conditus
3401 3011 3480 3054 est
3519 3002 3574 3055 in

1991 3088 2180 3157 cclipsi
2220 3089 2474 3157 .subjceta
2522 3089 2654 3143 luna
2701 3089 2755 3144 in
2816 3090 2990 3159 primo
3036 3093 3203 3162 gradu
3227 3079 3478 3158 ’Cancri,
3516 3093 3572 3148 in
3625 3145 3627 3148 .

1993 3183 2183 3235 aestivo
2212 3183 2451 3238 solstitio
2479 3183 2666 3238 multis
2692 3181 2888 3238 Africae
2915 3181 3233 3253 regionibus
3255 3185 3385 3240 solis
3413 3201 3572 3255 aspc-

750 3259 832 3312 ico
882 3263 1064 3322 edicto
1094 3282 1283 3329 notum
1319 3280 1488 3334 voluit
1522 3259 1649 3341 ante
1678 3259 1888 3362 aliquot
1917 3285 1957 3343 C
1994 3285 2142 3327 ctum
2179 3273 2508 3343 impediente
2538 3295 2552 3330 :
2582 3277 2707 3362 quis
2763 3277 2836 3332 ita
2872 3278 3114 3334 sentiens
3135 3279 3321 3333 credat
3345 3279 3575 3348 eclipscs

1991 3365 2200 3441 noxias,
2228 3375 2284 3420 et
2304 3367 2472 3422 solem
2499 3355 2691 3438 ipsum‘
2714 3372 2766 3425 in
2792 3381 2940 3426 tanta
2971 3373 3054 3426 sui
3083 3373 3342 3426 etmundi
3390 3373 3571 3426 infeli—

1989 3459 2155 3513 citate
2178 3459 2247 3514 ab
2267 3461 2476 3530 optimo
2499 3473 2725 3532 parente
2747 3465 2856 3518 Deo
2873 3473 3118 3521 creatum
3137 3465 3181 3517 ?-

2062 3553 2176 3609 XV.
2221 3554 2380 3610 Certe
2400 3566 2528 3612 ante
2549 3556 2691 3612 bella
2747 3568 2802 3613 et
2822 3569 3004 3628 pestes
3067 3560 3270 3615 fiebant
3321 3561 3574 3630 eclipses,

1991 3658 2116 3702 ante
2141 3664 2295 3718 reges
2314 3658 2489 3715 natos,
2511 3659 2636 3705 ante
2660 3653 3067 3722 provinciarum
3093 3665 3147 3708 et
3172 3671 3461 3724 regnorum
3487 3656 3573 3708 di-

1991 3741 2263 3796 visionem
2289 3742 2341 3796 in
2380 3742 2470 3798 illa
2506 3743 3040 3800 antediluvianorum
3083 3748 3572 3815 lonngilatc,,pa-

1989 3848 2048 3886 ce
2081 3836 2392 3889 ctsanitate
2419 3845 2526 3890 tam
2561 3837 2821 3891 diuturna
2860 3839 3092 3908 eelipses
3116 3839 3341 3900 fiebant.
3371 3851 3422 3894 et
3445 3851 3574 3893 tuu-

1989 3927 2507 3984 erantinnocentes.
2540 3927 2692 3986 Unde
2712 3941 2764 3986 et
2809 3931 3031 4000 quando
3081 3935 3256 3987 noxia:
3309 3949 3429 3988 esse
3458 3951 3572 3988 eue-

1991 4026 2227 4094 perunt?
2273 4027 2415 4081 unde
2449 4029 2714 4098 malignos
2747 4029 3004 4096 influxus,
3044 4048 3181 4101 quos
3229 4041 3416 4102 postea
3466 4044 3572 4088 tam
3599 4073 3636 4092 -.

1989 4115 2304 4184 frequentes
2347 4118 2620 4181 amarunt,
2641 4123 2940 4190 accepere?

2065 4209 2239 4262 Prima
2269 4212 2533 4286 omnium,
2565 4228 2684 4280 qua:
2717 4215 2767 4267 in
2808 4214 2993 4270 Graeca
3039 4215 3265 4270 historia
3310 4218 3542 4272 describi

1988 4307 2078 4355 tur
2103 4301 2322 4369 eclipsis
2363 4303 2512 4366 solis,
2565 4313 2781 4359 narrata
2818 4306 2912 4358 ab-
2943 4307 3200 4362 llerodot.
3228 4310 3262 4362 l,
3301 4310 3341 4372 Ι,
3390 4310 3572 4365 Medos
3636 4363 3638 4365 ,

1987 4407 2044 4450 et
2075 4393 2253 4466 Lydos
2288 4406 2594 4466 pugnantes
2626 4397 2839 4451 invenit
2865 4408 2918 4452 et
2957 4400 3296 4458 conciliavit.
3343 4403 3549 4456 Alexan

1989 4488 2090 4540 dro
2117 4487 2448 4541 faustissima
2477 4488 2583 4543 fuit
2608 4489 2830 4560 eclipsis
2871 4492 3028 4555 lunzc,
3058 4510 3178 4561 qua:
3202 4505 3329 4550 ante
3360 4505 3563 4564 postre-

1991 4593 2131 4633 mam
2160 4581 2278 4650 ejus
2314 4579 2382 4634 de
2407 4580 2567 4635 Dario
2600 4582 2881 4638 victoriam
2929 4588 3174 4657 contigit.
3221 4590 3584 4646 Profuit-0.1+.

1991 4671 2099 4726 sari
2139 4675 2271 4728 solis
2304 4675 2390 4727 illa
2441 4693 2563 4744 (IULE
2611 4677 2664 4731 in
2707 4681 2937 4734 transitu
3004 4683 3323 4750 Rubiconis,
3358 4687 3472 4740 alea
3504 4688 3568 4741 dc

1993 4764 2224 4833 imperio
2255 4767 2725 4837 retinendojacta,
2762 4772 2898 4825 facta
2925 4783 3025 4830 est.
3063 4773 3139 4844 [P
3180 4775 3321 4847 507]
3355 4777 3421 4831 de
3465 4796 3570 4846 qua

1991 4855 2090 4908 Dio
2122 4856 2158 4909 Ι.
2211 4873 2283 4912 Iv.
2316 4859 2528 4912 Profuit
2552 4871 2628 4914 et-
2658 4861 2746 4914 illa
2773 4879 2895 4930 qua:
2935 4865 3301 4920 Pharsalicam
3331 4884 3567 4937 pugnam

1991 4945 2290 5013 praecessit;
2318 4963 2440 5016 qua:
2469 4949 2514 5001 si
2548 4948 2805 5017 Pompeio
2852 4953 3062 5006 funesta
3089 4955 3314 5019 dicitur,
3344 4974 3566 5014 eurnon

1988 5051 2141 5105 atque
2161 5035 2358 5091 Caesari
2384 5039 2656 5092 fortunata
2687 5040 2916 5096 dicenda
2955 5046 3078 5097 est?

2062 5129 2178 5182 Non
2201 5131 2402 5184 occidit
2431 5133 2736 5202 Augustum
2796 5135 3016 5202 eclipsis
3067 5136 3229 5211 lunae,
3286 5153 3406 5208 quae
3435 5155 3543 5209 qua

1990 5222 2236 5293 draginta
2261 5236 2382 5293 post
2402 5226 2521 5296 ejus
2544 5235 2776 5280 mortem
2818 5228 3014 5283 diebus
3034 5232 3160 5284 visa
3185 5243 3298 5292 est:
3323 5233 3433 5285 imo
3447 5233 3567 5303 ejus

1991 5315 2279 5371 occasione
2315 5317 2524 5371 Drusus
2560 5317 2888 5374 rebellantes
2926 5319 2980 5374 in
3034 5321 3312 5376 Pannonia
3370 5325 3558 5381 Roma-

1991 5409 2353 5477 naslcgiones
2378 5407 2444 5461 ad
2487 5407 2646 5462 fidem
2693 5421 2747 5464 et
2794 5411 3119 5480 obsequium
3169 5417 3464 5473 revocavit.
3500 5418 3567 5471 Et

1990 5501 2032 5553 si
2063 5501 2185 5569 quis
2212 5500 2495 5554 advertere
2525 5501 2674 5566 velit,
2707 5503 2892 5572 plures
2921 5504 3061 5560 forte
3107 5521 3231 5561 cum
3276 5509 3566 5563 eventibus

1993 5594 2283 5648 fortunatis
2325 5611 2488 5662 quam
2518 5612 2641 5650 cum
2698 5599 2940 5655 sinistris
2971 5600 3207 5669 celipses
3235 5603 3562 5672 conjuncta.

1989 5684 2320 5740 numerabit.

2060 5778 2115 5831 ln
2141 5775 2264 5831 fatis
2286 5777 2503 5831 ltomuli
2541 5780 2817 5850 prosperis
2849 5789 2904 5836 et
2949 5779 3110 5836 Urbis
3156 5783 3408 5841 felicitate
3472 5802 3559 5854 po-

1993 5872 2109 5924 sita:
2136 5880 2260 5924 sunt.
2291 5870 2520 5940 eclipscs
2551 5873 2670 5929 dua:
2713 5875 2946 5941 solares,
2977 5876 3029 5930 in
3085 5888 3350 5947 conceptu
3414 5879 3563 5934 illius

1985 5979 2106 6024 una,
2151 5965 2200 6016 in
2235 5963 2393 6026 huius
2432 5965 2797 6044 l'undzung-ntis
2834 5969 2996 6040 718
3021 5971 3186 6039 altera
3234 5971 3314 6029 \‘el
3371 5971 3560 6026 Iuven.
