4016 6530
532 387 675 454 11⁵15

1423 395 1483 455 Ρ,
1528 395 1831 455 PUSSINI
1863 396 2522 459 OBSERVATIDNUM
2553 403 2693 463 LIB.
2734 402 2852 464 ῐΠ.

3631 408 3759 471 11⁸76

531 513 603 562 te
633 506 720 561 vel
754 506 964 563 aﬂicla‘.
1005 517 1079 560 ita
1112 507 1367 562 videlicet
1417 507 1742 560 innocentes
1791 507 2023 576 cclipscs
2054 517 2109 562 et
2144 515 2183 568 Α
2287 510 2449 581 719
2480 513 2555 567 Ex
2604 513 2767 569 dictis
2792 568 2793 571 η
2817 515 3139 585 intelligitur
3186 533 3309 587 quae
3360 498 3490 573 fides
3525 517 3765 576 habenda

530 596 908 655 indill‘erentes
933 598 1132 655 habita:
1158 610 1307 661 sunt.
1348 611 1407 654 ut
1434 600 1556 655 aliis
1611 600 1821 661 faustae,
1857 600 1979 653 aliis
2013 615 2107 653 no-

532 691 636 746 xiae
676 700 731 747 ct
783 694 1053 747 malorum
1112 694 1435 763 praenuntia:
1509 694 1850 761 viderentur;
1917 692 1988 747 ita
2016 706 2108 746 eas

528 783 767 855 quisque
799 785 865 839 ad
891 800 989 840 sua
1028 797 1152 841 vota
1174 786 1470 841 convertit.
1922 786 1925 789 ’

606 894 819 951 Μαιιωκ
858 897 1214 952 luminarium
1261 897 1601 953 defectiones
1655 906 1926 952 annotata:
1980 908 2111 952 sunt

530 989 805 1046 mortibus
837 990 1254 1065 imperatorum,
1282 997 1471 1062 plures
1502 1000 1624 1065 post
1664 999 1895 1044 mortem
1951 1000 2007 1045 et
2055 991 2110 1045 in

530 1083 776 1139 exordiis
827 1083 1009 1138 notari
1079 1091 1394 1154 potuerunt;
1474 1084 1659 1137 multas
1716 1090 2114 1153 praecesserunt

526 1176 713 1231 clarlcs
744 1192 1063 1251 regnorum,
1105 1176 1386 1232 vastitates
1431 1180 1782 1246 populorum.
1843 1175 2110 1230 bellorum

529 1278 587 1324 et
623 1268 938 1323 morborum
969 1271 1292 1339 perniciem,
1351 1269 1537 1340 plures
1577 1280 1885 1323 consecttur
1935 1278 2065 1323 sunt
2095 1286 2109 1322 :

527 1373 693 1430 atque
745 1370 804 1415 ιιι
832 1372 1235 1432 consequentes
1274 1378 1451 1417 causa:
1497 1378 1605 1415 non
1637 1361 1890 1415 dicantur
1936 1361 2113 1415 bono-

532 1470 652 1507 rum
698 1469 821 1523 quae
852 1453 1053 1509 finibus
1085 1454 1354 1508 malorum
1392 1470 1604 1508 annexa
1662 1462 1810 1514 sunt,
1874 1453 1949 1507 ita
2011 1468 2115 1506 nec

528 1540 907 1617 praecedentes
933 1548 1123 1603 haberi
1155 1548 1360 1602 debent
1388 1547 1571 1602 fontes
1605 1547 1877 1602 malorum
1904 1545 1989 1600 vel
2032 1547 2115 1599 in-

525 1640 700 1703 dices,
734 1639 779 1695 si
804 1656 927 1711 qua:
954 1657 1078 1695 cum
1115 1641 1223 1695 illis
1251 1648 1603 1694 concurrant.
1661 1638 1826 1693 Medii
1872 1646 2003 1693 sunt
2056 1636 2115 1691 hi

528 1735 889 1791 luminarium
926 1734 1176 1791 defectus
1206 1736 1351 1790 inter
1372 1733 1517 1789 bona
1550 1742 1608 1790 et
1638 1733 1777 1788 mala
1803 1746 1986 1786 rerum
2009 1730 2116 1784 hu-

529 1842 841 1892 manarum;
869 1827 1050 1881 nullos
1087 1825 1141 1878 in
1196 1840 1291 1879 eas
1347 1825 1590 1879 influxns
1639 1822 1866 1886 habent;
1907 1834 2115 1876 conne-

527 1928 759 1975 ctuntur
779 1918 1004 1989 quidem
1035 1934 1158 1973 cum
1195 1917 1322 1983 illis,
1352 1916 1445 1970 sed
1473 1931 1629 1979 casu,
1657 1929 1769 1968 non
1796 1911 2110 1991 efﬁcientia,

526 2028 677 2068 mera
693 2012 1092 2084 contingentia,
1141 2027 1251 2067 non
1288 2010 1636 2066 necessitate.

591 2125 928 2182 Necessariae
963 2137 1093 2181 sunt
1121 2139 1315 2181 onmes
1358 2125 1591 2194 eclipscs
1618 2123 1752 2179 solis
1780 2132 1834 2176 et
1872 2121 2034 2185 lunae,
2056 2128 2116 2175 et

525 2218 865 2287 necessariis
891 2218 1197 2272 intervallis
1229 2217 1529 2281 distinctae,
1555 2216 1823 2271 ordinata:
1850 2216 1994 2269 inter
2016 2228 2108 2268 se-

524 2328 607 2377 se,
634 2321 692 2368 et
722 2313 797 2368 ita
827 2312 1234 2383 quodammodo
1255 2319 1626 2367 concatenatas
1656 2320 1717 2366 ut
1749 2311 1860 2365 sint
1906 2307 2111 2362 infalli-

525 2406 667 2462 biles
695 2414 752 2461 et
778 2404 1129 2461 inevitabiles
1155 2422 1171 2459 :
1200 2404 1428 2459 humani
1460 2412 1646 2459 autem
1679 2418 1863 2465 casus,
1897 2409 2108 2471 pestes,

528 2498 695 2564 bella,
731 2504 942 2552 mortes
992 2495 1308 2567 principum
1348 2496 1508 2566 plane
1538 2495 1920 2565 contingentes
1943 2500 1997 2545 et
2020 2506 2113 2546 so-

529 2594 660 2647 luta:
681 2591 962 2647 cohaerent
985 2589 1371 2646 accidentibus
1400 2597 1459 2643 et
1485 2586 1942 2648 circumstantiis,
1987 2598 2110 2653 quae

528 2695 587 2742 ut
618 2701 689 2741 ex
720 2683 1007 2739 hominum
1031 2682 1203 2739 libera
1234 2682 1522 2738 voluntate
1573 2690 1630 2736 et
1662 2681 1888 2736 fortuito
1918 2694 2111 2732 causa-

525 2796 651 2836 rum
676 2793 954 2834 concursu
986 2776 1249 2848 pendent,
1269 2776 1343 2831 ita
1366 2774 1657 2830 mutationi
1679 2781 1810 2828 sunt
1831 2771 2107 2834 obnoxiae,

525 2883 586 2931 et
614 2871 885 2929 anteverti
915 2871 1002 2925 vel
1038 2869 1293 2940 impediri
1324 2878 1575 2940 possunt.
1605 2866 1778 2934 Quam
1828 2880 1964 2936 ergo
2020 2864 2109 2918 in-

525 2980 832 3038 congruum
856 2973 911 3021 et
946 2962 1268 3018 irrationale
1307 2961 1486 3018 facere
1510 2977 1600 3017 res
1650 2958 1991 3015 necessarias
2054 2964 2111 3011 et

526 3056 901 3115 immutabiles
962 3070 1157 3111 causas
1209 3054 1507 3112 efl'ectuum
1572 3050 2006 3124 contingentium
2053 3061 2111 3106 et

525 3149 919 3208 mutabilium?

2216 603 2288 657 sit
2316 605 2718 674 astrologorum
2772 607 2920 674 genti
2979 624 3125 663 circa
3159 608 3443 678 cclipsinm
3495 609 3761 666 diritatem

2217 705 2272 749 ct
2308 695 2606 751 ell‘ectunm
2641 715 2707 752 cx
2758 698 2825 753 iis
2857 700 3310 770 consequentium
3362 701 3761 769 malignitatem.

2216 790 2355 844 Sunt
2382 791 2474 857 qui
2513 790 2786 845 maleficas
2814 807 3003 845 earum
3035 793 3182 847 vires
3218 793 3517 863 provinciis
3544 802 3599 847 et
3626 795 3766 847 urbi-

2214 879 2318 934 bus
2378 881 2695 948 specialiter
2742 882 3070 944 ascribunt,
3119 890 3176 936 et
3227 880 3517 936 duodecim
3574 883 3767 937 ludiaci

2214 974 2386 1044 signis
2435 975 2487 1028 in
2543 984 2783 1044 quatuor
2829 974 3167 1044 quadrantes
3226 974 3539 1029 distributis
3585 992 3768 1030 nocere

2214 1069 2408 1123 volunt
2428 1067 2661 1137 eclipscs
2700 1068 2765 1121 iis
2801 1066 3078 1137 praecipue
3132 1066 3322 1120 mundi
3360 1066 3631 1134 partibus,
3660 1082 3768 1134 qua:

2217 1165 2478 1228 subiecta:
2509 1171 2636 1215 sunt
2663 1161 2819 1229 signo
2850 1161 3007 1230 cujus
3042 1160 3095 1213 in
3134 1159 3357 1227 regione
3399 1158 3623 1226 eclipsis
3663 1156 3759 1216 fiat.

2215 1264 2273 1309 et
2310 1253 2609 1308 effectuum
2667 1251 2799 1303 vitia
2864 1266 2961 1317 pro
3014 1249 3236 1316 eclipsis
3290 1245 3665 1316 magnitudine
3710 1247 3767 1297 ad

2216 1349 2409 1419 plures
2457 1358 2676 1399 menses
2720 1353 2884 1412 atque
2923 1339 3088 1395 etiam
3130 1355 3301 1394 annos
3335 1337 3655 1393 extendunt.

2286 1436 2428 1494 Sunt
2487 1437 2579 1505 qui
2650 1435 2702 1489 in
2752 1434 3053 1503 eclipsibus
3107 1432 3374 1486 rationem
3443 1429 3768 1497 planetarum

2216 1530 2547 1603 praecipuam
2605 1527 2794 1583 haberi
2834 1527 3046 1588 volunt,
3084 1536 3140 1579 ct
3184 1526 3250 1579 iis
3286 1523 3525 1577 maxime
3556 1519 3773 1574 homini-

2217 1624 2322 1678 bus
2360 1623 2538 1677 labem
2587 1619 2887 1689 timendam
2940 1618 3232 1678 aiiirmant,
3263 1630 3501 1686 quorum
3538 1612 3591 1666 in
3629 1611 3772 1667 horo-

2219 1735 2389 1790 scopo
2451 1717 2689 1792 [P.508]
2752 1717 2918 1773 iidem
2971 1715 3065 1786 qui
3105 1712 3406 1783 eclipsibus
3437 1709 3773 1765 dominantur

2220 1807 2471 1877 planeve,
2502 1808 2809 1876 praesertim
2844 1807 2889 1863 si
2933 1803 3278 1874 malignioris
3306 1811 3522 1855 natura:
3552 1807 3693 1857 sunt,
3721 1807 3772 1851 ut

2148 1869 2186 1927 Β
2215 1896 2360 1954 Mars
2385 1907 2443 1954 et
2487 1896 2782 1964 Saturnus,
2814 1905 2869 1950 et
2915 1912 2945 1950 a
2972 1869 3132 1959 Jove,
3171 1893 3384 1949 Venere
3430 1899 3489 1945 et
3519 1887 3772 1943 Mercurio

2215 1993 2299 2048 vis
2327 2007 2519 2047 eorum
2568 1990 2812 2046 malefica
2844 2004 2952 2043 non
2987 1986 3342 2055 rcfringatur.

2286 2084 2432 2139 Sunt
2484 2084 2578 2156 qui
2630 2099 2730 2154 pro
2785 2081 2954 2136 variis
3005 2079 3263 2135 domibus
3323 2074 3680 2134 coelestibus,
3722 2070 3769 2125 in

2212 2179 2415 2249 quibus
2447 2178 2682 2246 eclipses
2733 2175 2869 2229 fiunt
2892 2216 2908 2240 ,
2945 2172 3293 2242 distinguunt
3324 2168 3595 2223 malorum
3638 2162 3769 2216 varia

2212 2283 2413 2339 genera
2441 2274 2499 2322 et
2530 2280 2916 2336 personarum,
2947 2262 3150 2332 quibus
3181 2274 3246 2313 ca
3274 2258 3415 2311 mala
3446 2252 3767 2324 impendent.

2213 2362 2272 2417 lu
2314 2376 2461 2415 nona
2495 2359 2661 2414 domo
2709 2354 3169 2425 significationem
3206 2349 3549 2406 seditionum
3581 2354 3635 2399 et
3662 2361 3770 2397 mu-

2218 2453 2456 2509 tationes
2496 2449 2824 2520 religionum
2856 2445 2971 2500 fieri
3003 2451 3297 2507 asserunt;
3330 2442 3382 2495 in
3412 2440 3605 2510 quinta
3631 2449 3771 2506 agro—

2215 2559 2337 2599 rum
2370 2543 2716 2603 sterilitates,
2750 2540 2922 2593 fatnes
2963 2548 3016 2592 et
3056 2546 3239 2607 pestes
3283 2530 3564 2602 portendi,
3598 2524 3770 2581 aulicis

2217 2637 2455 2690 fortuna:
2486 2634 2749 2695 ludibria,
2786 2628 3192 2702 pra-gnantihus
3237 2623 3459 2679 feminis
3491 2628 3671 2689 partus
3700 2617 3768 2669 iu-

2216 2731 2537 2787 felicitatetn
2595 2726 2877 2789 nuntiari;
2929 2723 2981 2777 in
3017 2730 3210 2793 quarta
3247 2720 3411 2793 domu
3464 2714 3695 2770 Saturno
3721 2718 3771 2766 et

2212 2823 2385 2880 Marte
2435 2837 2559 2876 cum
2614 2816 2810 2888 eclipsi
2865 2811 3322 2871 convenientibus
3368 2810 3653 2862 vastitates
3682 2818 3767 2855 ur-

2216 2916 2475 2970 biumet
2524 2911 2875 2967 dominorum
2928 2906 3290 2962 mutationem
3347 2898 3665 2970 significari.
3710 2893 3768 2948 Et

2213 3009 2332 3065 haec
2356 3007 2605 3078 quidem,
2639 3004 2856 3072 aliaque
2898 3016 3008 3055 non
3036 2998 3285 3059 meliora,
3316 3004 3464 3048 tanta
3505 2988 3766 3045 confideno

2215 3102 2291 3156 tia
2321 3098 2544 3170 quidam
2585 3089 2967 3166 pronuntiant,
3003 3090 3157 3161 quasi
3185 3096 3335 3143 certo
3364 3087 3557 3141 futura
3581 3086 3766 3138 essent.

2214 3203 2271 3249 et
2303 3203 2412 3246 tam
2460 3198 2626 3243 certa:
2660 3201 2853 3241 eorum
2895 3200 3076 3239 causa:
3110 3182 3179 3235 iis
3205 3179 3539 3240 creduntur,
3577 3183 3634 3228 ut
3663 3187 3767 3241 per-

597 3266 736 3321 xv"
779 3264 912 3320 Tam
947 3263 1106 3320 bene
1133 3263 1243 3318 diei
1279 3272 1464 3332 90⁸⁵⁸⁵³⁵
1500 3268 1682 3316 "mm
1741 3260 1872 3314 sons
1892 3267 1987 3311 3'"
2014 3272 2108 3312 00'
2134 3240 2182 3302 ε
2215 3301 2380 3341 sonas
2404 3283 2569 3339 etiam
2594 3280 2904 3351 singulares
2944 3291 3102 3339 sexu,
3132 3271 3481 3343 professione
3513 3279 3571 3324 et
3608 3264 3767 3336 digni-

527 3375 721 3417 easum
751 3359 896 3415 lunae
928 3373 1149 3413 causam
1179 3370 1300 3412 esse
1330 3352 1637 3426 iurgiorum
1691 3362 1748 3408 et
1796 3351 2107 3408 contentio-

528 3469 685 3517 num,
710 3467 833 3522 qua:
859 3449 945 3506 vel
977 3448 1217 3504 interdiu
1247 3450 1330 3502 vel
1375 3455 1540 3502 noctu
1566 3447 1913 3517 contingunt,
1940 3459 2106 3514 quam

528 3546 763 3617 eelipses
787 3543 1104 3599 morborum
1140 3552 1198 3597 et
1225 3539 1619 3602 calamitatum,
1673 3554 1797 3610 qua!
1842 3547 1965 3608 post
1987 3537 2109 3592 illas

531 3642 692 3696 fiunt.
722 3638 883 3695 Certe
914 3635 1258 3709 tequinoctiis
1280 3643 1333 3689 ct
1383 3634 1649 3693 solstitiis.
1686 3648 1810 3703 qua:
1840 3641 2032 3702 quater
2053 3631 2107 3685 in

534 3750 682 3790 anno
708 3734 822 3804 lege
849 3742 1000 3788 certa
1033 3731 1170 3784 liunt
1193 3738 1248 3784 et
1278 3740 1583 3800 temporum
1611 3727 1758 3782 vices
1798 3740 1896 3780 sua
1927 3723 2108 3779 diver-

532 3827 695 3883 sitate
725 3825 963 3881 formant
990 3835 1045 3880 et
1075 3824 1444 3892 distinguunt.
1477 3836 1639 3877 causa
1669 3827 1852 3889 posset
1904 3815 2107 3871 ascribi

532 3936 635 3975 cur
663 3928 847 3990 pestes
871 3927 925 3974 et
954 3917 1114 3981 bella,
1149 3932 1250 3971 cur
1286 3915 1473 3970 clades
1511 3927 1801 3983 regnorum
1854 3918 1911 3964 et
1961 3908 2107 3963 sedi~

534 4011 715 4067 tiones
736 4009 1064 4081 populorum
1089 4007 1365 4061 eveniant.
1395 4004 1527 4058 Tam
1553 4003 1874 4056 innocentes
1902 3998 2109 4053 baben-

534 4108 619 4161 ϐω
654 4110 785 4160 sunt
809 4099 1227 4173 coniunctiones
1263 4096 1399 4152 solis
1422 4104 1477 4151 et
1529 4095 1673 4149 lunae
1701 4090 2109 4147 defectionibus

535 4197 806 4260 obnoxiae,
841 4210 1006 4266 quam
1037 4208 1159 4263 qua:
1187 4201 1314 4246 sunt
1366 4189 1434 4243 ab
1454 4188 1536 4242 eis
1590 4187 1883 4242 immunes.
1912 4183 2108 4239 Omnia

533 4289 759 4362 quidem
791 4287 1092 4359 plenilunia
1121 4292 1176 4341 et
1200 4281 1480 4338 novilunia
1507 4295 1729 4351 magnas
1761 4278 2031 4334 invehunt
2052 4277 2109 4331 in

534 4383 725 4439 orbem
772 4380 1131 4439 mutationes.
1186 4374 1281 4431 sed
1332 4372 1668 4429 necessarias
1707 4381 1763 4426 et
1793 4371 1859 4425 ad
1895 4370 2107 4425 felicem

537 4472 730 4530 mundi
792 4480 994 4527 statum
1046 4467 1325 4539 sapienter
1382 4481 1413 4519 a
1458 4466 1569 4520 Deo
1632 4463 1934 4518 ordinatas.
1979 4464 2103 4529 \‘er,

2217 3389 2327 3435 tate
2357 3377 2591 3446 aliisque
2623 3371 2862 3444 propriis
2910 3365 3329 3425 conditionibus
3380 3363 3685 3431 designent,
3719 3364 3767 3408 ct

2215 3473 2353 3543 ipsis
2393 3468 2713 3523 nominibus
2751 3462 3056 3536 appellare,
3102 3458 3148 3514 si
3182 3467 3300 3514 tuto
3342 3463 3591 3526 possent,
3622 3449 3765 3521 proli-

2216 3575 2459 3621 teantur.
3295 3612 3309 3625 κ

2288 3655 2450 3711 XVII.
2476 3654 2534 3709 In
2574 3655 2678 3709 hoc
2712 3663 2911 3721 genere
2963 3644 3316 3717 prmﬁdcntiz
3362 3650 3558 3712 peccat
3594 3637 3644 3691 in
3671 3632 3766 3705 pri-

2215 3752 2318 3806 mis
2350 3748 2656 3819 Cyprianus
2692 3742 2972 3799 Leovitius
3003 3742 3056 3794 in
3090 3737 3464 3805 descriptione
3493 3742 3549 3788 et
3578 3733 3762 3800 pictura

2214 3847 2492 3915 eclipseon
2527 3854 2647 3908 qua:
2674 3838 2741 3893 ab
2787 3850 2932 3891 anno
2979 3833 3114 3889 1554
3146 3846 3318 3900 usque
3353 3830 3421 3884 ad
3474 3827 3606 3882 l605
3650 3838 3763 3877 con-

2219 3940 2483 4008 tigerunt,
2521 3932 2612 3986 ubi
2659 3945 2848 3984 carum
2906 3925 3369 3998 significationem
3402 3922 3564 3990 plane
3593 3931 3763 3970 secun-

2217 4034 2349 4087 dum
2404 4028 2623 4098 regulas
2651 4022 2962 4093 astrologia'
2988 4018 3292 4091 iudiciariae
3323 4015 3487 4068 descr
3513 4013 3608 4064 bit.
3629 4004 3762 4075 Quod

2218 4137 2275 4181 et
2308 4129 2569 4195 prazstant
2598 4125 2722 4188 post
2753 4113 3109 4169 Ptolemaeum
3133 4107 3443 4167 Cardanus,
3473 4102 3760 4160 Junctinus.

2215 4192 2515 4287 Origanus,
2544 4222 2598 4266 et
2624 4210 2717 4264 alii
2749 4203 3167 4277 ephemeridum
3199 4201 3525 4268 scriptores,
3558 4207 3615 4248 ut
3646 4192 3763 4247 artis

2211 4307 2524 4381 iudiciaria:
2573 4302 2918 4373 professores
2981 4297 3231 4364 plerique
3298 4307 3517 4347 omnes.
3582 4288 3761 4345 Contra

2201 4378 2357 4471 quos
2394 4396 2531 4452 nihil
2570 4409 2672 4464 ego
2702 4391 2889 4448 modo.
2931 4388 3174 4443 Sufﬁciat
3213 4385 3358 4457 quod
3390 4384 3461 4439 de
3491 4378 3763 4471 eclipsibus

2218 4469 2309 4547 hic
2348 4472 2726 4561 pronuntiavi,
2763 4498 2858 4538 eas
2886 4498 2955 4536 ex
2997 4478 3311 4534 necessario
3339 4484 3395 4530 et
3422 4492 3454 4528 a
3491 4474 3598 4527 Deo
3631 4469 3764 4523 ordi-

533 4576 732 4631 astas,
759 4573 1081 4625 autumnus,
1124 4559 1301 4615 hiems
1324 4573 1390 4613 ex
1422 4558 1553 4613 solis
1578 4566 1634 4611 et
1683 4558 1824 4612 luna:
1874 4555 2110 4611 diversis

2218 4594 2346 4641 nato
2391 4581 2526 4638 solis
2567 4587 2625 4634 et
2656 4579 2802 4633 lunae
2835 4588 3071 4629 occursu
3098 4571 3208 4653 fel
3244 4569 3590 4637 oppositione
3625 4564 3762 4617 iuno-

536 4656 999 4719 conversionibus
1025 4652 1303 4717 oriuntur,
1330 4661 1385 4707 et
1405 4652 1471 4707 iis
1504 4648 1830 4705 necessariis
1856 4648 1925 4703 ad
1973 4657 2110 4702 tctu-

537 4766 735 4822 porum
769 4747 1214 4804 commoditatem
1232 4753 1289 4800 et
1316 4743 1603 4799 hominum
1624 4742 1963 4805 felicitatem,
1989 4755 2113 4809 quae

537 4857 759 4914 semper
781 4840 972 4896 eadem
1000 4840 1141 4910 lege,
1182 4852 1347 4908 quam
1409 4835 1568 4890 initio
1609 4848 1794 4890 rerum
1858 4832 2113 4888 conditor

536 4935 845 4998 constituit,
870 4948 1096 4990 cursum
1128 4939 1428 4988 tenuerunt
1455 4938 1512 4983 et
1541 4926 1828 4983 tenebunt.
1867 4924 2002 4992 Quis
2023 4939 2113 4979 sa-

537 5029 698 5099 piens
735 5028 804 5082 iis
827 5025 1069 5081 ascribat
1090 5023 1417 5079 saeculorum
1461 5019 1835 5076 calamitates?
1864 5019 1990 5089 quis
2020 5032 2117 5071 eo-

537 5135 660 5176 rum
690 5118 1085 5188 maliguitatem
1117 5118 1170 5171 iu
1212 5114 1441 5169 adversa
1468 5127 1761 5184 regnorum
1794 5111 2010 5167 fortuna
2025 5123 2117 5163 ac-

537 5213 733 5270 cusat?
791 5211 920 5281 quis
1004 5208 1359 5279 proditionis,
1403 5207 1531 5277 quis
1596 5207 1741 5261 laesae
1815 5203 2118 5275 maiestatis

538 5300 900 5359 condemnat?

612 5415 959 5470 Excusentur
987 5413 1155 5484 igitur
1192 5411 1389 5482 synodi
1420 5410 1772 5466 luminarium
1824 5408 2116 5477 eclipticaz,

539 5520 661 5575 quae
684 5521 792 5559 non
818 5505 1000 5557 minus
1031 5501 1354 5557 necessariae
1401 5516 1580 5573 neque
1616 5502 1797 5556 minus
1819 5501 1886 5557 ad
1912 5502 2116 5557 bonum

541 5597 785 5651 universi
815 5611 846 5650 a
876 5596 988 5650 Deo
1038 5596 1324 5650 ordinatae.
1381 5595 1748 5652 Absolvantur
1766 5596 1833 5651 ab
1858 5596 2119 5666 opinione

545 5687 1092 5757 maleficentiae,qua2
1124 5703 1254 5742 non
1307 5687 1427 5759 plus
1481 5688 1835 5759 malignitatis
1897 5686 2118 5751 habent,

543 5790 669 5849 qua:
705 5793 811 5832 non
837 5778 958 5848 plus
986 5777 1184 5831 virium
1214 5778 1279 5833 ad
1313 5780 1667 5834 mutationem
1691 5779 1832 5835 aeris
1851 5788 1907 5834 et
1930 5778 2124 5834 humo-

550 5886 670 5925 rum
707 5870 909 5926 sortita:
929 5877 1079 5925 sunt.
1482 5862 1487 5871 ί

2214 4675 2360 4732 centi
2386 4671 2648 4744 prodire;
2679 4681 2916 4738 quarum
2938 4639 3221 4718 auctoiem
3251 4666 3517 4715 accusant
3549 4657 3584 4710 ii
3618 4651 3759 4720 impie

2214 4768 2309 4838 qui
2344 4780 2442 4821 eas
2492 4770 2574 4819 tot
2609 4762 2879 4816 malorum
2923 4772 3118 4811 causas
3167 4755 3363 4809 haberi
3396 4752 3606 4810 volunt,
3639 4758 3689 4800 et
3711 4758 3759 4797 se

2216 4836 2365 4928 ipsos
2395 4854 2677 4925 impietate
2715 4852 2853 4907 artis
2884 4847 3103 4902 infamis
3160 4854 3218 4900 et
3261 4842 3528 4898 humanis
3556 4836 3759 4894 divinis-

2216 4967 2328 5021 que
2368 4947 2585 5018 legibus
2618 4943 2929 5000 intertlicta:
2959 4937 3361 4995 contaminant.

2289 5043 2475 5096 Liceat
2530 5035 2868 5097 infidelibus,
2908 5043 3003 5087 aut
3050 5030 3184 5101 quid
3251 5029 3322 5084 sit
3365 5025 3585 5097 eclipsis
3627 5022 3760 5092 igno-

2217 5133 2493 5195 rantibus,
2546 5129 2711 5189 lunae,
2765 5137 2825 5181 ut
2880 5133 3095 5196 putant,
3153 5120 3444 5177 laboribus
3502 5112 3757 5187 epitulari.

2219 5228 2405 5283 Liceat
2437 5220 2826 5279 tintinnabulis
2871 5227 2927 5273 et
2971 5217 3099 5273 teris
3149 5230 3286 5269 sono
3337 5226 3499 5281 quam
3557 5211 3762 5280 possunt

2217 5315 2705 5374 vehementissimo
2734 5322 2944 5367 terrere
2990 5309 3311 5373 draconem,
3358 5305 3451 5374 qui
3502 5315 3621 5356 cum
3650 5298 3760 5351 lnna

2222 5409 2599 5482 congreditur.
2633 5406 2823 5461 Liceat
2856 5402 3199 5457 mulierculis
3229 5399 3376 5469 sagis
3405 5405 3461 5451 et
3498 5391 3758 5451 maleficis,

2219 5518 2341 5571 quae
2391 5500 2537 5555 lunae
2574 5512 2792 5551 amores
2844 5495 3097 5548 ambiunt
3146 5500 3242 5545 aut
3276 5487 3521 5543 vendunt
3551 5486 3760 5543 favores,

2221 5609 2342 5649 eam
2383 5607 2414 5645 e
2456 5589 2701 5646 tenebris
2727 5595 3099 5656 emergentem
3146 5583 3233 5638 vel
3279 5580 3516 5637 salutare
3546 5574 3759 5629 redeuu-

2227 5694 2334 5739 tem
2389 5683 2472 5737 vel
2555 5681 2897 5751 proclamare
2962 5676 3272 5730 victricem.
3334 5666 3658 5727 Christianis
3709 5667 3759 5714 et

2228 5779 2395 5832 Deum
2441 5773 2763 5829 timentibus
2794 5781 2850 5826 et
2877 5767 3113 5824 eruditis
3147 5765 3300 5821 nefas
3330 5774 3584 5818 accusare
3606 5757 3756 5811 Deum

2229 5871 2283 5924 in
2320 5867 2582 5927 oneribus
2640 5876 2747 5921 tam
2803 5862 3084 5921 praeclaris
3136 5869 3191 5916 et
3249 5855 3508 5913 beneﬁcis
3548 5849 3673 5907 solis
3706 5854 3757 5901 et
