4016 6522
273 416 405 486 1177

1562 415 2228 478 CHRONOLOGICUS.

3378 411 3517 481 1179

266 537 435 601 luna',
465 537 833 592 existimando
877 548 1085 593 temere
1140 539 1302 608 720
1352 539 1592 610 synodos
1647 552 1841 591 eorum
1875 542 1920 593 Α
2027 536 2183 604 72],
2235 536 2413 605 Atque
2471 536 2538 590 de
2601 536 2733 605 ipsis
2771 535 3094 606 eclipsihus,
3141 550 3277 604 quas
3307 537 3522 605 gemina

271 630 438 684 etiam
471 630 762 700 ecliptica‘s
816 631 902 686 vel
937 629 1157 687 elliecre
1191 633 1274 687 vel
1327 632 1588 687 nuntiare
1619 631 1846 686 calami-

273 727 416 775 tates
454 721 608 776 orbis
646 731 943 787 terrarum,
975 724 1060 778 vel
1089 739 1280 780 omnes
1313 725 1395 778 vel
1446 723 1680 778 maxime
1723 740 1846 791 per-

268 813 533 869 nieiosas.

343 905 452 960 Sed
487 912 674 977 negari
723 923 835 962 non
864 916 1043 977 potest
1076 908 1210 978 quin
1239 910 1401 963 multi
1433 907 1682 963 deiectus
1713 909 1846 963 solis

265 1007 324 1052 et
353 998 498 1052 lunae
539 1016 664 1054 cum
697 1002 1109 1056 calamitatibus
1145 1003 1380 1072 publicis
1403 1013 1460 1057 et
1485 1010 1659 1056 morte
1690 1001 1844 1071 prin-

267 1089 453 1158 cipum
501 1108 645 1159 ςευρθ
677 1103 1035 1148 concurrant.
1070 1094 1175 1148 Sed
1213 1095 1590 1148 conﬁtendum
1623 1110 1843 1163 quoque

265 1182 429 1252 longe
466 1185 649 1252 plures
685 1194 743 1238 et
789 1186 1047 1254 eclipses.
1072 1185 1190 1240 sine
1245 1186 1312 1240 iis
1360 1186 1580 1240 casibus
1614 1195 1666 1240 et
1704 1185 1844 1239 infe-

269 1274 409 1328 lices
467 1291 649 1329 rerum
707 1286 938 1331 eventus
993 1276 1113 1330 sine.
1181 1278 1482 1346 eclipsibus
1525 1278 1838 1347 contigisse.

264 1363 588 1420 Concursus
621 1367 938 1422 admittitur
971 1368 1026 1422 in
1053 1369 1352 1438 aliquibus,
1393 1370 1444 1423 in
1487 1370 1652 1424 nullis
1675 1383 1839 1424 causa

264 1457 562 1525 probatur,
593 1460 647 1512 in
680 1460 940 1514 omnibus
1001 1462 1376 1532 contingentia
1432 1473 1487 1516 et
1537 1477 1720 1516 merus
1747 1479 1840 1516 ca-

264 1566 367 1604 sus
400 1552 786 1612 agnoscendus
819 1563 924 1608 est.

338 1641 538 1700 XVIII.
568 1645 639 1699 At
671 1646 801 1714 quid
839 1648 1093 1714 prohibet
1138 1650 1306 1702 Deum
1346 1649 1411 1702 ad
1462 1648 1839 1702 ineutiendum

263 1737 588 1792 nominibus
619 1754 730 1792 suae
785 1742 1086 1812 majestatis
1129 1745 1425 1796 salutarem
1472 1743 1839 1797 reverentiam

260 1829 507 1898 eclipses
570 1829 853 1896 adhibere,
910 1849 1112 1903 easque
1184 1836 1336 1888 velut
1391 1835 1536 1890 faces
1583 1834 1841 1888 funereas

259 1927 566 1981 ostentare.
616 1923 660 1975 si
697 1939 805 1977 non
858 1940 1075 1988 causas,
1108 1929 1303 1981 saltem
1366 1926 1700 1994 praenuntias
1727 1928 1838 1982 ela-

260 2013 420 2068 dium
446 2017 814 2084 generalium,
845 2028 901 2072 et
926 2020 1086 2072 tubas
1120 2020 1411 2078 bellorum.
1440 2021 1642 2090 quibus
1675 2039 1836 2075 tuttu-

261 2103 398 2159 (him
442 2107 681 2177 aﬁligere
716 2119 774 2164 et
807 2113 1086 2179 corrigere
1122 2113 1443 2166 constituit?
1480 2114 1567 2168 Nil
1614 2115 1836 2183 quidem

263 2195 322 2249 id
359 2196 476 2250 ﬁeri
529 2199 810 2267 prohibet,
866 2201 961 2256 sed
1023 2209 1079 2257 et
1142 2205 1276 2258 nihil
1318 2207 1642 2273 persuadet;
1683 2217 1738 2261 et
1789 2207 1836 2261 si

262 2288 492 2354 quando
532 2289 584 2342 id
629 2291 769 2345 Deus
823 2292 1036 2356 fecerit,
1065 2295 1189 2362 quis
1241 2296 1438 2350 audeat
1471 2299 1585 2360 ubi,
1619 2299 1838 2368 quando

260 2392 321 2436 et
371 2382 590 2452 quoties
641 2385 785 2439 Deus
825 2386 878 2440 id
932 2388 1132 2442 efﬁciat
1195 2390 1484 2458 proﬁteri?
1529 2391 1628 2446 Cui
1699 2393 1840 2447 Dens

261 2491 430 2528 suum
471 2491 535 2530 ea
567 2477 635 2533 de
663 2494 720 2533 re
753 2481 1043 2534 consilium
1085 2484 1337 2552 aperuit?
1359 2485 1467 2538 Res
1493 2485 1652 2553 plane
1676 2486 1836 2547 mira.

260 2581 374 2622 nec
423 2569 610 2625 divino
648 2572 879 2627 consilio
931 2585 1134 2636 vacat,
1186 2577 1331 2643 quod
1394 2577 1448 2631 in
1514 2587 1626 2630 tota
1683 2593 1836 2632 sacra

261 2659 554 2731 Scriptura
586 2665 795 2720 nullius
822 2666 1049 2720 omnino
1081 2668 1302 2735 eclipsis
1346 2670 1551 2723 mentio
1591 2669 1670 2731 ﬁt,
1711 2685 1837 2724 cum

259 2763 448 2808 tamen
483 2755 539 2809 in
590 2759 794 2826 popttlo
838 2758 933 2813 Dei
972 2775 1073 2815 nec
1125 2771 1332 2816 mortes
1366 2763 1677 2832 principum
1736 2779 1839 2818 nee

229 2845 409 2925 ~bella
444 2864 546 2903 nec
577 2850 919 2906 calamitates
949 2853 1229 2908 deessent.
1274 2855 1393 2910 Non
1424 2856 1614 2910 deerat
1642 2873 1839 2911 sensus

264 2938 643 3003 miseriarum,
692 2959 800 2997 non
851 2944 1084 2999 deerant
1110 2947 1256 3000 oculi
1285 2948 1350 3000 ad
1382 2949 1618 3017 eclipses
1647 2950 1840 3005 videtr

258 3031 366 3086 das
392 3049 517 3086 cum
554 3035 788 3103 publicis
811 3037 1056 3093 cladibus
1083 3040 1448 3108 coniunctas."
1466 3042 1660 3095 Deerat
1696 3043 1838 3095 torte

258 3124 640 3190 Providentia,
700 3138 755 3182 et
812 3143 923 3184 suae
956 3131 1137 3200 gentis
1167 3133 1368 3186 salutis.
1407 3134 1688 3203 negligens
1727 3149 1836 3188 non

1951 627 2345 681 dissertatione
2409 627 2748 696 epilogismis
2808 626 3075 690 deﬁnivi,
3133 627 3239 680 ltoc
3298 641 3522 694 possum

1949 719 2148 772 merito
2178 717 2450 787 profiteri,
2482 735 2575 773 eas
2612 719 2842 772 fundare
2871 719 3206 774 solidissime
3248 719 3519 773 rationem
3546 759 3550 764 -

1951 822 2260 880 temporum
2295 812 2439 865 circa
2483 826 2605 879 qua:
2661 811 3029 880 contigerunt,
3079 829 3198 880 quae
3251 812 3371 866 sine
3418 812 3525 864 illis

1951 905 2196 959 obscura
2247 903 2544 957 admodum
2607 914 2692 958 est
2749 913 2803 958 ct
2850 906 3060 971 magnis
3113 904 3524 959 difﬁcultatibus

1953 998 2256 1066 implicata.
2300 997 2452 1052 Unde
2515 996 2621 1050 hoc
2678 995 2796 1064 ipso
2850 997 3074 1049 nomine
3134 1000 3340 1065 gratias
3375 1000 3522 1052 Patri

1947 1089 2216 1144 luminum
2257 1098 2313 1143 et
2349 1089 2687 1142 immortales
2741 1087 3020 1142 habendas
3077 1106 3219 1148 reor.
3255 1092 3402 1159 quod
3453 1093 3521 1142 de

1948 1190 2196 1244 tenebris
2235 1190 2414 1245 lucem
2471 1189 2737 1259 proferat,
2774 1197 2829 1241 et
2878 1202 2942 1239 ex
2975 1183 3109 1237 solis
3151 1198 3211 1238 ac
3254 1185 3394 1236 luna:
3427 1184 3525 1235 de-

1947 1280 2277 1337 lectionibus
2318 1281 2594 1335 historica!
2629 1279 2891 1350 veritatis
2932 1277 3116 1329 lumen
3158 1277 3376 1329 educat.
3417 1275 3523 1342 lpsi

1944 1373 2116 1442 gloria
2173 1374 2228 1426 in
2271 1375 2471 1428 sarcula
2501 1372 2855 1427 saeculorum.
2905 1369 3099 1422 Amen.
3137 1366 3400 1419 Hactenus
3455 1366 3519 1420 P.

1944 1464 2244 1522 Grantami.

2548 1626 2772 1683 CAPUT
2807 1626 2896 1681 IV.

1951 1741 2223 1797 Statuitur
2257 1750 2457 1811 tempus
2491 1743 2674 1794 mortis
2711 1739 2989 1811 Theodori.
3022 1733 3388 1811 coronationis
3421 1732 3528 1786 Pa-

2017 1812 2265 1882 lwologi.
2322 1804 2543 1878 recepta:
2586 1828 2616 1882 γε
2664 1811 2864 1863 Latinis
2920 1804 3435 1873 Conslantinoyolis,
3474 1811 3524 1856 et

2014 1881 2385 1937 execrationis
2423 1881 2614 1952 pupilli
2641 1882 2886 1935 Joannis.

2015 2018 2056 2072 l.
2094 2019 2214 2072 Erit
2244 2018 2348 2072 hoc
2376 2017 2444 2071 de
2493 2032 2603 2086 quo
2653 2016 2919 2070 hactenus
2950 2026 3058 2068 tam
3110 2013 3300 2066 multis
3339 2020 3524 2065 actum

1944 2122 2053 2174 est,
2083 2113 2268 2166 solare
2298 2110 2632 2180 deliquium,
2668 2110 2972 2176 insiginens
3009 2107 3207 2161 illustri
3241 2105 3527 2160 characte-

1945 2219 2004 2259 re
2056 2202 2355 2257 articulum
2413 2202 2589 2269 ipsum
2647 2200 2947 2270 temporis,
2984 2198 3130 2253 unde
3184 2205 3372 2251 nostra
3406 2195 3546 2252 haec,

1943 2294 2322 2365 proﬁciscitur
2369 2293 2629 2353 historia.
2681 2291 2812 2352 erit,
2868 2292 3112 2360 inquam,
3146 2287 3304 2342 nobis
3349 2287 3524 2341 instar

1945 2390 2054 2444 alte
2100 2388 2431 2442 eollucentis
2458 2386 2614 2456 phari
2647 2395 2861 2456 portum
2893 2383 3038 2438 unde
3071 2382 3336 2436 solvimus
3368 2395 3527 2433 mou-

1945 2481 2203 2544 strantis,
2251 2495 2414 2550 quem
2458 2479 2604 2534 inter
2654 2478 2899 2532 cundum
2940 2475 3304 2545 respicientes
3339 2472 3523 2527 metiri

1948 2573 2187 2629 subinde
2211 2581 2604 2642 progressuum
2626 2571 2799 2640 spatia
2821 2585 3092 2640 queamus
3111 2576 3168 2622 et
3184 2582 3381 2621 cursus
3404 2565 3520 2619 uni-

1945 2666 2089 2721 versi
2130 2680 2393 2718 numeros
2432 2663 2682 2734 exsequi,
2722 2679 2830 2716 non
2891 2662 3299 2716 contemnendo
3337 2658 3420 2712 vel
3450 2656 3521 2710 ad

1946 2746 2204 2814 solatium
2239 2755 2596 2824 fructumque
2628 2756 2795 2808 animi
2824 2755 2907 2808 vel
2941 2753 3008 2806 ad
3038 2752 3249 2806 erroris
3278 2765 3518 2820 prum-au-

1946 2851 2152 2905 tionem
2202 2865 2330 2904 usu.
2383 2850 2834 2918 Experimentum
2871 2862 3066 2915 capere
3113 2845 3347 2914 primum
3387 2842 3521 2896 libet

1947 2946 2002 3000 in
2036 2943 2312 2998 Theodori
2346 2952 2524 2996 morte
2569 2949 2626 2995 et
2671 2940 2822 3010 regni
2869 2940 3070 3008 spatio.
3099 2939 3165 2990 de
3194 2937 3398 3004 quibus
3430 2949 3520 2989 ac-

1947 3038 2334 3092 curatissimus
2386 3034 2702 3103 Acropolita
2757 3034 2838 3086 sic
2887 3032 3150 3102 scriptum
3185 3028 3407 3096 reliquit
3464 3028 3519 3080 in

1946 3132 2085 3186 Hist.
2129 3147 2182 3201 p.
2235 3131 2305 3184 85
2339 3129 2430 3184 ed.
2463 3128 2603 3199 Reg.
2631 3144 2645 3184 :
2691 3127 2932 3189 Ἐκεῖνος
2962 3126 3063 3195 μὲν
3087 3119 3181 3177 οὖν
3213 3122 3356 3177 οὕτω
3391 3121 3522 3190 βιώ-

260 3215 604 3274 admonebat
651 3221 939 3276 attendere
992 3222 1059 3277 ad
1110 3223 1263 3294 signa
1299 3234 1405 3279 tam
1441 3227 1839 3296 visibilia,qu:e

1950 3239 2068 3284 σας,
2104 3221 2199 3274 καὶ
2234 3224 2399 3290 μήπω
2427 3219 2584 3282 ὅλους
2627 3219 2895 3286 τέτταρας
2938 3217 3223 3277 ἐνιαυτοὺς
3251 3213 3521 3282 αὐτοκρα-

261 3317 376 3364 tam
415 3321 664 3380 patenter
697 3329 862 3383 quam
893 3325 1048 3370 certo
1080 3333 1194 3372 suae
1225 3318 1529 3372 iracundia:
1556 3327 1613 3372 et
1637 3321 1843 3373 .homi-

258 3418 399 3457 num
435 3406 780 3477 castigatioui
819 3411 1218 3477 prtemittebat?
1263 3412 1569 3466 Profuisset
1618 3412 1670 3464 id
1718 3415 1840 3482 qui-

258 3494 391 3549 dem
433 3497 749 3552 Judteorum
780 3502 950 3570 genti,
977 3511 1032 3556 et
1071 3500 1404 3558 Christianis
1447 3520 1558 3557 non
1593 3505 1837 3558 obesset.

256 3587 370 3644 Sed
405 3590 692 3644 consilium
738 3592 832 3645 Dei
866 3593 1250 3648 absconditum
1282 3611 1311 3648 a
1346 3595 1585 3659 szeculis,
1613 3595 1834 3670 ellipsis

256 3683 556 3752 prophetis
599 3699 707 3737 non
751 3687 1080 3751 revelatum,
1114 3702 1203 3741 ars
1234 3688 1527 3758 judiciaria
1583 3701 1840 3759 penetra-

260 3775 348 3827 vit
403 3775 640 3840 scilicet,
675 3784 732 3828 et
781 3776 835 3829 in
867 3777 1009 3831 emlo
1037 3779 1303 3848 scriptum
1349 3780 1530 3842 docet,
1564 3781 1657 3835 sed
1692 3781 1837 3836 dun-

255 3875 414 3920 taxat
445 3866 784 3923 intellectum
818 3870 1000 3940 legere
1033 3871 1372 3926 scientibus?
1406 3873 1571 3944 Nugte
1627 3890 1790 3930 merae
1821 3878 1834 3930 !

256 3959 323 4013 In
373 3959 480 4015 hoc
524 3977 656 4030 ergo
707 3964 878 4032 pietas
927 3973 982 4018 et
1039 3967 1311 4034 sapientia
1363 3965 1677 4022 Christiana
1709 3983 1842 4021 eon-

255 4052 519 4115 quiescit.
557 4055 702 4123 quod
731 4055 965 4124 eclipses
988 4057 1094 4126 sint
1122 4057 1368 4112 defectus
1402 4059 1676 4114 naturales
1703 4060 1838 4115 solis

251 4154 314 4198 et
349 4145 512 4208 lunae,
548 4162 670 4215 quae
724 4149 929 4202 nullam
983 4150 1223 4204 habeant
1251 4148 1336 4222 [Ρ.
1374 4151 1499 4222 509]
1532 4167 1641 4206 non
1675 4153 1837 4206 modo

255 4247 497 4300 certam,
527 4237 622 4290 sed
658 4253 725 4292 ne
769 4239 990 4307 quidem
1025 4240 1366 4308 probabilem
1397 4240 1724 4306 eﬁicientize,
1751 4243 1843 4295 vel

254 4328 684 4397 signiﬁcationis
765 4347 892 4385 cum
956 4331 1192 4400 publicis
1265 4332 1672 4387 calamitatibus
1741 4341 1837 4387 aut

253 4430 438 4474 morte
494 4421 805 4490 principum
861 4423 1285 4484 connexionem,
1327 4424 1617 4494 multoque
1652 4426 1837 4481 minus

253 4529 385 4568 cum
419 4511 638 4568 fortuna
668 4523 724 4570 et
761 4515 1058 4571 eventibus
1088 4517 1282 4570 liberis
1316 4519 1688 4586 privatorum.

335 4605 450 4659 Hoc
501 4617 684 4660 autem
755 4623 1014 4678 maguum
1057 4609 1408 4664 commodum
1445 4612 1681 4680 eclipscs
1704 4613 1836 4668 solis
1865 4636 1914 4695 η

252 4709 313 4755 et
350 4698 496 4752 luna:
553 4699 605 4752 in
660 4700 948 4754 historiam
999 4709 1302 4771 temporum
1336 4703 1654 4772 important,
1686 4707 1834 4774 quod

251 4808 324 4846 ex
356 4806 552 4844 carum
585 4791 832 4846 teni-bris
880 4807 976 4846 sua
1012 4793 1128 4863 ipsa
1164 4793 1506 4849 obscuritate
1534 4797 1839 4851 manifestis

254 4886 351 4939 lux
409 4899 604 4952 magna
663 4901 805 4954 sa‘pe
857 4886 1026 4940 rebus
1073 4887 1244 4958 gestis
1277 4891 1523 4943 accedat.
1557 4889 1656 4943 Vix
1689 4891 1836 4944 enim

252 4978 586 5032 melioribus
634 4977 853 5034 indiciis
900 4979 1054 5034 initia
1111 4996 1408 5052 regnorum
1437 5023 1451 5045 ,
1521 4984 1839 5036 nativitates

255 5071 614 5142 principum,
666 5071 918 5126 victoriae
991 5072 1278 5137 illustres,
1325 5075 1540 5144 aliaque
1591 5075 1732 5128 scitu
1783 5083 1838 5129 et

255 5165 744 5220 commendatione
809 5167 1149 5235 posteritatis
1234 5167 1396 5237 digna
1487 5169 1836 5238 probantur,

256 5271 428 5325 quam
492 5255 814 5324 eelipsibus.
869 5256 1236 5329 Chronologia
1299 5251 1486 5328 regum
1525 5261 1835 5323 Persarum,

256 5346 388 5420 Cyri
420 5356 477 5402 et
506 5348 802 5404 Alexandri
827 5351 1169 5415 monarchia,
1207 5361 1266 5407 et
1296 5354 1570 5408 connexio
1595 5354 1838 5424 profana:

256 5441 508 5496 historiae
547 5457 672 5496 cum
735 5457 892 5497 sacra
941 5443 1180 5498 maxime
1229 5444 1544 5500 illustratur
1578 5461 1675 5514 per
1703 5447 1838 5501 ecli-

258 5552 433 5610 pseon
485 5542 669 5590 certos
705 5545 961 5589 eventus.
1005 5533 1144 5590 Tota
1194 5541 1368 5594 series
1414 5537 1658 5593 historiae
1685 5539 1836 5594 Grac-

256 5644 477 5692 eorum,
533 5634 589 5682 et
641 5625 894 5680 fundatio
952 5627 1211 5681 Romanae
1259 5629 1619 5699 reipublicae.
1677 5641 1737 5686 ut
1781 5643 1838 5687 et

257 5734 412 5796 gesta
442 5723 570 5777 Julii
617 5722 870 5786 Caesaris,
907 5722 1139 5792 Augusti
1182 5730 1238 5778 et
1272 5724 1506 5778 aliorum
1541 5723 1840 5794 imperato-

259 5833 386 5871 rum
421 5816 558 5870 nihil
587 5815 795 5870 habent
817 5815 1026 5868 certius
1054 5831 1218 5885 quam
1252 5817 1398 5888 quod
1431 5817 1836 5874 defectionibus

259 5908 400 5964 solis
428 5918 520 5962 aut
550 5905 1102 5984 lunareonstituitur.

1945 3315 2204 3384 τορήῖτας·
2244 3313 2384 3366 κατὰ
2411 3312 2726 3382 Νοέμϐριον
2755 3313 2862 3380 γὰρ
2907 3312 3078 3380 ἄρξας
3117 3311 3174 3360 ἐν
3221 3307 3522 3376 Αὐγούστῳ

1948 3408 2082 3478 μηνὶ
2109 3406 2169 3458 τὸ
2195 3407 2346 3466 τέλος
2380 3405 2583 3475 ἔσχηκε
2611 3404 2714 3472 τῆς
2754 3403 2921 3470 ζωῆς.
2953 3402 3118 3457 Vides
3157 3401 3230 3455 ibi
3277 3400 3522 3455 testimo-

1943 3499 2037 3551 nio
2087 3497 2189 3550 viri
2245 3497 2578 3563 gravissimi,
2617 3495 2907 3550 referentis
2950 3510 3071 3564 qua:
3115 3509 3355 3563 praesens
3405 3507 3522 3562 spe-

1943 3597 2213 3650 ctaverat,
2262 3588 2620 3643 Theodorum
2694 3587 2838 3641 solos
2901 3595 3140 3655 quatuor
3178 3600 3282 3639 nec
3321 3584 3520 3652 plenos

1941 3698 2118 3737 annos
2179 3683 2502 3751 imperasse.
2559 3680 2938 3734 Acclamatutn
3007 3676 3156 3729 enim
3222 3672 3520 3727 Novembri

1940 3791 2153 3842 mense,
2185 3773 2408 3828 vivendi
2441 3773 2645 3842 pariter
2674 3781 2729 3826 et
2757 3770 3065 3840 imperandi
3088 3768 3251 3822 ﬁnem
3275 3768 3522 3836 Augusto

1940 3883 2131 3923 mense
2181 3867 2401 3922 fecisse.
2438 3866 2612 3936 igitur
2649 3881 2774 3936 cum
2829 3873 2985 3917 certo
3018 3864 3089 3917 sit
3132 3861 3342 3916 certius
3372 3874 3520 3912 anno

1939 3977 2066 4016 eum
2114 3960 2324 4015 Christi
2359 3959 2500 4013 l255
2554 3967 2774 4012 mortuo
2822 3955 2988 4010 tertio
3021 3954 3140 4009 Kal.
3177 3950 3521 4007 Novembres

1936 4052 2132 4106 Joanni
2185 4053 2328 4121 patri
2384 4051 2781 4120 subrogatum,
2820 4061 3114 4116 procerum
3173 4053 3230 4097 et
3283 4041 3520 4096 militum

1938 4145 2332 4199 acclamatione
2401 4142 2870 4210 subvectioneque
2924 4141 2980 4192 in
3045 4138 3258 4209 clypeo.
3316 4133 3521 4188 deinde

1937 4237 2038 4291 sub
2079 4237 2241 4291 ﬁnem
2303 4236 2620 4291 Decembris
2676 4234 2906 4289 solemni
2975 4232 3082 4286 ritu
3136 4245 3164 4284 a
3225 4244 3369 4282 novo
3422 4242 3522 4296 pa-

1939 4329 2171 4384 triarcha
2218 4330 2452 4383 Arsenio
2503 4342 2848 4389 coronatum,
2874 4324 3226 4380 manifestum
3261 4330 3348 4376 est
3370 4334 3520 4375 anno

1935 4437 2061 4477 eum
2094 4421 2294 4475 ChriSti
2325 4415 2462 4474 1259
2495 4420 2679 4473 vivere
2719 4418 2883 4472 simul
2917 4427 2973 4472 et
3003 4430 3233 4488 regnare
3265 4413 3518 4469 desiisse.

1937 4518 2035 4573 llic
2073 4517 2220 4571 enim
2252 4532 2430 4570 annus
2459 4531 2489 4569 a
2525 4515 2658 4569 ιίὶῖῖὃ
2688 4524 2920 4585 quartus
2948 4523 3055 4568 est.
3173 4571 3175 4573 _

2017 4612 2081 4666 ll.
2123 4611 2242 4678 Quo
2272 4609 2404 4664 anni
2441 4619 2689 4678 tempore
2737 4609 3060 4673 decesserit,
3095 4608 3228 4661 satis
3258 4605 3521 4676 exprimit

1943 4705 2335 4776 Pachymeres,
2379 4703 2508 4756 dum
2541 4703 2594 4756 id
2631 4702 2880 4756 evenisse
2909 4701 2983 4755 ait
3013 4699 3108 4753 τοῦ
3140 4701 3333 4769 χρόνου
3381 4699 3518 4767 πρὸς

1941 4802 2001 4854 τὸ
2041 4799 2438 4868 Wwantinpr
2468 4795 2872 4858 ἀποκλίνοντος,
2899 4793 3186 4847 inclinante
3215 4795 3266 4846 in
3297 4804 3515 4845 autum-

1941 4911 2069 4946 num
2106 4909 2273 4955 anno,
2309 4892 2413 4945 hoc
2449 4898 2555 4950 est,
2588 4905 2688 4958 per
2718 4896 2962 4941 :estatem
3003 4885 3381 4953 quidetn,'sed
3404 4883 3516 4953 jam

1941 4992 2318 5039 senescentem
2351 4976 2425 5036 ὀι
2473 4978 2790 5033 adventanti
2823 4983 3089 5029 autumno
3116 4973 3515 5029 concedentem

1940 5076 2166 5130 sensim.
2209 5073 2452 5140 Quadrat
2504 5088 2569 5126 ea
2618 5079 2747 5124 nota
2785 5068 3052 5137 temporis
3085 5075 3210 5136 apte
3249 5066 3304 5119 in
3329 5065 3518 5136 Augu-

1940 5177 2083 5221 stum
2146 5180 2434 5230 mensem;
2472 5178 2582 5232 quo
2637 5178 2695 5215 re
2731 5161 2846 5229 ipsa
2886 5159 3216 5213 exstinctum
3265 5147 3517 5211 Theodo-

1941 5276 2062 5313 rttm
2097 5257 2432 5327 Acmpolita,
2467 5269 2527 5310 ut
2560 5254 2823 5313 diximus,
2875 5253 3126 5304 aﬂirmat.
3188 5249 3244 5304 ld
3295 5250 3516 5303 duobus

1940 5353 2270 5423 exceptione
2297 5351 2691 5422 majoribus'et
2713 5344 3086 5400 concordibus
3119 5343 3391 5397 ﬁrmatum
3435 5355 3518 5397 ιιι-

1939 5448 2120 5501 stibus
2157 5461 2259 5514 pro
2297 5444 2403 5497 ﬁxo
2433 5455 2490 5497 et
2517 5441 2830 5496 indubitate
2860 5437 3025 5491 debet
3059 5436 3275 5491 haberi.
3300 5437 3515 5491 Seditio

1939 5552 2129 5597 secuta
2160 5540 2441 5595 exercitus
2477 5537 2640 5606 722
2676 5544 2732 5589 et
2766 5533 3113 5588 Muralonum
3150 5530 3328 5586 caedes
3364 5531 3514 5597 Mag—

1939 5636 2104 5689 nesia:
2129 5634 2182 5686 in
2226 5631 2428 5700 templo
2460 5627 2887 5688 Sosandrorutn,
2916 5625 3048 5678 dum
3091 5623 3176 5695 [Ρ.
3216 5621 3342 5694 510]
3367 5623 3512 5693 justa

1939 5727 2237 5782 Theodoro
2284 5723 2467 5779 eidem
2526 5719 2782 5775 funebria
2844 5717 3259 5788 persolvuntur.
3321 5731 3514 5785 perpe-

1941 5825 2103 5872 trata.
2143 5829 2285 5868 nona
2338 5819 2463 5882 post
2518 5820 2749 5865 mortem
2802 5806 3074 5861 Theodori
3121 5805 3208 5860 die
3259 5807 3510 5875 contigit.

1940 5909 2097 5962 Clare
2132 5907 2234 5961 hoc
2267 5904 2539 5976 Cregoras
2572 5912 2628 5958 ct
2656 5901 3016 5972 l-‘achymcrcs
3049 5910 3324 5954 asserunt.
3357 5898 3514 5953 Prior
