4016 6548
483 431 620 501 1179

1370 439 1437 502 Ρ.
1481 439 1787 500 POSSlNl
1829 436 2493 500 OBSERVATIONUM
2554 435 2704 500 LIB.
2735 434 2856 495 III.

3609 412 3756 491 list)

480 554 523 612 l.
571 570 655 621 ιιι,
683 570 737 625 p.
770 553 842 608 50
883 554 975 610 ed.
1010 553 1176 609 Basil.
1211 553 1291 608 sic
1322 553 1572 623 loquitur
1600 553 1669 609 de
1722 555 1823 610 ista
1872 554 2020 609 caede
2046 571 2060 607 :
2089 554 2139 614 Α
2164 562 2221 607 et
2260 549 2327 605 ad
2361 560 2583 605 nostras
2625 556 2819 605 exacte
2868 533 3119 602 rationes
3160 545 3471 616 quadrante
3504 544 3749 599 calculo.

494 648 723 720 Ἐννάτη
774 648 877 717 μὲν
933 649 1040 718 γὰρ
1072 646 1255 718 ἡμέρα
1288 651 1470 718 παρῆν
1502 650 1645 719 μετὰ
1672 650 1774 719 τὴν
1802 649 2062 718 τελευτὴν

480 738 577 812 τοῦ
614 738 905 809 βασιλέως.
936 739 1040 795 Cui
1080 754 1395 795 consonans
1435 749 1627 796 noster
1675 741 1833 797 initio
1881 758 1931 797 e.
1963 742 2056 809 l9,

480 831 521 886 l.
573 846 589 885 ι
632 850 646 885 ;
684 832 833 894 Τέως
885 830 932 884 δ’
957 828 1075 896 οὖν,
1115 831 1318 902 inquit,
1352 833 1384 903 ἠ
1416 835 1548 902 περὶ
1594 832 1671 904 τῷ
1716 836 2064 906 ἁποιχομένῳ

481 923 678 994 ὲννάτη
726 924 966 994 κειμένῳ
1003 924 1185 996 παρῆν
1215 930 1374 988 ηοω.
1410 923 1479 979 Ει
1509 924 1615 980 hoc
1648 940 1781 995 ergo
1808 942 1907 996 pro
1936 942 2066 982 con-

482 1015 652 1069 stanti
696 994 1047 1087 “mendum;
1073 994 1203 1070 licet
1242 1016 1561 1084 Aeropolita
1594 1016 1663 1071 de
1717 994 1822 1072 die
1861 1025 2062 1085 taceat,

483 1122 633 1161 nono
676 1117 802 1177 post
831 1117 1068 1163 mortem
1100 1107 1377 1163 Theodori
1407 1108 1497 1164 die
1530 1108 1844 1166 Muzalones
1878 1110 2066 1167 furore

484 1200 719 1255 militum
768 1215 1059 1271 oppressos
1111 1200 1167 1255 in
1211 1201 1416 1270 templo
1439 1210 1497 1256 et
1542 1200 1901 1260 obtruncatos
1942 1219 2069 1274 per-

484 1292 636 1348 iisse.
692 1294 1026 1350 Deliberatio
1079 1295 1208 1350 inde
1258 1294 1327 1349 de
1365 1294 1538 1350 tutela
1582 1295 1740 1365 pueri
1772 1297 2063 1368 principis,

484 1386 687 1441 electio
714 1386 781 1442 ad
835 1389 889 1443 id
935 1388 1219 1444 Michaelis
1250 1387 1569 1459 Palaeologi,
1609 1388 1775 1460 hujus
1810 1406 1907 1460 per
1944 1406 2070 1461 gra-

488 1478 594 1533 dus
628 1480 695 1534 ad
730 1481 1021 1550 imperium
1080 1482 1356 1552 adreptio,
1413 1483 1543 1538 dum
1594 1484 1841 1555 primum
1886 1486 2068 1557 magni

489 1570 650 1624 ducis
690 1570 849 1626 titulo
880 1574 1201 1642 insignitur,
1228 1573 1432 1629 deinde
1457 1585 1717 1647 tanquam
1748 1579 1815 1632 ad
1841 1580 2067 1634 deman-

490 1663 682 1719 datum
728 1681 929 1720 munus
972 1666 1078 1720 rite
1109 1668 1410 1736 gerendum
1442 1670 1755 1725 necessaria
1788 1681 2065 1740 potestate

492 1756 737 1827 despotic
772 1768 1028 1813 ornatur.
1064 1759 1315 1831 Denique
1350 1761 1561 1831 pupillo
1592 1763 1832 1834 principi
1862 1765 2071 1835 collega

491 1848 547 1901 in
593 1848 828 1917 imperio
859 1850 1202 1905 decernitur.
1245 1852 1393 1917 Haec,
1426 1853 1674 1923 inquam,
1702 1865 1751 1910 et
1785 1856 1952 1910 varia:
1980 1855 2067 1910 inc

2171 641 2243 697 Ut
2312 657 2492 696 annus
2550 641 2743 697 mundi
2816 655 2940 705 term
2994 638 3236 709 vulgaris
3307 638 3625 694 Graecorum
3683 635 3752 691 ad

2172 734 2381 793 Christi
2425 750 2632 790 annum
2684 734 2990 806 redigatur,
3041 716 3303 804 p'erpetua
3347 731 3613 787 methudo
3647 730 3755 783 tot.

2172 827 2323 883 lendi
2358 843 2422 883 ex
2471 843 2684 883 summa
2717 838 2847 883 sunt
2884 827 3044 883 5508.
3077 828 3247 898 igitur
3278 841 3457 881 annus
3487 825 3556 878 ab
3588 822 3755 877 Acro-

2173 922 2344 993 polita
2391 920 2671 977 indicatus
2705 922 2897 976 mundi
2947 921 3087 977 6769
3124 919 3268 975 idem
3314 918 3417 973 luit
3453 932 3581 971 cum
3611 932 3756 970 anno

2175 1030 2299 1071 arte
2329 1023 2536 1071 nostra:
2568 1014 2896 1071 Christiana:
2944 1015 3100 1069 ηδι.
3141 1015 3236 1069 Est
3290 1013 3381 1067 hic
3412 1011 3626 1081 periodi
3666 1009 3756 1064 Ju-

2176 1108 2338 1163 liantr
2374 1107 2533 1174 5974,
2558 1123 2682 1177 quas
2722 1123 2937 1163 summa
2972 1107 3150 1163 divisa
3180 1120 3280 1176 per
3306 1103 3628 1175 quindecim
3664 1101 3756 1156 dat

2176 1214 2475 1256 numerum
2526 1201 2849 1256 indictionis
2896 1212 3179 1270 quartutn.
3229 1198 3480 1267 Spatium
3532 1210 3756 1264 quoque

2180 1291 2422 1349 detenta
2456 1307 2488 1348 a
2520 1294 2733 1348 Latinis
2763 1290 2921 1347 urbis
2953 1289 3284 1345 adamussim
3320 1296 3487 1341 recta!
3513 1285 3757 1340 chrono-

2178 1385 2338 1456 lngia:
2401 1392 2655 1441 exactum
2689 1384 2759 1439 ab
2799 1383 3115 1454 Acropolita
3170 1380 3446 1451 proditur.
3489 1376 3757 1445 Superius

2178 1479 2387 1549 quippe
2415 1493 2466 1533 c.
2501 1477 2537 1531 2
2581 1476 2826 1532 vidimus
2863 1485 3079 1545 captam
3124 1489 3154 1528 a
3197 1471 3411 1527 Latinis
3437 1468 3759 1525 Constanti-

2181 1570 2425 1639 nopolim
2460 1584 2608 1624 anno
2635 1567 2843 1623 Christi
2896 1567 3071 1633 1203;
3104 1580 3230 1621 cum
3261 1573 3447 1619 autem
3480 1577 3634 1616 nunc
3663 1561 3759 1614 de-

2181 1664 2437 1718 llniamus
2466 1673 2743 1733 receptam
2768 1677 2799 1716 a
2835 1661 3043 1717 Graecis
3083 1659 3335 1715 eamdem
3364 1657 3533 1712 fuisse
3563 1654 3758 1710 urbem

2180 1771 2326 1810 anno
2355 1754 2567 1811 Christi
2598 1748 2885 1823 l26l,'qui
2917 1769 2984 1808 ex
3013 1752 3074 1806 6|
3113 1752 3147 1805 3
3175 1750 3537 1809 subtraxerit.
3568 1759 3761 1802 exacte

2180 1849 2424 1917 reperiet
2474 1847 2546 1904 58
2602 1860 2778 1903 annos
2830 1845 3061 1901 dominii
3110 1844 3434 1899 Latinorum
3495 1843 3550 1896 in
3611 1840 3763 1910 regia

490 1940 652 1993 terim
723 1956 753 1994 a
816 1941 1123 2013 Palmologo
1178 1952 1235 1999 et
1290 1944 1452 2017 hujus
1504 1947 1770 2002 studiosis
1819 1924 2497 2004 exercithGr-Tcomm
2548 1940 2833 1996 CiVilale-'

490 2032 809 2090 ambitionis
843 2045 992 2091 artes
1019 2037 1141 2092 istis
1170 2037 1482 2094 honoribus
1512 2055 1542 2095 a
1577 2040 1728 2096 clero
1753 2049 1811 2095 et
1842 2043 2078 2117 patriar-
2170 2034 2179 2041 ’

492 2126 617 2191 cha,
654 2141 683 2180 a
713 2136 908 2181 senatu
941 2137 998 2182 et
1034 2129 1241 2199 populo
1267 2130 1675 2195 eblandiendis,
1706 2130 1871 2186 facile
1907 2132 2077 2186 trium

491 2227 549 2273 et
595 2220 741 2287 quod
799 2222 1046 2299 excurrit
1089 2222 1367 2278 mensium
1420 2225 1656 2294 spatium
1687 2225 1933 2295 exigunt,
1966 2241 2078 2296 quo

493 2312 598 2365 sub
639 2311 802 2368 linem
849 2315 1170 2371 Decembris
1204 2316 1491 2387 impetrari
1533 2319 1780 2374 omnium
1817 2321 2076 2376 ordinum

495 2416 769 2459 consensu
798 2407 1045 2475 potuerit
1074 2415 1135 2463 ut
1171 2408 1226 2463 in
1259 2408 1543 2479 proximas
1574 2411 1845 2467 Kalendas
1869 2412 2076 2469 Janua-

496 2493 609 2547 rias
666 2494 1014 2551 indiceretur
1063 2497 1193 2553 novi
1254 2498 1611 2570 imperatoris
1651 2500 1935 2557 Michaelis
1977 2502 2078 2558 Pa-

498 2586 715 2657 latoibgi
757 2589 1086 2645 acclamatio
1124 2590 1408 2646 solemnis.
1461 2592 1577 2647 Hoc
1619 2592 1700 2648 sic
1749 2578 1942 2674 noster
1977 2609 2077 2649 ex-

496 2680 691 2752 primit
738 2682 841 2736 sub
893 2681 1056 2737 iinem
1111 2684 1310 2753 capitis
1349 2684 1419 2739 29
1444 2723 1460 2747 ,
1502 2684 1538 2740 l.
1596 2701 1635 2738 tt
1668 2701 1680 2738 :
1715 2686 1941 2758 Ὠριστο
1976 2687 2078 2758 μὲν

497 2768 594 2827 οὖν
631 2774 665 2843 ή
712 2774 894 2844 ἡμέρα
926 2774 1025 2843 τῆς
1060 2775 1416 2845 ἀναρρήσεως
1458 2776 1901 2845 ἑκατομϐαιῶνος
1955 2794 2079 2831 νου-

501 2864 674 2935 μηνία
714 2867 813 2935 τῆς
846 2866 972 2919 τότε
1011 2871 1318 2937 τρεχούσης
1361 2867 1620 2937 δευτέρας
1662 2869 2076 2941 ὲπινεμήσεως’

499 2957 783 3029 Prwﬁnita
815 2968 891 3013 est
924 2960 1035 3014 dies
1076 2959 1477 3016 acclamationis
1510 2960 1770 3017 Kalendae
1798 2963 2081 3021 Ianuariae

502 3053 763 3107 currentis
819 3064 943 3108 tunc
1003 3054 1247 3109 secunda:
1296 3055 1623 3116 indictionis.
1677 3056 1807 3111 Fuit
1842 3057 1933 3112 hic
1958 3057 2080 3113 dies

502 3145 719 3214 primus
776 3147 903 3200 anui
962 3146 1167 3202 Christi
1221 3146 1382 3211 1260,
1419 3148 1672 3218 quicum
1732 3149 1806 3204 sit
1858 3149 2079 3220 periodi

2251 2032 2340 2088 IV.
2380 2031 2574 2089 Restat
2602 2033 2859 2087 ultimum
2899 2046 2965 2088 ex
2991 2031 3298 2103 propositis
3331 2038 3495 2101 caput
3532 2027 3765 2115 apertis:

2179 2135 2348 2185 certa:
2409 2125 2737 2198 illigandum
2786 2125 3087 2180 excateatio
3126 2124 3288 2196 pueri
3340 2122 3598 2180 Joannis.
3632 2121 3762 2174 Eam

2178 2227 2372 2274 noster
2422 2234 2527 2289 pro
2571 2218 2839 2274 facinoris
2888 2208 3180 2273 atrocitate
3215 2216 3421 2289 tragice
3467 2213 3764 2282 deplorans

2178 2314 2278 2370 lib.
2323 2331 2406 2379 ιιι,
2456 2331 2507 2371 c.
2560 2313 2651 2377 l0,
2706 2313 2924 2368 unicam
2957 2313 3226 2383 temporis
3278 2308 3762 2366 circumstantiam

2180 2417 2355 2471 notat,
2377 2408 2506 2462 dum
2546 2417 2655 2461 tam
2698 2407 2995 2461 immanem
3031 2404 3409 2460 carniﬁcinam
3455 2404 3510 2456 in
3553 2400 3764 2470 pupillo

2184 2498 2505 2564 innocente,
2528 2514 2631 2569 pro
2659 2500 2997 2568 imperatore
3021 2497 3396 2552 Romanorum
3418 2497 3529 2566 jam
3557 2496 3763 2564 agnito.

2179 2591 2481 2669 exercitam
2542 2592 2825 2647 horrendo
2883 2606 3018 2647 ausu
3075 2598 3342 2645 memorat
3375 2590 3464 2643 die
3512 2587 3762 2641 omnium

2183 2684 2555 2749 sanctissima,
2585 2683 2963 2738 anniversaria
3001 2682 3263 2738 videlicet
3292 2680 3504 2736 Natalis
3528 2679 3763 2734 Christi.

2181 2775 2399 2831 Annum
2432 2776 2763 2843 investigare
2787 2789 2890 2828 nos
2917 2782 3159 2843 oportet.
3229 2773 3293 2845 [P
3331 2769 3457 2841 5H]
3497 2770 3567 2826 Ut
3600 2785 3763 2839 quam

2182 2870 2434 2940 proxime
2463 2877 2590 2939 post
2636 2868 2833 2923 initum
2873 2882 2902 2921 a
2936 2867 3201 2922 Michaele
3242 2866 3547 2934 Palasologo
3591 2864 3765 2932 impe-

2185 2964 2330 3018 rimn
2387 2962 2442 3018 id
2474 2963 2772 3034 opinemur
2827 2961 3056 3027 factum,
3110 2960 3317 3029 subigit
3374 2957 3496 3027 ipse
3555 2956 3767 3024 Pachy-

2185 3068 2387 3121 tneres,
2438 3056 2532 3122 qui
2573 3070 2698 3109 cum
2735 3054 2899 3109 modo
2926 3053 3149 3109 laudato
3200 3068 3251 3107 c.
3288 3051 3376 3114 10,
3422 3049 3460 3103 l.
3508 3064 3597 3115 ιιι,
3628 3048 3767 3102 srri-

2186 3147 2363 3218 pserit
2419 3147 2686 3203 Joannem
2734 3145 3014 3201 Theodori
3061 3144 3411 3216 imperatoris
3466 3143 3767 3202 lneredem,

502 3236 732 3292 Julianzc
760 3238 924 3302 5975,
945 3239 1266 3294 indictionis
1296 3256 1588 3296 numerum
1612 3242 1808 3297 habuit
1830 3244 2079 3309 tertium,
2107 3275 2154 3338 ο
2186 3240 2408 3312 quando
2441 3250 2746 3296 excmcatus
2794 3249 2912 3305 est,
2947 3240 3118 3294 fuisse
3174 3239 3387 3293 παιδίον
3434 3237 3654 3291 ἁπαλὸν
3681 3236 3768 3289 καὶ

503 3331 602 3385 sed
626 3347 654 3385 a
689 3331 1005 3400 Septembri
1034 3332 1300 3387 duntaxat
1330 3333 1731 3390 inchoandum.
1752 3334 1911 3391 Unde
1933 3343 2080 3390 recte

2192 3334 2358 3404 μηδὲν
2376 3333 2469 3389 ἔτι
2498 3335 2686 3405 σχεδον
2708 3334 2908 3395 τελέως
2938 3336 2971 3403 ἦ
2998 3334 3058 3387 τὸ
3084 3335 3296 3405 χαῖρειν
3337 3333 3448 3404 ἢτδ
3475 3331 3766 3384 λυπεῖσθαι

503 3425 761 3477 convenit
802 3423 947 3493 quod
981 3424 1203 3495 scripsit
1237 3434 1429 3480 noster
1465 3409 1788 3493 historicus,
1825 3427 2088 3483 indictio-

503 3529 630 3568 netn
664 3528 795 3570 tunc
822 3516 1003 3572 adhuc
1032 3516 1328 3573 secundam
1358 3520 1693 3576 cucurrisse.

576 3605 666 3661 lll.
724 3607 853 3663 Post
910 3620 1237 3665 coronatum
1292 3611 1679 3683 Palzeologum,
1713 3614 1808 3685 qui
1847 3620 2086 3676 maxime

506 3697 743 3755 illustris
795 3710 1027 3757 eventus
1079 3703 1332 3774 contigit,
1367 3702 1475 3760 fuit
1529 3710 1880 3777 recuperatio
1920 3713 2088 3783 regiae

505 3790 664 3845 urbis
723 3789 934 3845 dudum
1000 3803 1282 3864 occupata:
1365 3794 1700 3868 insessaque
1764 3815 1794 3853 a
1848 3800 2085 3860 Latinis.

410 3893 425 3900 “
506 3879 688 3946 Quare
725 3880 887 3952 digna
925 3891 1012 3937 est
1065 3899 1155 3939 res
1192 3885 1353 3956 cujus
1386 3897 1618 3957 patrata:
1661 3899 1879 3960 tempus
1920 3895 2087 3964 paulo

508 3971 830 4042 diligentius
863 3975 1204 4044 exploretur.
1256 3978 1456 4034 Narrat
1501 3981 1650 4036 illam
1702 3993 1894 4039 noster
1937 3986 1975 4041 l.
2023 4003 2086 4055 ιι,

513 4082 566 4120 c.
586 4066 820 4131 ‘26—‘28,
839 4083 951 4136 prae
983 4071 1204 4125 cunctis
1231 4071 1354 4126 aliis
1386 4072 1443 4127 in
1476 4073 1583 4128 isto
1609 4086 1935 4145 argumento
1963 4094 2088 4133 ver-

509 4160 644 4214 satis
665 4161 889 4230 eopiose
914 4177 978 4216 ac
1003 4162 1316 4234 diligenter.
1365 4167 1442 4221 De
1490 4175 1735 4238 tempore
1766 4170 1882 4225 hate
1908 4171 2088 4226 solum

512 4251 680 4306 tradit
725 4252 829 4307 sub
891 4253 1056 4309 linem
1093 4270 1145 4310 c.
1177 4256 1271 4323 27,
1312 4268 1528 4328 captam
1577 4261 1771 4316 urbem
1807 4279 1837 4318 a
1877 4262 2089 4319 Caesare

508 4344 701 4399 Alexio
735 4344 1120 4416 Stratcgopulo
1144 4348 1235 4404 die
1270 4363 1473 4407 sanctae
1516 4353 1690 4408 Annae
1735 4358 1927 4413 matris
1967 4357 2092 4412 Dei-

509 4450 657 4505 para:
688 4451 845 4490 sacra
873 4437 1067 4507 quinta
1111 4448 1169 4493 et
1221 4441 1483 4498 vicesima
1512 4446 1720 4502 mensis
1749 4447 1881 4503 Julii
1908 4464 1923 4514 ;
1963 4464 2088 4504 nam

509 4543 579 4583 eo
633 4528 722 4584 die
770 4529 944 4585 Graeci
996 4531 1052 4587 S.
1110 4533 1284 4590 Anna
1337 4538 1682 4603 memoriam,
1716 4541 1897 4610 pridie
1927 4558 2089 4612 quam

2191 3426 2382 3498 μαθὸν,
2426 3428 2521 3481 καί
2576 3428 2630 3495 γ’
2685 3429 2743 3481 ἐν
2786 3428 2885 3498 ἴσῳ
2940 3428 3223 3497 τιθέμενον
3265 3428 3326 3481 τό
3372 3426 3418 3480 τ’
3450 3427 3648 3497 ἄρχειν
3682 3426 3768 3478 καὶ

2188 3518 2496 3590 ἄρχεσθαι,
2550 3529 2609 3574 et
2658 3520 2825 3589 paulo
2869 3519 3102 3575 inferius
3147 3520 3241 3573 τοῦ
3292 3518 3528 3590 βρέφους
3574 3518 3769 3587 μικρξν

2190 3611 2575 3682 ὑπερϐεϐηκὸς
2606 3613 2840 3666 παιδίον.
2884 3611 3003 3667 Jam
3054 3622 3237 3668 tamen
3271 3612 3313 3669 1.
3347 3628 3384 3677 t,
3420 3629 3472 3668 c.
3507 3612 3600 3676 l3,
3626 3610 3753 3666 alﬁr-

2189 3712 2440 3759 maverat
2473 3703 2730 3759 eumdem
2754 3743 2769 3768 ,
2799 3718 2925 3759 cum
2954 3712 3039 3759 est
3067 3704 3190 3772 ejus
3236 3713 3394 3772 pater
3438 3701 3769 3758 Theodorus

2191 3804 2467 3862 mortuus,
2499 3794 2671 3851 fuisse
2724 3811 3058 3851 novennem.
3113 3794 3254 3851 Huic
3314 3795 3464 3850 enim
3524 3795 3675 3851 a'tati
3726 3796 3767 3849 si

2192 3897 2309 3945 tres
2334 3899 2641 3960 quatuorve
2673 3891 2803 3946 anni
2833 3891 3182 3955 accederent,
3226 3891 3365 3962 jam‘
3389 3891 3436 3947 is
3466 3906 3647 3961 prope
3676 3907 3768 3961 pu-

2191 3984 2460 4039 bertatem
2506 3985 2801 4057 attigisset.
2858 3987 3085 4057 quando
3142 3995 3227 4041 est
3277 3995 3614 4048 excaecatus,
3676 3999 3769 4039 nec

2193 4094 2325 4134 sane
2352 4078 2460 4133 dici
2491 4091 2677 4150 posset
2710 4082 2977 4149 puerulus
3011 4079 3233 4150 paulum
3272 4079 3438 4133 modo
3480 4079 3766 4133 infantiam

2192 4172 2468 4227 excedens
2524 4189 2537 4226 :
2581 4183 2637 4227 et
2688 4172 2996 4243 imperandi
3048 4189 3111 4229 ac
3168 4171 3436 4242 parendi,
3492 4170 3766 4243 gaudendi

2193 4263 2527 4334 dolendique
2552 4265 2851 4320 discrimen
2885 4267 3165 4336 ignorans.
3198 4266 3313 4320 lmo
3348 4266 3393 4321 si
3431 4275 3583 4320 recte
3609 4266 3769 4319 ratio-

2192 4373 2293 4412 nes
2334 4357 2628 4428 ponimus,
2665 4372 3157 4429 quantumcunque
3204 4359 3527 4413 festinemus
3578 4358 3634 4412 in
3687 4374 3768 4412 rc-

2193 4451 2580 4521 przesentando
2627 4451 2840 4506 crudeli
2902 4446 3046 4523 ‘regii
3089 4450 3250 4521 pueri
3304 4449 3630 4519 supplicio,
3684 4450 3767 4502 vix

2198 4543 2507 4614 poterimus
2546 4543 2767 4613 assequi
2816 4552 2878 4597 ut
2928 4544 3230 4599 verisimile
3278 4542 3578 4597 reddamus
3627 4541 3768 4613 quod

512 4619 697 4674 Latini
729 4621 966 4688 soleant,
998 4625 1212 4682 colunt.
1245 4628 1468 4683 Annum
1516 4631 1784 4700 exprimit
1817 4632 2091 4701 Georgius
2123 4634 2166 4691 D
2197 4635 2264 4689 de
2324 4645 2431 4689 tam
2486 4636 2781 4691 immatura
2838 4635 3211 4690 teneritudine
3261 4636 3479 4706 pueruli
3506 4674 3521 4697 ,
3556 4635 3770 4704 quando

511 4715 853 4785 Acropolita,
909 4718 1069 4788 cujus
1124 4722 1181 4777 in
1233 4722 1338 4778 hoc
1385 4734 1584 4780 eventu
1629 4727 1791 4781 linem
1844 4727 2088 4783 historia:

511 4823 626 4862 suae
669 4808 963 4879 deﬁgentis
1010 4813 1190 4879 verba
1249 4816 1363 4871 haec
1421 4816 1681 4887 leguntur
1738 4834 1792 4888 p.
1851 4821 1952 4875 100
1994 4821 2085 4875 ed.

513 4899 647 4969 Reg.
684 4918 698 4954 :
738 4903 843 4954 Καὶ
892 4905 924 4973 ἡ
973 4905 1389 4961 Κωνσταπίνου
1450 4910 1680 4982 προνοίᾳ
1718 4911 1872 4967 θεοῦ
1930 4913 2089 4978 αὖθις

513 4993 620 5046 ὑπ’,
646 4997 801 5064 χεῖρα
822 4996 915 5048 τοῦ
950 4997 1218 5067 βασιλέως
1250 5000 1358 5054 τῶν
1388 5000 1680 5072 Ῥωμαίῳν
1703 5005 1922 5073 ἐγένετο
1946 5010 2093 5061 κατὰ

512 5086 671 5153 λόγον
712 5088 925 5142 δίκαιον
967 5108 1029 5143 τε
1068 5094 1162 5144 καὶ
1192 5094 1539 5163 προσήκοντα
1576 5095 1793 5150 Ἰουλίου
1836 5098 2091 5166 εἰκοστὴν

514 5180 611 5230 καὶ
640 5176 901 5249 πέμπτην
934 5182 1187 5250 ἄγοντος,
1243 5184 1411 5256 οὔσης
1464 5188 1845 5257 ἑπινεμήσεως
1899 5192 2089 5259 τετάρ-

514 5288 634 5339 της,
666 5272 763 5324 καὶ
808 5274 917 5327 ἀπὸ
944 5277 1215 5343 γενέσεως
1256 5278 1464 5351 κόσμοι)
1512 5278 1669 5338 ἔτους
1703 5279 1859 5343 ὄντος
1892 5281 2091 5351 ,ςψξθ’,

516 5366 621 5416 ὑπὸ
667 5365 777 5417 τῶν
826 5367 1036 5436 ἐχθρῶν
1089 5348 1447 5439 κρατουμένῆ
1487 5372 1715 5442 χρόνονς
1753 5376 2094 5438 πεντήκοντα

516 5460 612 5509 καὶ
644 5457 789 5511 ὀκτώ
809 5475 824 5492 ·
858 5459 925 5512 Et
953 5458 1443 5531 Constantinopolis
1482 5465 1813 5533 providentia
1848 5465 1945 5518 Dei
1975 5482 2095 5518 rur-

518 5566 607 5603 sus
639 5552 735 5605 sub
794 5570 955 5607 manu
990 5555 1335 5624 imperatoris
1379 5555 1743 5612 Romanorum
1782 5556 1903 5628 fuit,
1938 5568 2097 5629 prout

522 5641 682 5713 723
736 5645 946 5714 justum
998 5654 1048 5699 et
1090 5650 1398 5702 conveniens
1438 5658 1575 5712 erat,
1621 5649 1755 5704 Julii
1795 5654 1988 5706 mensis
2012 5653 2098 5706 die

523 5738 705 5806 quinto
745 5747 794 5791 et
848 5741 1110 5806 vicesimo,
1140 5742 1426 5797 indictione
1459 5755 1678 5813 quarta,
1712 5762 1853 5800 anno
1884 5747 1945 5800 ab
1978 5748 2099 5800 orbe

525 5829 731 5883 condito
768 5830 929 5894 67M),
966 5845 1241 5903 postquam
1273 5837 1326 5889 in
1370 5845 1623 5905 potestate
1651 5840 1875 5892 hostium
1914 5839 2099 5909 fuisset

524 5921 681 5975 armis
728 5926 1116 5993 quinquaginta
1164 5939 1296 5983 orto.
1330 5930 1419 5983 Sic
1459 5929 1791 5995 Arropolita,
1835 5941 2093 5986 accurato

2192 4738 2281 4783 est
2338 4737 2650 4783 excaecatus
2682 4769 2698 4795 ,
2764 4729 3067 4784 aliirmatur
3119 4746 3150 4784 a
3202 4739 3414 4785 nostro.
3479 4728 3770 4793 Fingamus

2191 4820 2340 4875 enim
2369 4822 2456 4877 vel
2491 4823 2674 4893 primo
2712 4823 2833 4892 ipso
2866 4822 2951 4876 sui
2978 4822 3326 4892 principatus
3347 4838 3495 4876 anno
3528 4824 3768 4876 saevitum

2195 4922 2305 4966 tam
2351 4915 2618 4970 atrociter
2652 4930 2683 4968 a
2723 4914 2990 4970 Michaele
3033 4914 3340 4985 Paiaeoiogo
3398 4915 3453 4968 in
3506 4915 3768 4986 pupillum

2195 5004 2502 5060 insontem.
2525 5004 2660 5061 Cum
2685 5006 2730 5060 is
2756 5018 2957 5071 annus,
2988 5014 3047 5057 ut
3067 5005 3329 5070 diximus,
3362 5004 3539 5059 fuerit
3566 5004 3767 5060 Christi

2199 5098 2362 5163 l260,
2400 5098 2445 5151 si
2482 5097 2592 5167 jam
2626 5108 2762 5161 tum,
2792 5096 3017 5167 quando
3063 5096 3385 5150 Theodorus
3415 5097 3649 5151 Joannis
3681 5113 3768 5166 pu-

2194 5188 2313 5258 piili
2344 5198 2499 5257 pater
2530 5189 2778 5255 Augusto
2812 5204 3002 5243 mense
3035 5189 3164 5241 anni
3198 5188 3341 5243 ’1259
3371 5189 3559 5244 vivere
3590 5190 3765 5255 desiit,

2197 5280 2313 5349 ipse
2357 5282 2466 5350 jam
2502 5282 2774 5336 novennis
2803 5281 3008 5346 fuerat,
3060 5292 3121 5336 ut
3148 5281 3523 5352 Pachymeres
3554 5285 3767 5344 asserit.

2196 5374 2393 5442 utique
2423 5372 2496 5427 25
2541 5373 2866 5429 Decembris
2896 5373 2984 5428 die
3019 5373 3148 5428 anni
3183 5374 3344 5439 l260,
3376 5385 3534 5430 sexto
3562 5376 3769 5431 decimo

2198 5465 2465 5520 videlicet
2490 5475 2613 5535 post
2647 5480 2855 5531 mense,
2897 5465 3246 5521 undecennis
3276 5467 3445 5522 fuisse
3485 5467 3767 5531 debuerat,

2200 5560 2361 5626 cujus
2393 5557 2571 5611 artatis
2600 5557 2779 5627 pueri,
2814 5558 3118 5626 praesertim
3170 5558 3388 5614 educati
3431 5560 3602 5631 regie,
3630 5559 3767 5614 haud

2202 5653 2382 5707 solent
2414 5650 2578 5723 724
2612 5650 2887 5721 gaudendi
2920 5651 3257 5721 dolendique
3288 5652 3543 5722 ignorare
3577 5653 3768 5708 discri-

2204 5757 2352 5797 men.
2388 5744 2515 5797 Hmc
2560 5742 2695 5796 mihi
2728 5744 2894 5798 caiisa
2937 5743 3202 5813 opinandi
3240 5753 3324 5798 est
3362 5760 3559 5814 parum
3587 5754 3769 5799 exacte

2205 5834 2480 5904 proditam
2541 5851 2569 5887 a
2620 5834 2953 5906 Pachymere
2990 5836 3219 5891 Joannis
3270 5837 3423 5905 pueri
3471 5845 3684 5891 :etatem
3716 5836 3767 5889 i'n

2207 5926 2383 6001 patris
2411 5934 2604 5982 morte.
2636 5926 2935 5996 l'miusquc
2970 5927 3244 5982 assentior
3273 5927 3511 5999 Georgio
3533 5929 3766 5997 Acropo-
