  <div class='ocr_page' id='page_1' title='image "/cluster/home/n/w/nwhite01/storage/ocr_20150623/143/hvd.32044019208321/638.png"; bbox 0 0 4016 6522; ppageno 0'>
   <div class='ocr_carea' id='block_1_1' title="bbox 295 465 430 524">
    <p class='ocr_par' dir='ltr' id='par_1_1' title="bbox 295 465 430 524">
     <span class='ocr_line' id='line_1_1' title="bbox 295 465 430 524; baseline -0.015 0"><span class='ocrx_word' id='word_1_1' title='bbox 295 465 430 524; x_wconf 84' lang='grc'><strong>1181</strong></span> 
     </span>
    </p>
   </div>
   <div class='ocr_carea' id='block_1_2' title="bbox 1600 444 2261 507">
    <p class='ocr_par' dir='ltr' id='par_1_2' title="bbox 1600 444 2261 507">
     <span class='ocr_line' id='line_1_2' title="bbox 1600 444 2261 507; baseline -0.005 0"><span class='ocrx_word' id='word_1_2' title='bbox 1600 444 2261 507; x_wconf 74' lang='lat' dir='ltr'><strong>CHRONOLOGICUS.</strong></span> 
     </span>
    </p>
   </div>
   <div class='ocr_carea' id='block_1_3' title="bbox 3413 429 3546 492">
    <p class='ocr_par' dir='ltr' id='par_1_3' title="bbox 3413 429 3546 492">
     <span class='ocr_line' id='line_1_3' title="bbox 3413 429 3546 492; baseline 0.008 -4"><span class='ocrx_word' id='word_1_3' title='bbox 3413 429 3546 492; x_wconf 71' lang='lat'><strong>1182</strong></span> 
     </span>
    </p>
   </div>
   <div class='ocr_carea' id='block_1_4' title="bbox 295 543 3546 644">
    <p class='ocr_par' dir='ltr' id='par_1_4' title="bbox 295 543 3546 644">
     <span class='ocr_line' id='line_1_4' title="bbox 295 543 3546 644; baseline -0.011 -13"><span class='ocrx_word' id='word_1_4' title='bbox 295 577 430 638; x_wconf 54' lang='lat' dir='ltr'><strong>litat,</strong></span> <span class='ocrx_word' id='word_1_5' title='bbox 463 573 555 644; x_wconf 87' lang='lat' dir='ltr'><strong>qui</strong></span> <span class='ocrx_word' id='word_1_6' title='bbox 581 587 633 626; x_wconf 90' lang='lat' dir='ltr'><strong>c.</strong></span> <span class='ocrx_word' id='word_1_7' title='bbox 665 570 734 625; x_wconf 80' lang='lat'><strong>75</strong></span> <span class='ocrx_word' id='word_1_8' title='bbox 750 579 861 624; x_wconf 59' lang='lat' dir='ltr'><strong>sua;</strong></span> <span class='ocrx_word' id='word_1_9' title='bbox 884 565 1152 628; x_wconf 72' lang='lat' dir='ltr'><strong>Historia’,</strong></span> <span class='ocrx_word' id='word_1_10' title='bbox 1175 562 1348 616; x_wconf 87' lang='lat' dir='ltr'><strong>relata</strong></span> <span class='ocrx_word' id='word_1_11' title='bbox 1374 569 1549 614; x_wconf 90' lang='lat' dir='ltr'><strong>morte</strong></span> <span class='ocrx_word' id='word_1_12' title='bbox 1573 558 1870 619; x_wconf 88' lang='lat' dir='ltr'><strong>Theodori,</strong></span> <span class='ocrx_word' id='word_1_13' title='bbox 1906 569 1947 624; x_wconf 82' lang='grc' dir='ltr'>Α</span> <span class='ocrx_word' id='word_1_14' title='bbox 1981 573 2104 610; x_wconf 88' lang='lat' dir='ltr'><strong>nem</strong></span> <span class='ocrx_word' id='word_1_15' title='bbox 2143 556 2262 624; x_wconf 87' lang='lat' dir='ltr'><strong>ejus</strong></span> <span class='ocrx_word' id='word_1_16' title='bbox 2298 562 2508 622; x_wconf 85' lang='lat' dir='ltr'><strong>patrem</strong></span> <span class='ocrx_word' id='word_1_17' title='bbox 2564 549 2806 603; x_wconf 90' lang='lat' dir='ltr'><strong>moriens</strong></span> <span class='ocrx_word' id='word_1_18' title='bbox 2856 546 3153 613; x_wconf 85' lang='lat' dir='ltr'><strong>reliquerat</strong></span> <span class='ocrx_word' id='word_1_19' title='bbox 3186 543 3434 596; x_wconf 90' lang='lat' dir='ltr'><strong>viduam.</strong></span> <span class='ocrx_word' id='word_1_20' title='bbox 3471 543 3546 596; x_wconf 82' lang='lat' dir='ltr'><strong>Ac</strong></span> 
     </span>
    </p>
   </div>
   <div class='ocr_carea' id='block_1_5' title="bbox 300 650 1868 736">
    <p class='ocr_par' dir='ltr' id='par_1_5' title="bbox 300 650 1868 736">
     <span class='ocr_line' id='line_1_5' title="bbox 300 650 1868 736; baseline -0.015 -12"><span class='ocrx_word' id='word_1_21' title='bbox 300 671 372 724; x_wconf 91' lang='lat' dir='ltr'><strong>de</strong></span> <span class='ocrx_word' id='word_1_22' title='bbox 401 669 510 722; x_wconf 91' lang='lat' dir='ltr'><strong>hoc</strong></span> <span class='ocrx_word' id='word_1_23' title='bbox 545 667 666 736; x_wconf 85' lang='lat' dir='ltr'><strong>ejus</strong></span> <span class='ocrx_word' id='word_1_24' title='bbox 701 663 812 717; x_wconf 86' lang='lat' dir='ltr'><strong>ﬁlio</strong></span> <span class='ocrx_word' id='word_1_25' title='bbox 854 661 934 718; x_wconf 86' lang='lat' dir='ltr'><strong>sic</strong></span> <span class='ocrx_word' id='word_1_26' title='bbox 974 656 1165 712; x_wconf 78' lang='lat' dir='ltr'><strong>scribit.</strong></span> <span class='ocrx_word' id='word_1_27' title='bbox 1197 668 1211 706; x_wconf 90' lang='lat'><strong>:</strong></span> <span class='ocrx_word' id='word_1_28' title='bbox 1259 655 1318 707; x_wconf 89' lang='lat'><strong>&#39;0</strong></span> <span class='ocrx_word' id='word_1_29' title='bbox 1363 653 1462 723; x_wconf 78' lang='grc' dir='ltr'><strong>μὲν</strong></span> <span class='ocrx_word' id='word_1_30' title='bbox 1500 652 1614 714; x_wconf 74' lang='grc' dir='ltr'><strong>υἱὸς</strong></span> <span class='ocrx_word' id='word_1_31' title='bbox 1646 651 1740 704; x_wconf 83' lang='grc' dir='ltr'><strong>τοῦ</strong></span> <span class='ocrx_word' id='word_1_32' title='bbox 1775 650 1868 720; x_wconf 80' lang='grc' dir='ltr'><strong>βα-</strong></span> 
     </span>
    </p>
   </div>
   <div class='ocr_carea' id='block_1_6' title="bbox 299 743 1872 826">
    <p class='ocr_par' dir='ltr' id='par_1_6' title="bbox 299 743 1872 826">
     <span class='ocr_line' id='line_1_6' title="bbox 299 743 1872 826; baseline -0.012 -14"><span class='ocrx_word' id='word_1_33' title='bbox 299 760 504 822; x_wconf 84' lang='grc' dir='ltr'>σιλέως</span> <span class='ocrx_word' id='word_1_34' title='bbox 538 757 820 826; x_wconf 77' lang='grc' dir='ltr'><strong>θεοδώρου</strong></span> <span class='ocrx_word' id='word_1_35' title='bbox 865 755 892 806; x_wconf 84' lang='grc' dir='ltr'>ὁ</span> <span class='ocrx_word' id='word_1_36' title='bbox 947 751 1202 817; x_wconf 84' lang='grc' dir='ltr'><strong>Ἰωάννης</strong></span> <span class='ocrx_word' id='word_1_37' title='bbox 1234 745 1377 799; x_wconf 84' lang='grc' dir='ltr'>πάνυ</span> <span class='ocrx_word' id='word_1_38' title='bbox 1401 743 1601 814; x_wconf 80' lang='grc' dir='ltr'><strong>ἀφῆλιξ</strong></span> <span class='ocrx_word' id='word_1_39' title='bbox 1642 743 1872 812; x_wconf 71' lang='grc' dir='ltr'><strong>ἐτύγχα-</strong></span> 
     </span>
    </p>
   </div>
   <div class='ocr_carea' id='block_1_7' title="bbox 298 835 1872 916">
    <p class='ocr_par' dir='ltr' id='par_1_7' title="bbox 298 835 1872 916">
     <span class='ocr_line' id='line_1_7' title="bbox 298 835 1872 916; baseline -0.013 -10"><span class='ocrx_word' id='word_1_40' title='bbox 298 870 392 906; x_wconf 88' lang='grc' dir='ltr'><strong>νεν</strong></span> <span class='ocrx_word' id='word_1_41' title='bbox 455 851 530 903; x_wconf 82' lang='grc' dir='ltr'><strong>ὢν</strong></span> <span class='ocrx_word' id='word_1_42' title='bbox 580 851 640 904; x_wconf 81' lang='grc' dir='ltr'><strong>ὲν</strong></span> <span class='ocrx_word' id='word_1_43' title='bbox 689 846 769 916; x_wconf 84' lang='grc' dir='ltr'><strong>τῷ</strong></span> <span class='ocrx_word' id='word_1_44' title='bbox 810 842 988 912; x_wconf 73' lang='grc' dir='ltr'>καιρῷ</span> <span class='ocrx_word' id='word_1_45' title='bbox 1021 841 1122 912; x_wconf 79' lang='grc' dir='ltr'><strong>τῆς</strong></span> <span class='ocrx_word' id='word_1_46' title='bbox 1159 839 1418 907; x_wconf 78' lang='grc' dir='ltr'><strong>τελευτῆς</strong></span> <span class='ocrx_word' id='word_1_47' title='bbox 1459 837 1554 891; x_wconf 79' lang='grc' dir='ltr'><strong>τοῦ</strong></span> <span class='ocrx_word' id='word_1_48' title='bbox 1609 835 1872 904; x_wconf 79' lang='grc' dir='ltr'><strong>βασιλέως</strong></span> 
     </span>
    </p>
   </div>
   <div class='ocr_carea' id='block_1_8' title="bbox 300 925 1874 1010">
    <p class='ocr_par' dir='ltr' id='par_1_8' title="bbox 300 925 1874 1010">
     <span class='ocr_line' id='line_1_8' title="bbox 300 925 1874 1010; baseline -0.015 -14"><span class='ocrx_word' id='word_1_49' title='bbox 300 943 402 996; x_wconf 72' lang='grc' dir='ltr'><strong>καὶ</strong></span> <span class='ocrx_word' id='word_1_50' title='bbox 439 939 683 1010; x_wconf 77' lang='grc' dir='ltr'><strong>πατρόςο</strong></span> <span class='ocrx_word' id='word_1_51' title='bbox 715 937 869 990; x_wconf 73' lang='grc' dir='ltr'><strong>οὔπω</strong></span> <span class='ocrx_word' id='word_1_52' title='bbox 918 933 1029 1002; x_wconf 85' lang='grc' dir='ltr'><strong>γὰρ</strong></span> <span class='ocrx_word' id='word_1_53' title='bbox 1051 932 1272 985; x_wconf 81' lang='grc' dir='ltr'><strong>τελείων</strong></span> <span class='ocrx_word' id='word_1_54' title='bbox 1320 926 1586 1010; x_wconf 72' lang='grc' dir='ltr'><strong>ὲνιαυτῷν</strong></span> <span class='ocrx_word' id='word_1_55' title='bbox 1627 925 1874 994; x_wconf 80' lang='grc' dir='ltr'>ὑπῆρχεν</span> 
     </span>
    </p>
   </div>
   <div class='ocr_carea' id='block_1_9' title="bbox 303 1001 1877 1097">
    <p class='ocr_par' dir='ltr' id='par_1_9' title="bbox 303 1001 1877 1097">
     <span class='ocr_line' id='line_1_9' title="bbox 303 1001 1877 1097; baseline -0.014 -10"><span class='ocrx_word' id='word_1_56' title='bbox 303 1032 485 1087; x_wconf 80' lang='grc' dir='ltr'><strong>ὀκτώ·</strong></span> <span class='ocrx_word' id='word_1_57' title='bbox 519 1001 596 1085; x_wconf 47' lang='grc' dir='ltr'><strong>Α“σ</strong></span> <span class='ocrx_word' id='word_1_58' title='bbox 620 1029 763 1097; x_wconf 79' lang='lat' dir='ltr'><strong>ﬁlius</strong></span> <span class='ocrx_word' id='word_1_59' title='bbox 806 1027 1017 1097; x_wconf 85' lang='lat' dir='ltr'><strong>quidem</strong></span> <span class='ocrx_word' id='word_1_60' title='bbox 1036 1023 1374 1093; x_wconf 76' lang='lat' dir='ltr'><strong>imperatoris</strong></span> <span class='ocrx_word' id='word_1_61' title='bbox 1423 1001 1679 1073; x_wconf 77' lang='lat' dir='ltr'><strong>Theodori</strong></span> <span class='ocrx_word' id='word_1_62' title='bbox 1703 1015 1877 1070; x_wconf 81' lang='lat' dir='ltr'><strong>Joan-</strong></span> 
     </span>
    </p>
   </div>
   <div class='ocr_carea' id='block_1_10' title="bbox 305 1109 1878 1187">
    <p class='ocr_par' dir='ltr' id='par_1_10' title="bbox 305 1109 1878 1187">
     <span class='ocr_line' id='line_1_10' title="bbox 305 1109 1878 1187; baseline -0.015 -6"><span class='ocrx_word' id='word_1_63' title='bbox 305 1144 397 1182; x_wconf 79' lang='lat' dir='ltr'><strong>nes</strong></span> <span class='ocrx_word' id='word_1_64' title='bbox 427 1125 581 1180; x_wconf 78' lang='lat' dir='ltr'><strong>valde</strong></span> <span class='ocrx_word' id='word_1_65' title='bbox 609 1125 914 1176; x_wconf 76' lang='lat' dir='ltr'><strong>immatura:</strong></span> <span class='ocrx_word' id='word_1_66' title='bbox 959 1117 1058 1187; x_wconf 80' lang='lat' dir='ltr'><strong>{uit</strong></span> <span class='ocrx_word' id='word_1_67' title='bbox 1093 1115 1290 1178; x_wconf 64' lang='lat' dir='ltr'><strong>atatis,</strong></span> <span class='ocrx_word' id='word_1_68' title='bbox 1335 1109 1550 1182; x_wconf 87' lang='lat' dir='ltr'><strong>quando</strong></span> <span class='ocrx_word' id='word_1_69' title='bbox 1587 1109 1878 1177; x_wconf 70' lang='lat' dir='ltr'><strong>imperator</strong></span> 
     </span>
    </p>
   </div>
   <div class='ocr_carea' id='block_1_11' title="bbox 305 1199 1876 1288">
    <p class='ocr_par' dir='ltr' id='par_1_11' title="bbox 305 1199 1876 1288">
     <span class='ocr_line' id='line_1_11' title="bbox 305 1199 1876 1288; baseline -0.014 -17"><span class='ocrx_word' id='word_1_70' title='bbox 305 1219 426 1288; x_wconf 73' lang='lat' dir='ltr'><strong>ejus</strong></span> <span class='ocrx_word' id='word_1_71' title='bbox 467 1224 618 1286; x_wconf 86' lang='lat' dir='ltr'><strong>pater</strong></span> <span class='ocrx_word' id='word_1_72' title='bbox 668 1223 742 1267; x_wconf 78' lang='lat' dir='ltr'><strong>est</strong></span> <span class='ocrx_word' id='word_1_73' title='bbox 801 1217 1042 1264; x_wconf 79' lang='lat' dir='ltr'><strong>mortuus</strong></span> <span class='ocrx_word' id='word_1_74' title='bbox 1071 1225 1096 1264; x_wconf 64' lang='grc' dir='ltr'><strong>Δε</strong></span> <span class='ocrx_word' id='word_1_75' title='bbox 1131 1221 1334 1261; x_wconf 83' lang='lat' dir='ltr'><strong>annum</strong></span> <span class='ocrx_word' id='word_1_76' title='bbox 1389 1202 1577 1273; x_wconf 81' lang='lat' dir='ltr'><strong>quippe</strong></span> <span class='ocrx_word' id='word_1_77' title='bbox 1643 1199 1876 1252; x_wconf 83' lang='lat' dir='ltr'><strong>nondum</strong></span> 
     </span>
    </p>
   </div>
   <div class='ocr_carea' id='block_1_12' title="bbox 303 1289 1876 1376">
    <p class='ocr_par' dir='ltr' id='par_1_12' title="bbox 303 1289 1876 1376">
     <span class='ocr_line' id='line_1_12' title="bbox 303 1289 1876 1376; baseline -0.014 -13"><span class='ocrx_word' id='word_1_78' title='bbox 303 1319 548 1363; x_wconf 83' lang='lat' dir='ltr'><strong>octavum</strong></span> <span class='ocrx_word' id='word_1_79' title='bbox 571 1304 903 1376; x_wconf 71' lang='lat' dir='ltr'><strong>impleverat.</strong></span> <span class='ocrx_word' id='word_1_80' title='bbox 937 1301 1012 1354; x_wconf 91' lang='lat' dir='ltr'><strong>Ita</strong></span> <span class='ocrx_word' id='word_1_81' title='bbox 1031 1299 1142 1355; x_wconf 91' lang='lat' dir='ltr'><strong>ille.</strong></span> <span class='ocrx_word' id='word_1_82' title='bbox 1167 1297 1282 1352; x_wconf 83' lang='lat' dir='ltr'><strong>Hoc</strong></span> <span class='ocrx_word' id='word_1_83' title='bbox 1305 1293 1530 1350; x_wconf 85' lang='lat' dir='ltr'><strong>omnino</strong></span> <span class='ocrx_word' id='word_1_84' title='bbox 1555 1289 1876 1346; x_wconf 90' lang='lat' dir='ltr'><strong>tenendum.</strong></span> 
     </span>
    </p>
   </div>
   <div class='ocr_carea' id='block_1_13' title="bbox 295 1382 1877 1468">
    <p class='ocr_par' dir='ltr' id='par_1_13' title="bbox 295 1382 1877 1468">
     <span class='ocr_line' id='line_1_13' title="bbox 295 1382 1877 1468; baseline -0.015 -11"><span class='ocrx_word' id='word_1_85' title='bbox 295 1401 534 1458; x_wconf 90' lang='lat' dir='ltr'><strong>Certum</strong></span> <span class='ocrx_word' id='word_1_86' title='bbox 574 1411 740 1468; x_wconf 90' lang='lat' dir='ltr'><strong>porro</strong></span> <span class='ocrx_word' id='word_1_87' title='bbox 765 1403 850 1450; x_wconf 82' lang='lat' dir='ltr'><strong>est</strong></span> <span class='ocrx_word' id='word_1_88' title='bbox 881 1402 1007 1446; x_wconf 89' lang='lat' dir='ltr'><strong>ante</strong></span> <span class='ocrx_word' id='word_1_89' title='bbox 1039 1400 1316 1459; x_wconf 75' lang='lat' dir='ltr'><strong>receptam</strong></span> <span class='ocrx_word' id='word_1_90' title='bbox 1340 1382 1877 1451; x_wconf 80' lang='lat' dir='ltr'><strong>Constantinopolim</strong></span> 
     </span>
    </p>
   </div>
   <div class='ocr_carea' id='block_1_14' title="bbox 303 1477 1878 1550">
    <p class='ocr_par' dir='ltr' id='par_1_14' title="bbox 303 1477 1878 1550">
     <span class='ocr_line' id='line_1_14' title="bbox 303 1477 1878 1550; baseline -0.015 -1"><span class='ocrx_word' id='word_1_91' title='bbox 303 1505 362 1548; x_wconf 90' lang='lat' dir='ltr'><strong>et</strong></span> <span class='ocrx_word' id='word_1_92' title='bbox 400 1493 705 1548; x_wconf 86' lang='lat' dir='ltr'><strong>solemnem</strong></span> <span class='ocrx_word' id='word_1_93' title='bbox 747 1485 1026 1542; x_wconf 83' lang='lat' dir='ltr'><strong>Michaelis</strong></span> <span class='ocrx_word' id='word_1_94' title='bbox 1076 1480 1362 1550; x_wconf 69' lang='lat' dir='ltr'><strong>Palaeologi</strong></span> <span class='ocrx_word' id='word_1_95' title='bbox 1393 1478 1620 1548; x_wconf 76' lang='lat' dir='ltr'><strong>Augusti</strong></span> <span class='ocrx_word' id='word_1_96' title='bbox 1666 1477 1722 1530; x_wconf 92' lang='lat' dir='ltr'><strong>in</strong></span> <span class='ocrx_word' id='word_1_97' title='bbox 1757 1488 1878 1528; x_wconf 87' lang='lat' dir='ltr'><strong>eam</strong></span> 
     </span>
    </p>
   </div>
   <div class='ocr_carea' id='block_1_15' title="bbox 305 1563 1874 1654">
    <p class='ocr_par' dir='ltr' id='par_1_15' title="bbox 305 1563 1874 1654">
     <span class='ocr_line' id='line_1_15' title="bbox 305 1563 1874 1654; baseline -0.015 -14"><span class='ocrx_word' id='word_1_98' title='bbox 305 1587 640 1654; x_wconf 86' lang='lat' dir='ltr'><strong>ingressum,</strong></span> <span class='ocrx_word' id='word_1_99' title='bbox 672 1578 766 1649; x_wconf 90' lang='lat' dir='ltr'><strong>qui</strong></span> <span class='ocrx_word' id='word_1_100' title='bbox 810 1578 899 1632; x_wconf 90' lang='lat' dir='ltr'><strong>die</strong></span> <span class='ocrx_word' id='word_1_101' title='bbox 947 1575 1013 1629; x_wconf 87' lang='grc'><strong>15</strong></span> <span class='ocrx_word' id='word_1_102' title='bbox 1053 1573 1260 1628; x_wconf 83' lang='lat' dir='ltr'><strong>mensis</strong></span> <span class='ocrx_word' id='word_1_103' title='bbox 1298 1570 1526 1640; x_wconf 82' lang='lat' dir='ltr'><strong>Augusti</strong></span> <span class='ocrx_word' id='word_1_104' title='bbox 1558 1581 1702 1622; x_wconf 90' lang='lat' dir='ltr'><strong>anno</strong></span> <span class='ocrx_word' id='word_1_105' title='bbox 1744 1563 1874 1618; x_wconf 72' lang='grc'><strong>1261</strong></span> 
     </span>
    </p>
   </div>
   <div class='ocr_carea' id='block_1_16' title="bbox 304 1664 1882 1747">
    <p class='ocr_par' dir='ltr' id='par_1_16' title="bbox 304 1664 1882 1747">
     <span class='ocr_line' id='line_1_16' title="bbox 304 1664 1882 1747; baseline -0.012 -16"><span class='ocrx_word' id='word_1_106' title='bbox 304 1685 568 1747; x_wconf 90' lang='lat' dir='ltr'><strong>peractus</strong></span> <span class='ocrx_word' id='word_1_107' title='bbox 615 1683 730 1736; x_wconf 90' lang='lat' dir='ltr'><strong>cst,</strong></span> <span class='ocrx_word' id='word_1_108' title='bbox 766 1687 877 1725; x_wconf 91' lang='lat' dir='ltr'><strong>non</strong></span> <span class='ocrx_word' id='word_1_109' title='bbox 916 1669 1088 1724; x_wconf 87' lang='lat' dir='ltr'><strong>fuisse</strong></span> <span class='ocrx_word' id='word_1_110' title='bbox 1127 1681 1359 1736; x_wconf 90' lang='lat' dir='ltr'><strong>puerum</strong></span> <span class='ocrx_word' id='word_1_111' title='bbox 1407 1664 1671 1719; x_wconf 81' lang='lat' dir='ltr'><strong>Joannem</strong></span> <span class='ocrx_word' id='word_1_112' title='bbox 1703 1674 1882 1715; x_wconf 63' lang='lat' dir='ltr'><strong>excie-</strong></span> 
     </span>
    </p>
   </div>
   <div class='ocr_carea' id='block_1_17' title="bbox 305 1751 1878 1827">
    <p class='ocr_par' dir='ltr' id='par_1_17' title="bbox 305 1751 1878 1827">
     <span class='ocr_line' id='line_1_17' title="bbox 305 1751 1878 1827; baseline -0.011 -7"><span class='ocrx_word' id='word_1_113' title='bbox 305 1776 516 1820; x_wconf 89' lang='lat' dir='ltr'><strong>catum.</strong></span> <span class='ocrx_word' id='word_1_114' title='bbox 548 1764 714 1818; x_wconf 74' lang='lat' dir='ltr'><strong>Multa</strong></span> <span class='ocrx_word' id='word_1_115' title='bbox 737 1761 882 1815; x_wconf 91' lang='lat' dir='ltr'><strong>enim</strong></span> <span class='ocrx_word' id='word_1_116' title='bbox 905 1774 1024 1827; x_wconf 85' lang='lat' dir='ltr'><strong>quae</strong></span> <span class='ocrx_word' id='word_1_117' title='bbox 1050 1757 1414 1826; x_wconf 77' lang='lat' dir='ltr'><strong>Pachymeres</strong></span> <span class='ocrx_word' id='word_1_118' title='bbox 1441 1769 1472 1808; x_wconf 88' lang='lat' dir='ltr'><strong>a</strong></span> <span class='ocrx_word' id='word_1_119' title='bbox 1492 1769 1540 1808; x_wconf 92' lang='lat' dir='ltr'><strong>c.</strong></span> <span class='ocrx_word' id='word_1_120' title='bbox 1560 1751 1666 1826; x_wconf 68' lang='lat'><strong>53,</strong></span> <span class='ocrx_word' id='word_1_121' title='bbox 1693 1751 1788 1804; x_wconf 90' lang='lat' dir='ltr'><strong>lib.</strong></span> <span class='ocrx_word' id='word_1_122' title='bbox 1817 1765 1878 1813; x_wconf 90' lang='lat' dir='ltr'><strong>ii,</strong></span> 
     </span>
    </p>
   </div>
   <div class='ocr_carea' id='block_1_18' title="bbox 307 1844 1880 1919">
    <p class='ocr_par' dir='ltr' id='par_1_18' title="bbox 307 1844 1880 1919">
     <span class='ocr_line' id='line_1_18' title="bbox 307 1844 1880 1919; baseline -0.011 -7"><span class='ocrx_word' id='word_1_123' title='bbox 307 1859 378 1912; x_wconf 90' lang='lat' dir='ltr'><strong>ad</strong></span> <span class='ocrx_word' id='word_1_124' title='bbox 403 1859 457 1919; x_wconf 87' lang='lat'><strong>9,</strong></span> <span class='ocrx_word' id='word_1_125' title='bbox 495 1857 592 1910; x_wconf 86' lang='lat' dir='ltr'><strong>lib.</strong></span> <span class='ocrx_word' id='word_1_126' title='bbox 619 1871 700 1916; x_wconf 89' lang='lat' dir='ltr'><strong>iii,</strong></span> <span class='ocrx_word' id='word_1_127' title='bbox 733 1863 1019 1911; x_wconf 89' lang='lat' dir='ltr'><strong>memorat,</strong></span> <span class='ocrx_word' id='word_1_128' title='bbox 1051 1851 1277 1904; x_wconf 90' lang='lat' dir='ltr'><strong>omnino</strong></span> <span class='ocrx_word' id='word_1_129' title='bbox 1302 1857 1424 1918; x_wconf 82' lang='lat' dir='ltr'><strong>post</strong></span> <span class='ocrx_word' id='word_1_130' title='bbox 1448 1855 1660 1916; x_wconf 91' lang='lat' dir='ltr'><strong>captam</strong></span> <span class='ocrx_word' id='word_1_131' title='bbox 1686 1844 1880 1898; x_wconf 88' lang='lat' dir='ltr'><strong>urbem</strong></span> 
     </span>
    </p>
   </div>
   <div class='ocr_carea' id='block_1_19' title="bbox 1973 634 3547 716">
    <p class='ocr_par' dir='ltr' id='par_1_19' title="bbox 1973 634 3547 716">
     <span class='ocr_line' id='line_1_19' title="bbox 1973 634 3547 716; baseline -0.012 -14"><span class='ocrx_word' id='word_1_132' title='bbox 1973 649 2018 702; x_wconf 92' lang='lat' dir='ltr'><strong>si</strong></span> <span class='ocrx_word' id='word_1_133' title='bbox 2052 647 2228 716; x_wconf 87' lang='lat' dir='ltr'><strong>spatia</strong></span> <span class='ocrx_word' id='word_1_134' title='bbox 2273 646 2439 698; x_wconf 85' lang='lat' dir='ltr'><strong>rebus</strong></span> <span class='ocrx_word' id='word_1_135' title='bbox 2470 659 2534 697; x_wconf 88' lang='lat' dir='ltr'><strong>ea</strong></span> <span class='ocrx_word' id='word_1_136' title='bbox 2584 642 2874 695; x_wconf 88' lang='lat' dir='ltr'><strong>occasione</strong></span> <span class='ocrx_word' id='word_1_137' title='bbox 2908 640 3047 694; x_wconf 86' lang='lat' dir='ltr'><strong>actis</strong></span> <span class='ocrx_word' id='word_1_138' title='bbox 3090 651 3334 705; x_wconf 86' lang='lat' dir='ltr'><strong>congrua</strong></span> <span class='ocrx_word' id='word_1_139' title='bbox 3372 634 3547 685; x_wconf 84' lang='lat' dir='ltr'><strong>dime-</strong></span> 
     </span>
    </p>
   </div>
   <div class='ocr_carea' id='block_1_20' title="bbox 1977 723 3546 800">
    <p class='ocr_par' dir='ltr' id='par_1_20' title="bbox 1977 723 3546 800">
     <span class='ocr_line' id='line_1_20' title="bbox 1977 723 3546 800; baseline -0.011 -9"><span class='ocrx_word' id='word_1_140' title='bbox 1977 741 2167 798; x_wconf 89' lang='lat' dir='ltr'><strong>timur,</strong></span> <span class='ocrx_word' id='word_1_141' title='bbox 2218 745 2370 790; x_wconf 90' lang='lat' dir='ltr'><strong>certo</strong></span> <span class='ocrx_word' id='word_1_142' title='bbox 2443 733 2814 800; x_wconf 87' lang='lat' dir='ltr'><strong>intelligemus</strong></span> <span class='ocrx_word' id='word_1_143' title='bbox 2864 746 2971 784; x_wconf 88' lang='lat' dir='ltr'><strong>non</strong></span> <span class='ocrx_word' id='word_1_144' title='bbox 3029 727 3271 797; x_wconf 90' lang='lat' dir='ltr'><strong>potuisse</strong></span> <span class='ocrx_word' id='word_1_145' title='bbox 3328 723 3546 779; x_wconf 82' lang='lat' dir='ltr'><strong>Arseiiii</strong></span> 
     </span>
    </p>
   </div>
   <div class='ocr_carea' id='block_1_21' title="bbox 1973 817 3547 896">
    <p class='ocr_par' dir='ltr' id='par_1_21' title="bbox 1973 817 3547 896">
     <span class='ocr_line' id='line_1_21' title="bbox 1973 817 3547 896; baseline -0.011 -12"><span class='ocrx_word' id='word_1_146' title='bbox 1973 831 2313 884; x_wconf 85' lang='lat' dir='ltr'><strong>evectionem</strong></span> <span class='ocrx_word' id='word_1_147' title='bbox 2336 826 2401 880; x_wconf 89' lang='lat' dir='ltr'><strong>ad</strong></span> <span class='ocrx_word' id='word_1_148' title='bbox 2417 824 2844 896; x_wconf 84' lang='lat' dir='ltr'><strong>patriarchatum</strong></span> <span class='ocrx_word' id='word_1_149' title='bbox 2870 832 2996 876; x_wconf 90' lang='lat' dir='ltr'><strong>ante</strong></span> <span class='ocrx_word' id='word_1_150' title='bbox 3015 833 3256 874; x_wconf 89' lang='lat' dir='ltr'><strong>mensem</strong></span> <span class='ocrx_word' id='word_1_151' title='bbox 3282 818 3402 887; x_wconf 88' lang='lat' dir='ltr'><strong>ejus</strong></span> <span class='ocrx_word' id='word_1_152' title='bbox 3419 817 3547 868; x_wconf 86' lang='lat' dir='ltr'><strong>anni</strong></span> 
     </span>
    </p>
   </div>
   <div class='ocr_carea' id='block_1_22' title="bbox 1978 911 3548 985">
    <p class='ocr_par' dir='ltr' id='par_1_22' title="bbox 1978 911 3548 985">
     <span class='ocr_line' id='line_1_22' title="bbox 1978 911 3548 985; baseline -0.009 -11"><span class='ocrx_word' id='word_1_153' title='bbox 1978 921 2231 974; x_wconf 88' lang='lat' dir='ltr'><strong>ultimum</strong></span> <span class='ocrx_word' id='word_1_154' title='bbox 2281 919 2424 972; x_wconf 84' lang='lat' dir='ltr'><strong>ﬁeri.</strong></span> <span class='ocrx_word' id='word_1_155' title='bbox 2479 917 2614 972; x_wconf 85' lang='lat' dir='ltr'><strong>Nam</strong></span> <span class='ocrx_word' id='word_1_156' title='bbox 2664 915 2966 985; x_wconf 85' lang='lat' dir='ltr'><strong>penultimo</strong></span> <span class='ocrx_word' id='word_1_157' title='bbox 3014 911 3311 967; x_wconf 85' lang='lat' dir='ltr'><strong>Novembri</strong></span> <span class='ocrx_word' id='word_1_158' title='bbox 3358 923 3548 979; x_wconf 88' lang='lat' dir='ltr'><strong>perso-</strong></span> 
     </span>
    </p>
   </div>
   <div class='ocr_carea' id='block_1_23' title="bbox 1975 1001 3550 1088">
    <p class='ocr_par' dir='ltr' id='par_1_23' title="bbox 1975 1001 3550 1088">
     <span class='ocr_line' id='line_1_23' title="bbox 1975 1001 3550 1088; baseline -0.01 -20"><span class='ocrx_word' id='word_1_159' title='bbox 1975 1013 2110 1068; x_wconf 89' lang='lat' dir='ltr'><strong>lutis</strong></span> <span class='ocrx_word' id='word_1_160' title='bbox 2144 1011 2427 1068; x_wconf 88' lang='lat' dir='ltr'><strong>decessorl</strong></span> <span class='ocrx_word' id='word_1_161' title='bbox 2482 1009 2697 1088; x_wconf 72' lang='lat' dir='ltr'><strong>parenti</strong></span> <span class='ocrx_word' id='word_1_162' title='bbox 2739 1007 3068 1062; x_wconf 82' lang='lat' dir='ltr'><strong>funebribus</strong></span> <span class='ocrx_word' id='word_1_163' title='bbox 3113 1004 3298 1074; x_wconf 87' lang='lat' dir='ltr'><strong>justis,</strong></span> <span class='ocrx_word' id='word_1_164' title='bbox 3335 1001 3550 1054; x_wconf 89' lang='lat' dir='ltr'><strong>delibe-</strong></span> 
     </span>
    </p>
   </div>
   <div class='ocr_carea' id='block_1_24' title="bbox 1981 1093 3539 1174">
    <p class='ocr_par' dir='ltr' id='par_1_24' title="bbox 1981 1093 3539 1174">
     <span class='ocr_line' id='line_1_24' title="bbox 1981 1093 3539 1174; baseline -0.01 -14"><span class='ocrx_word' id='word_1_165' title='bbox 1981 1107 2124 1160; x_wconf 85' lang='lat' dir='ltr'><strong>ratio</strong></span> <span class='ocrx_word' id='word_1_166' title='bbox 2163 1105 2231 1159; x_wconf 89' lang='lat' dir='ltr'><strong>de</strong></span> <span class='ocrx_word' id='word_1_167' title='bbox 2265 1102 2580 1174; x_wconf 81' lang='lat' dir='ltr'><strong>patriarcha</strong></span> <span class='ocrx_word' id='word_1_168' title='bbox 2606 1101 2739 1154; x_wconf 88' lang='lat' dir='ltr'><strong>inita</strong></span> <span class='ocrx_word' id='word_1_169' title='bbox 2770 1109 2852 1154; x_wconf 81' lang='lat' dir='ltr'><strong>est</strong></span> <span class='ocrx_word' id='word_1_170' title='bbox 2879 1114 2908 1151; x_wconf 91' lang='lat' dir='ltr'><strong>a</strong></span> <span class='ocrx_word' id='word_1_171' title='bbox 2934 1097 3246 1151; x_wconf 91' lang='lat' dir='ltr'><strong>Theodoro.</strong></span> <span class='ocrx_word' id='word_1_172' title='bbox 3276 1093 3539 1148; x_wconf 83' lang='lat' dir='ltr'><strong>Primum-</strong></span> 
     </span>
    </p>
   </div>
   <div class='ocr_carea' id='block_1_25' title="bbox 1981 1184 3551 1268">
    <p class='ocr_par' dir='ltr' id='par_1_25' title="bbox 1981 1184 3551 1268">
     <span class='ocr_line' id='line_1_25' title="bbox 1981 1184 3551 1268; baseline -0.01 -15"><span class='ocrx_word' id='word_1_173' title='bbox 1981 1213 2090 1268; x_wconf 90' lang='lat' dir='ltr'><strong>que</strong></span> <span class='ocrx_word' id='word_1_174' title='bbox 2117 1197 2306 1251; x_wconf 83' lang='lat' dir='ltr'><strong>multis</strong></span> <span class='ocrx_word' id='word_1_175' title='bbox 2337 1193 2762 1262; x_wconf 89' lang='lat' dir='ltr'><strong>circumspectis</strong></span> <span class='ocrx_word' id='word_1_176' title='bbox 2791 1191 2846 1245; x_wconf 93' lang='lat' dir='ltr'><strong>in</strong></span> <span class='ocrx_word' id='word_1_177' title='bbox 2889 1189 3200 1258; x_wconf 86' lang='lat' dir='ltr'><strong>Nicephoro</strong></span> <span class='ocrx_word' id='word_1_178' title='bbox 3224 1184 3551 1245; x_wconf 84' lang='lat' dir='ltr'><strong>Blemmida,</strong></span> 
     </span>
    </p>
   </div>
   <div class='ocr_carea' id='block_1_26' title="bbox 1980 1281 3552 1359">
    <p class='ocr_par' dir='ltr' id='par_1_26' title="bbox 1980 1281 3552 1359">
     <span class='ocr_line' id='line_1_26' title="bbox 1980 1281 3552 1359; baseline -0.008 -16"><span class='ocrx_word' id='word_1_179' title='bbox 1980 1305 2092 1359; x_wconf 89' lang='lat' dir='ltr'><strong>quo</strong></span> <span class='ocrx_word' id='word_1_180' title='bbox 2139 1287 2503 1359; x_wconf 68' lang='lat' dir='ltr'><strong>philosophia:</strong></span> <span class='ocrx_word' id='word_1_181' title='bbox 2557 1285 2818 1353; x_wconf 90' lang='lat' dir='ltr'><strong>magistro</strong></span> <span class='ocrx_word' id='word_1_182' title='bbox 2860 1297 3038 1336; x_wconf 90' lang='lat' dir='ltr'><strong>novus</strong></span> <span class='ocrx_word' id='word_1_183' title='bbox 3087 1281 3386 1349; x_wconf 90' lang='lat' dir='ltr'><strong>imperator</strong></span> <span class='ocrx_word' id='word_1_184' title='bbox 3422 1292 3552 1330; x_wconf 82' lang='lat' dir='ltr'><strong>usus</strong></span> 
     </span>
    </p>
   </div>
   <div class='ocr_carea' id='block_1_27' title="bbox 1980 1373 3554 1450">
    <p class='ocr_par' dir='ltr' id='par_1_27' title="bbox 1980 1373 3554 1450">
     <span class='ocr_line' id='line_1_27' title="bbox 1980 1373 3554 1450; baseline -0.009 -16"><span class='ocrx_word' id='word_1_185' title='bbox 1980 1382 2180 1445; x_wconf 87' lang='lat' dir='ltr'><strong>fuerat,</strong></span> <span class='ocrx_word' id='word_1_186' title='bbox 2223 1379 2530 1450; x_wconf 91' lang='lat' dir='ltr'><strong>designatio</strong></span> <span class='ocrx_word' id='word_1_187' title='bbox 2559 1376 2832 1432; x_wconf 89' lang='lat' dir='ltr'><strong>consedit.</strong></span> <span class='ocrx_word' id='word_1_188' title='bbox 2869 1373 3070 1429; x_wconf 87' lang='lat' dir='ltr'><strong>Verum</strong></span> <span class='ocrx_word' id='word_1_189' title='bbox 3107 1373 3224 1438; x_wconf 88' lang='lat' dir='ltr'><strong>illo,</strong></span> <span class='ocrx_word' id='word_1_190' title='bbox 3267 1379 3554 1440; x_wconf 84' lang='lat' dir='ltr'><strong>postquam</strong></span> 
     </span>
    </p>
   </div>
   <div class='ocr_carea' id='block_1_28' title="bbox 1980 1463 3552 1542">
    <p class='ocr_par' dir='ltr' id='par_1_28' title="bbox 1980 1463 3552 1542">
     <span class='ocr_line' id='line_1_28' title="bbox 1980 1463 3552 1542; baseline -0.01 -15"><span class='ocrx_word' id='word_1_191' title='bbox 1980 1473 2143 1542; x_wconf 86' lang='lat' dir='ltr'><strong>longe</strong></span> <span class='ocrx_word' id='word_1_192' title='bbox 2183 1472 2382 1526; x_wconf 83' lang='lat' dir='ltr'><strong>absens</strong></span> <span class='ocrx_word' id='word_1_193' title='bbox 2431 1469 2692 1523; x_wconf 84' lang='lat' dir='ltr'><strong>invitatus</strong></span> <span class='ocrx_word' id='word_1_194' title='bbox 2721 1476 2806 1522; x_wconf 89' lang='lat' dir='ltr'><strong>est</strong></span> <span class='ocrx_word' id='word_1_195' title='bbox 2840 1481 2938 1536; x_wconf 91' lang='lat' dir='ltr'><strong>per</strong></span> <span class='ocrx_word' id='word_1_196' title='bbox 2994 1464 3243 1526; x_wconf 87' lang='lat' dir='ltr'><strong>nuntios,</strong></span> <span class='ocrx_word' id='word_1_197' title='bbox 3280 1463 3552 1514; x_wconf 89' lang='lat' dir='ltr'><strong>honorem</strong></span> 
     </span>
    </p>
   </div>
   <div class='ocr_carea' id='block_1_29' title="bbox 1981 1552 3550 1630">
    <p class='ocr_par' dir='ltr' id='par_1_29' title="bbox 1981 1552 3550 1630">
     <span class='ocr_line' id='line_1_29' title="bbox 1981 1552 3550 1630; baseline -0.007 -14"><span class='ocrx_word' id='word_1_198' title='bbox 1981 1565 2342 1626; x_wconf 86' lang='lat' dir='ltr'><strong>detrectante,</strong></span> <span class='ocrx_word' id='word_1_199' title='bbox 2366 1578 2506 1617; x_wconf 89' lang='lat' dir='ltr'><strong>nova</strong></span> <span class='ocrx_word' id='word_1_200' title='bbox 2535 1559 2818 1630; x_wconf 88' lang='lat' dir='ltr'><strong>inquisitio</strong></span> <span class='ocrx_word' id='word_1_201' title='bbox 2869 1557 3016 1627; x_wconf 80' lang='lat' dir='ltr'><strong>digiti</strong></span> <span class='ocrx_word' id='word_1_202' title='bbox 3051 1556 3142 1610; x_wconf 90' lang='lat' dir='ltr'><strong>tali</strong></span> <span class='ocrx_word' id='word_1_203' title='bbox 3173 1554 3294 1610; x_wconf 94' lang='lat' dir='ltr'><strong>loco</strong></span> <span class='ocrx_word' id='word_1_204' title='bbox 3329 1553 3428 1606; x_wconf 88' lang='lat' dir='ltr'><strong>viri</strong></span> <span class='ocrx_word' id='word_1_205' title='bbox 3463 1552 3550 1606; x_wconf 87' lang='lat' dir='ltr'><strong>de-</strong></span> 
     </span>
    </p>
   </div>
   <div class='ocr_carea' id='block_1_30' title="bbox 1983 1646 3553 1724">
    <p class='ocr_par' dir='ltr' id='par_1_30' title="bbox 1983 1646 3553 1724">
     <span class='ocr_line' id='line_1_30' title="bbox 1983 1646 3553 1724; baseline -0.01 -12"><span class='ocrx_word' id='word_1_206' title='bbox 1983 1657 2076 1712; x_wconf 85' lang='lat' dir='ltr'><strong>siit</strong></span> <span class='ocrx_word' id='word_1_207' title='bbox 2117 1657 2174 1711; x_wconf 91' lang='lat' dir='ltr'><strong>in</strong></span> <span class='ocrx_word' id='word_1_208' title='bbox 2218 1655 2490 1721; x_wconf 88' lang='lat' dir='ltr'><strong>Arseiiio;</strong></span> <span class='ocrx_word' id='word_1_209' title='bbox 2525 1654 2616 1724; x_wconf 93' lang='lat' dir='ltr'><strong>qui</strong></span> <span class='ocrx_word' id='word_1_210' title='bbox 2663 1648 2900 1707; x_wconf 84' lang='lat' dir='ltr'><strong>oblatam</strong></span> <span class='ocrx_word' id='word_1_211' title='bbox 2947 1649 3271 1717; x_wconf 87' lang='lat' dir='ltr'><strong>dignitatem</strong></span> <span class='ocrx_word' id='word_1_212' title='bbox 3319 1646 3553 1699; x_wconf 89' lang='lat' dir='ltr'><strong>libenter</strong></span> 
     </span>
    </p>
   </div>
   <div class='ocr_carea' id='block_1_31' title="bbox 1981 1736 3555 1807">
    <p class='ocr_par' dir='ltr' id='par_1_31' title="bbox 1981 1736 3555 1807">
     <span class='ocr_line' id='line_1_31' title="bbox 1981 1736 3555 1807; baseline -0.008 -5"><span class='ocrx_word' id='word_1_213' title='bbox 1981 1748 2280 1803; x_wconf 89' lang='lat' dir='ltr'><strong>admittens</strong></span> <span class='ocrx_word' id='word_1_214' title='bbox 2334 1763 2401 1802; x_wconf 77' lang='lat' dir='ltr'><strong>ex</strong></span> <span class='ocrx_word' id='word_1_215' title='bbox 2451 1744 2788 1800; x_wconf 89' lang='lat' dir='ltr'><strong>monasterio</strong></span> <span class='ocrx_word' id='word_1_216' title='bbox 2839 1743 2904 1796; x_wconf 91' lang='lat' dir='ltr'><strong>ad</strong></span> <span class='ocrx_word' id='word_1_217' title='bbox 2955 1742 3134 1796; x_wconf 86' lang='lat' dir='ltr'><strong>lacum</strong></span> <span class='ocrx_word' id='word_1_218' title='bbox 3177 1736 3555 1807; x_wconf 88' lang='lat' dir='ltr'><strong>Apolloniadis</strong></span> 
     </span>
    </p>
   </div>
   <div class='ocr_carea' id='block_1_32' title="bbox 1984 1831 3554 1908">
    <p class='ocr_par' dir='ltr' id='par_1_32' title="bbox 1984 1831 3554 1908">
     <span class='ocr_line' id='line_1_32' title="bbox 1984 1831 3554 1908; baseline -0.011 -13"><span class='ocrx_word' id='word_1_219' title='bbox 1984 1843 2113 1906; x_wconf 90' lang='lat' dir='ltr'><strong>sito,</strong></span> <span class='ocrx_word' id='word_1_220' title='bbox 2153 1841 2244 1895; x_wconf 93' lang='lat' dir='ltr'><strong>ubi</strong></span> <span class='ocrx_word' id='word_1_221' title='bbox 2274 1839 2442 1894; x_wconf 85' lang='lat' dir='ltr'><strong>vitam</strong></span> <span class='ocrx_word' id='word_1_222' title='bbox 2467 1839 2778 1908; x_wconf 80' lang='lat' dir='ltr'><strong>religiosam</strong></span> <span class='ocrx_word' id='word_1_223' title='bbox 2811 1833 3125 1894; x_wconf 81' lang='lat' dir='ltr'><strong>exercebat,</strong></span> <span class='ocrx_word' id='word_1_224' title='bbox 3156 1831 3393 1884; x_wconf 65' lang='lat' dir='ltr'><strong>Nicaeam</strong></span> <span class='ocrx_word' id='word_1_225' title='bbox 3427 1844 3554 1896; x_wconf 84' lang='lat' dir='ltr'><strong>pro-</strong></span> 
     </span>
    </p>
   </div>
   <div class='ocr_carea' id='block_1_33' title="bbox 307 1919 3553 2010">
    <p class='ocr_par' dir='ltr' id='par_1_33' title="bbox 307 1919 3553 2010">
     <span class='ocr_line' id='line_1_33' title="bbox 307 1919 3553 2010; baseline -0.01 -6"><span class='ocrx_word' id='word_1_226' title='bbox 307 1961 370 2005; x_wconf 88' lang='lat' dir='ltr'><strong>et</strong></span> <span class='ocrx_word' id='word_1_227' title='bbox 426 1958 554 2003; x_wconf 87' lang='lat' dir='ltr'><strong>ante</strong></span> <span class='ocrx_word' id='word_1_228' title='bbox 599 1948 866 2001; x_wconf 86' lang='lat' dir='ltr'><strong>Joannem</strong></span> <span class='ocrx_word' id='word_1_229' title='bbox 905 1949 1238 1998; x_wconf 80' lang='lat' dir='ltr'><strong>excaecatum</strong></span> <span class='ocrx_word' id='word_1_230' title='bbox 1293 1940 1587 2010; x_wconf 80' lang='lat' dir='ltr'><strong>contigisse</strong></span> <span class='ocrx_word' id='word_1_231' title='bbox 1613 1935 1878 2007; x_wconf 86' lang='lat' dir='ltr'><strong>oportuit.</strong></span> <span class='ocrx_word' id='word_1_232' title='bbox 1913 1946 1954 2000; x_wconf 81' lang='lat' dir='ltr'><strong>B</strong></span> <span class='ocrx_word' id='word_1_233' title='bbox 1984 1931 2186 1997; x_wconf 86' lang='lat' dir='ltr'><strong>fectus,</strong></span> <span class='ocrx_word' id='word_1_234' title='bbox 2230 1931 2306 1986; x_wconf 90' lang='lat' dir='ltr'><strong>ibi</strong></span> <span class='ocrx_word' id='word_1_235' title='bbox 2353 1929 2532 2000; x_wconf 90' lang='lat' dir='ltr'><strong>spatio</strong></span> <span class='ocrx_word' id='word_1_236' title='bbox 2576 1927 2939 1984; x_wconf 86' lang='lat' dir='ltr'><strong>hebdomadis</strong></span> <span class='ocrx_word' id='word_1_237' title='bbox 2987 1924 3152 1979; x_wconf 87' lang='lat' dir='ltr'><strong>unius</strong></span> <span class='ocrx_word' id='word_1_238' title='bbox 3199 1921 3343 1992; x_wconf 88' lang='lat' dir='ltr'><strong>(non</strong></span> <span class='ocrx_word' id='word_1_239' title='bbox 3389 1919 3553 1973; x_wconf 87' lang='lat' dir='ltr'><strong>unius</strong></span> 
     </span>
    </p>
   </div>
   <div class='ocr_carea' id='block_1_34' title="bbox 307 2030 1887 2108">
    <p class='ocr_par' dir='ltr' id='par_1_34' title="bbox 307 2030 1887 2108">
     <span class='ocr_line' id='line_1_34' title="bbox 307 2030 1887 2108; baseline -0.01 -13"><span class='ocrx_word' id='word_1_240' title='bbox 307 2041 452 2108; x_wconf 82' lang='lat' dir='ltr'><strong>Quia</strong></span> <span class='ocrx_word' id='word_1_241' title='bbox 491 2054 628 2094; x_wconf 89' lang='lat' dir='ltr'><strong>vero</strong></span> <span class='ocrx_word' id='word_1_242' title='bbox 664 2053 769 2092; x_wconf 90' lang='lat' dir='ltr'><strong>nec</strong></span> <span class='ocrx_word' id='word_1_243' title='bbox 803 2051 1036 2090; x_wconf 90' lang='lat' dir='ltr'><strong>numero</strong></span> <span class='ocrx_word' id='word_1_244' title='bbox 1081 2050 1183 2090; x_wconf 90' lang='lat' dir='ltr'><strong>nec</strong></span> <span class='ocrx_word' id='word_1_245' title='bbox 1208 2048 1428 2105; x_wconf 64' lang='lat' dir='ltr'><strong>genere</strong></span> <span class='ocrx_word' id='word_1_246' title='bbox 1472 2031 1562 2087; x_wconf 89' lang='lat' dir='ltr'><strong>illa</strong></span> <span class='ocrx_word' id='word_1_247' title='bbox 1598 2030 1726 2084; x_wconf 87' lang='lat' dir='ltr'><strong>talia</strong></span> <span class='ocrx_word' id='word_1_248' title='bbox 1755 2034 1887 2082; x_wconf 90' lang='lat' dir='ltr'><strong>sunt</strong></span> 
     </span>
    </p>
   </div>
   <div class='ocr_carea' id='block_1_35' title="bbox 314 2122 1884 2201">
    <p class='ocr_par' dir='ltr' id='par_1_35' title="bbox 314 2122 1884 2201">
     <span class='ocr_line' id='line_1_35' title="bbox 314 2122 1884 2201; baseline -0.01 -15"><span class='ocrx_word' id='word_1_249' title='bbox 314 2142 378 2186; x_wconf 91' lang='lat' dir='ltr'><strong>ut</strong></span> <span class='ocrx_word' id='word_1_250' title='bbox 416 2133 594 2201; x_wconf 83' lang='lat' dir='ltr'><strong>majus</strong></span> <span class='ocrx_word' id='word_1_251' title='bbox 619 2129 1006 2199; x_wconf 88' lang='lat' dir='ltr'><strong>quadrimestri</strong></span> <span class='ocrx_word' id='word_1_252' title='bbox 1055 2127 1290 2197; x_wconf 86' lang='lat' dir='ltr'><strong>spatium</strong></span> <span class='ocrx_word' id='word_1_253' title='bbox 1319 2125 1537 2194; x_wconf 77' lang='lat' dir='ltr'><strong>exigere</strong></span> <span class='ocrx_word' id='word_1_254' title='bbox 1571 2122 1884 2180; x_wconf 87' lang='lat' dir='ltr'><strong>videantur,</strong></span> 
     </span>
    </p>
   </div>
   <div class='ocr_carea' id='block_1_36' title="bbox 312 2216 1888 2294">
    <p class='ocr_par' dir='ltr' id='par_1_36' title="bbox 312 2216 1888 2294">
     <span class='ocr_line' id='line_1_36' title="bbox 312 2216 1888 2294; baseline -0.006 -17"><span class='ocrx_word' id='word_1_255' title='bbox 312 2225 482 2294; x_wconf 88' lang='lat' dir='ltr'><strong>plane</strong></span> <span class='ocrx_word' id='word_1_256' title='bbox 505 2237 705 2278; x_wconf 91' lang='lat' dir='ltr'><strong>censeo</strong></span> <span class='ocrx_word' id='word_1_257' title='bbox 733 2222 900 2289; x_wconf 83' lang='lat' dir='ltr'><strong>hujus</strong></span> <span class='ocrx_word' id='word_1_258' title='bbox 945 2220 1191 2290; x_wconf 91' lang='lat' dir='ltr'><strong>ejusdem</strong></span> <span class='ocrx_word' id='word_1_259' title='bbox 1233 2218 1360 2272; x_wconf 90' lang='lat' dir='ltr'><strong>anni</strong></span> <span class='ocrx_word' id='word_1_260' title='bbox 1400 2217 1529 2272; x_wconf 76' lang='lat' dir='ltr'><strong>t26l</strong></span> <span class='ocrx_word' id='word_1_261' title='bbox 1577 2216 1665 2271; x_wconf 90' lang='lat' dir='ltr'><strong>die</strong></span> <span class='ocrx_word' id='word_1_262' title='bbox 1695 2225 1888 2269; x_wconf 84' lang='lat' dir='ltr'><strong>octavo</strong></span> 
     </span>
    </p>
   </div>
   <div class='ocr_carea' id='block_1_37' title="bbox 314 2310 1891 2380">
    <p class='ocr_par' dir='ltr' id='par_1_37' title="bbox 314 2310 1891 2380">
     <span class='ocr_line' id='line_1_37' title="bbox 314 2310 1891 2380; baseline -0.006 -10"><span class='ocrx_word' id='word_1_263' title='bbox 314 2317 435 2371; x_wconf 77' lang='lat' dir='ltr'><strong>Kal.</strong></span> <span class='ocrx_word' id='word_1_264' title='bbox 463 2314 772 2375; x_wconf 90' lang='lat' dir='ltr'><strong>Januarias,</strong></span> <span class='ocrx_word' id='word_1_265' title='bbox 806 2313 1010 2369; x_wconf 78' lang='lat' dir='ltr'><strong>Christi</strong></span> <span class='ocrx_word' id='word_1_266' title='bbox 1049 2327 1263 2380; x_wconf 88' lang='lat' dir='ltr'><strong>nempe,</strong></span> <span class='ocrx_word' id='word_1_267' title='bbox 1295 2320 1355 2364; x_wconf 93' lang='lat' dir='ltr'><strong>ut</strong></span> <span class='ocrx_word' id='word_1_268' title='bbox 1386 2310 1748 2380; x_wconf 82' lang='lat' dir='ltr'><strong>Pachymeres</strong></span> <span class='ocrx_word' id='word_1_269' title='bbox 1775 2316 1891 2361; x_wconf 84' lang='lat' dir='ltr'><strong>tra-</strong></span> 
     </span>
    </p>
   </div>
   <div class='ocr_carea' id='block_1_38' title="bbox 316 2399 1891 2478">
    <p class='ocr_par' dir='ltr' id='par_1_38' title="bbox 316 2399 1891 2478">
     <span class='ocr_line' id='line_1_38' title="bbox 316 2399 1891 2478; baseline -0.006 -15"><span class='ocrx_word' id='word_1_270' title='bbox 316 2408 420 2474; x_wconf 86' lang='lat' dir='ltr'><strong>dit,</strong></span> <span class='ocrx_word' id='word_1_271' title='bbox 448 2407 638 2472; x_wconf 88' lang='lat' dir='ltr'><strong>natali,</strong></span> <span class='ocrx_word' id='word_1_272' title='bbox 653 2408 811 2478; x_wconf 90' lang='lat' dir='ltr'><strong>jussu</strong></span> <span class='ocrx_word' id='word_1_273' title='bbox 840 2406 1073 2460; x_wconf 81' lang='lat' dir='ltr'><strong>oarbai-o</strong></span> <span class='ocrx_word' id='word_1_274' title='bbox 1097 2405 1296 2458; x_wconf 88' lang='lat' dir='ltr'><strong>tutoris</strong></span> <span class='ocrx_word' id='word_1_275' title='bbox 1323 2412 1378 2458; x_wconf 89' lang='lat' dir='ltr'><strong>et</strong></span> <span class='ocrx_word' id='word_1_276' title='bbox 1403 2403 1626 2470; x_wconf 79' lang='lat' dir='ltr'><strong>collegae</strong></span> <span class='ocrx_word' id='word_1_277' title='bbox 1654 2399 1891 2455; x_wconf 83' lang='lat' dir='ltr'><strong>Michae-</strong></span> 
     </span>
    </p>
   </div>
   <div class='ocr_carea' id='block_1_39' title="bbox 313 2493 1889 2568">
    <p class='ocr_par' dir='ltr' id='par_1_39' title="bbox 313 2493 1889 2568">
     <span class='ocr_line' id='line_1_39' title="bbox 313 2493 1889 2568; baseline -0.008 -12"><span class='ocrx_word' id='word_1_278' title='bbox 313 2501 385 2556; x_wconf 91' lang='lat' dir='ltr'><strong>lis</strong></span> <span class='ocrx_word' id='word_1_279' title='bbox 434 2499 722 2568; x_wconf 73' lang='lat' dir='ltr'><strong>Palamlogi</strong></span> <span class='ocrx_word' id='word_1_280' title='bbox 777 2498 1044 2552; x_wconf 88' lang='lat' dir='ltr'><strong>Joannem</strong></span> <span class='ocrx_word' id='word_1_281' title='bbox 1109 2497 1413 2565; x_wconf 80' lang='lat' dir='ltr'><strong>Augustum</strong></span> <span class='ocrx_word' id='word_1_282' title='bbox 1449 2509 1682 2563; x_wconf 90' lang='lat' dir='ltr'><strong>puerum</strong></span> <span class='ocrx_word' id='word_1_283' title='bbox 1725 2493 1889 2561; x_wconf 90' lang='lat' dir='ltr'><strong>paulo</strong></span> 
     </span>
    </p>
   </div>
   <div class='ocr_carea' id='block_1_40' title="bbox 316 2585 1888 2664">
    <p class='ocr_par' dir='ltr' id='par_1_40' title="bbox 316 2585 1888 2664">
     <span class='ocr_line' id='line_1_40' title="bbox 316 2585 1888 2664; baseline -0.008 -15"><span class='ocrx_word' id='word_1_284' title='bbox 316 2595 583 2664; x_wconf 86' lang='lat' dir='ltr'><strong>majorem</strong></span> <span class='ocrx_word' id='word_1_285' title='bbox 628 2585 867 2644; x_wconf 84' lang='lat' dir='ltr'><strong>novénni</strong></span> <span class='ocrx_word' id='word_1_286' title='bbox 905 2589 1074 2644; x_wconf 85' lang='lat' dir='ltr'><strong>fuisse</strong></span> <span class='ocrx_word' id='word_1_287' title='bbox 1132 2588 1440 2643; x_wconf 87' lang='lat' dir='ltr'><strong>luminibus</strong></span> <span class='ocrx_word' id='word_1_288' title='bbox 1466 2587 1723 2641; x_wconf 89' lang='lat' dir='ltr'><strong>orbatum</strong></span> <span class='ocrx_word' id='word_1_289' title='bbox 1751 2591 1806 2638; x_wconf 86' lang='lat' dir='ltr'><strong>et</strong></span> <span class='ocrx_word' id='word_1_290' title='bbox 1835 2585 1888 2638; x_wconf 90' lang='lat' dir='ltr'><strong>in</strong></span> 
     </span>
    </p>
   </div>
   <div class='ocr_carea' id='block_1_41' title="bbox 316 2676 1887 2768">
    <p class='ocr_par' dir='ltr' id='par_1_41' title="bbox 316 2676 1887 2768">
     <span class='ocr_line' id='line_1_41' title="bbox 316 2676 1887 2768; baseline -0.005 -32"><span class='ocrx_word' id='word_1_291' title='bbox 316 2694 582 2737; x_wconf 72' lang='lat' dir='ltr'><strong>aeternam</strong></span> <span class='ocrx_word' id='word_1_292' title='bbox 635 2682 944 2738; x_wconf 89' lang='lat' dir='ltr'><strong>custodiam</strong></span> <span class='ocrx_word' id='word_1_293' title='bbox 1017 2681 1158 2768; x_wconf 62' lang='lat' dir='ltr'><strong>arcis</strong></span> <span class='ocrx_word' id='word_1_294' title='bbox 1222 2679 1525 2750; x_wconf 83' lang='lat' dir='ltr'><strong>Dacybitzae</strong></span> <span class='ocrx_word' id='word_1_295' title='bbox 1582 2676 1887 2740; x_wconf 89' lang='lat' dir='ltr'><strong>conditum,</strong></span> 
     </span>
    </p>
   </div>
   <div class='ocr_carea' id='block_1_42' title="bbox 318 2769 1893 2844">
    <p class='ocr_par' dir='ltr' id='par_1_42' title="bbox 318 2769 1893 2844">
     <span class='ocr_line' id='line_1_42' title="bbox 318 2769 1893 2844; baseline -0.004 -15"><span class='ocrx_word' id='word_1_296' title='bbox 318 2784 476 2829; x_wconf 76' lang='lat' dir='ltr'><strong>sexto</strong></span> <span class='ocrx_word' id='word_1_297' title='bbox 511 2790 658 2829; x_wconf 87' lang='lat' dir='ltr'><strong>anno</strong></span> <span class='ocrx_word' id='word_1_298' title='bbox 694 2784 946 2829; x_wconf 86' lang='lat' dir='ltr'><strong>vertente</strong></span> <span class='ocrx_word' id='word_1_299' title='bbox 989 2773 1056 2828; x_wconf 91' lang='lat' dir='ltr'><strong>ab</strong></span> <span class='ocrx_word' id='word_1_300' title='bbox 1101 2771 1520 2844; x_wconf 89' lang='lat' dir='ltr'><strong>inauguratione</strong></span> <span class='ocrx_word' id='word_1_301' title='bbox 1567 2771 1739 2839; x_wconf 90' lang='lat' dir='ltr'><strong>patris</strong></span> <span class='ocrx_word' id='word_1_302' title='bbox 1773 2769 1893 2833; x_wconf 87' lang='lat' dir='ltr'><strong>eius</strong></span> 
     </span>
    </p>
   </div>
   <div class='ocr_carea' id='block_1_43' title="bbox 319 2862 1943 2934">
    <p class='ocr_par' dir='ltr' id='par_1_43' title="bbox 319 2862 1943 2934">
     <span class='ocr_line' id='line_1_43' title="bbox 319 2862 1943 2934; baseline -0.004 -13"><span class='ocrx_word' id='word_1_303' title='bbox 319 2867 620 2934; x_wconf 87' lang='lat' dir='ltr'><strong>Theodori,</strong></span> <span class='ocrx_word' id='word_1_304' title='bbox 677 2867 793 2927; x_wconf 88' lang='lat' dir='ltr'><strong>tali,</strong></span> <span class='ocrx_word' id='word_1_305' title='bbox 848 2878 908 2921; x_wconf 90' lang='lat' dir='ltr'><strong>ut</strong></span> <span class='ocrx_word' id='word_1_306' title='bbox 935 2866 1198 2928; x_wconf 86' lang='lat' dir='ltr'><strong>vidimus,</strong></span> <span class='ocrx_word' id='word_1_307' title='bbox 1252 2866 1339 2920; x_wconf 88' lang='lat' dir='ltr'><strong>die</strong></span> <span class='ocrx_word' id='word_1_308' title='bbox 1389 2863 1560 2918; x_wconf 85' lang='lat' dir='ltr'><strong>sacris</strong></span> <span class='ocrx_word' id='word_1_309' title='bbox 1607 2863 1659 2916; x_wconf 92' lang='lat' dir='ltr'><strong>in</strong></span> <span class='ocrx_word' id='word_1_310' title='bbox 1693 2862 1893 2931; x_wconf 88' lang='lat' dir='ltr'><strong>templo</strong></span> <span class='ocrx_word' id='word_1_311' title='bbox 1941 2884 1943 2886; x_wconf 87' lang='grc'>·</span> 
     </span>
    </p>
   </div>
   <div class='ocr_carea' id='block_1_44' title="bbox 319 2960 952 3029">
    <p class='ocr_par' dir='ltr' id='par_1_44' title="bbox 319 2960 952 3029">
     <span class='ocr_line' id='line_1_44' title="bbox 319 2960 952 3029; baseline -0.005 -14"><span class='ocrx_word' id='word_1_312' title='bbox 319 2960 669 3016; x_wconf 67' lang='grc' dir='ltr'>αεωιιιυιιὶὶε</span> <span class='ocrx_word' id='word_1_313' title='bbox 703 2969 952 3029; x_wconf 87' lang='lat' dir='ltr'><strong>peracta.</strong></span> 
     </span>
    </p>
   </div>
   <div class='ocr_carea' id='block_1_45' title="bbox 951 3075 1268 3132">
    <p class='ocr_par' dir='ltr' id='par_1_45' title="bbox 951 3075 1268 3132">
     <span class='ocr_line' id='line_1_45' title="bbox 951 3075 1268 3132; baseline 0.003 -3"><span class='ocrx_word' id='word_1_314' title='bbox 951 3075 1175 3132; x_wconf 81' lang='lat' dir='ltr'><strong>CAPUT</strong></span> <span class='ocrx_word' id='word_1_315' title='bbox 1206 3076 1268 3130; x_wconf 85' lang='lat' dir='ltr'><strong>V.</strong></span> 
     </span>
    </p>
   </div>
   <div class='ocr_carea' id='block_1_46' title="bbox 321 3166 1894 3241">
    <p class='ocr_par' dir='ltr' id='par_1_46' title="bbox 321 3166 1894 3241">
     <span class='ocr_line' id='line_1_46' title="bbox 321 3166 1894 3241; baseline -0.007 -14"><span class='ocrx_word' id='word_1_316' title='bbox 321 3169 674 3241; x_wconf 84' lang='lat' dir='ltr'><strong>Clii&#39;onologia</strong></span> <span class='ocrx_word' id='word_1_317' title='bbox 727 3173 1180 3241; x_wconf 70' lang='lat' dir='ltr'><strong>patriarcharum,</strong></span> <span class='ocrx_word' id='word_1_318' title='bbox 1237 3166 1812 3241; x_wconf 64' lang='lat' dir='ltr'><strong>Arserii&#39;i,_Nicephori,</strong></span> <span class='ocrx_word' id='word_1_319' title='bbox 1844 3172 1894 3216; x_wconf 80' lang='lat' dir='ltr'><strong>et</strong></span> 
     </span>
    </p>
   </div>
   <div class='ocr_carea' id='block_1_47' title="bbox 387 3236 1892 3312">
    <p class='ocr_par' dir='ltr' id='par_1_47' title="bbox 387 3236 1892 3312">
     <span class='ocr_line' id='line_1_47' title="bbox 387 3236 1892 3312; baseline -0.005 -18"><span class='ocrx_word' id='word_1_320' title='bbox 387 3236 832 3306; x_wconf 34' lang='lat' dir='ltr'><strong>iterum’Arse‘nii,</strong></span> <span class='ocrx_word' id='word_1_321' title='bbox 867 3244 953 3312; x_wconf 84' lang='lat' dir='ltr'><strong>qui</strong></span> <span class='ocrx_word' id='word_1_322' title='bbox 979 3242 1071 3294; x_wconf 76' lang='lat' dir='ltr'><strong>sub</strong></span> <span class='ocrx_word' id='word_1_323' title='bbox 1104 3239 1360 3293; x_wconf 80' lang='lat' dir='ltr'><strong>Miclmele</strong></span> <span class='ocrx_word' id='word_1_324' title='bbox 1389 3236 1688 3308; x_wconf 71' lang='lat' dir='ltr'><strong>Palazologo</strong></span> <span class='ocrx_word' id='word_1_325' title='bbox 1719 3236 1892 3292; x_wconf 75' lang='lat' dir='ltr'><strong>sedem</strong></span> 
     </span>
    </p>
   </div>
   <div class='ocr_carea' id='block_1_48' title="bbox 389 3312 1366 3378">
    <p class='ocr_par' dir='ltr' id='par_1_48' title="bbox 389 3312 1366 3378">
     <span class='ocr_line' id='line_1_48' title="bbox 389 3312 1366 3378; baseline -0.003 -12"><span class='ocrx_word' id='word_1_326' title='bbox 389 3312 1038 3378; x_wconf 76' lang='lat' dir='ltr'><strong>Caiistantinopali’tanam</strong></span> <span class='ocrx_word' id='word_1_327' title='bbox 1067 3320 1366 3364; x_wconf 81' lang='lat' dir='ltr'><strong>tenuerunt.</strong></span> 
     </span>
    </p>
   </div>
   <div class='ocr_carea' id='block_1_49' title="bbox 390 3399 1892 3472">
    <p class='ocr_par' dir='ltr' id='par_1_49' title="bbox 390 3399 1892 3472">
     <span class='ocr_line' id='line_1_49' title="bbox 390 3399 1892 3472; baseline -0.005 -13"><span class='ocrx_word' id='word_1_328' title='bbox 390 3406 432 3459; x_wconf 85' lang='grc' dir='ltr'><strong>Ι.</strong></span> <span class='ocrx_word' id='word_1_329' title='bbox 483 3404 646 3458; x_wconf 82' lang='lat' dir='ltr'><strong>Multa</strong></span> <span class='ocrx_word' id='word_1_330' title='bbox 675 3413 803 3458; x_wconf 90' lang='lat' dir='ltr'><strong>sunt</strong></span> <span class='ocrx_word' id='word_1_331' title='bbox 833 3405 892 3456; x_wconf 92' lang='lat' dir='ltr'><strong>iii</strong></span> <span class='ocrx_word' id='word_1_332' title='bbox 943 3411 1188 3472; x_wconf 86' lang='lat' dir='ltr'><strong>tempore</strong></span> <span class='ocrx_word' id='word_1_333' title='bbox 1230 3403 1531 3472; x_wconf 80' lang='lat' dir='ltr'><strong>ingressus,</strong></span> <span class='ocrx_word' id='word_1_334' title='bbox 1584 3401 1786 3463; x_wconf 80' lang='lat' dir='ltr'><strong>exitus,</strong></span> <span class='ocrx_word' id='word_1_335' title='bbox 1835 3399 1892 3452; x_wconf 91' lang='lat' dir='ltr'><strong>in</strong></span> 
     </span>
    </p>
   </div>
   <div class='ocr_carea' id='block_1_50' title="bbox 316 3493 1896 3568">
    <p class='ocr_par' dir='ltr' id='par_1_50' title="bbox 316 3493 1896 3568">
     <span class='ocr_line' id='line_1_50' title="bbox 316 3493 1896 3568; baseline -0.005 -14"><span class='ocrx_word' id='word_1_336' title='bbox 316 3498 514 3568; x_wconf 85' lang='lat' dir='ltr'><strong>spatiis</strong></span> <span class='ocrx_word' id='word_1_337' title='bbox 538 3497 662 3551; x_wconf 80' lang='lat' dir='ltr'><strong>vitae</strong></span> <span class='ocrx_word' id='word_1_338' title='bbox 691 3511 756 3550; x_wconf 88' lang='lat' dir='ltr'><strong>ac</strong></span> <span class='ocrx_word' id='word_1_339' title='bbox 785 3495 932 3550; x_wconf 89' lang='lat' dir='ltr'><strong>sedis</strong></span> <span class='ocrx_word' id='word_1_340' title='bbox 960 3495 1160 3549; x_wconf 84' lang='lat' dir='ltr'><strong>horum</strong></span> <span class='ocrx_word' id='word_1_341' title='bbox 1201 3495 1636 3564; x_wconf 88' lang='lat' dir='ltr'><strong>patriarcharum</strong></span> <span class='ocrx_word' id='word_1_342' title='bbox 1667 3493 1738 3547; x_wconf 91' lang='lat' dir='ltr'><strong>ita</strong></span> <span class='ocrx_word' id='word_1_343' title='bbox 1767 3507 1896 3546; x_wconf 92' lang='lat' dir='ltr'><strong>con-</strong></span> 
     </span>
    </p>
   </div>
   <div class='ocr_carea' id='block_1_51' title="bbox 317 3586 1888 3658">
    <p class='ocr_par' dir='ltr' id='par_1_51' title="bbox 317 3586 1888 3658">
     <span class='ocr_line' id='line_1_51' title="bbox 317 3586 1888 3658; baseline -0.005 -11"><span class='ocrx_word' id='word_1_344' title='bbox 317 3595 538 3656; x_wconf 88' lang='lat' dir='ltr'><strong>fusa,ut</strong></span> <span class='ocrx_word' id='word_1_345' title='bbox 571 3591 704 3643; x_wconf 85' lang='lat' dir='ltr'><strong>viris</strong></span> <span class='ocrx_word' id='word_1_346' title='bbox 734 3588 899 3643; x_wconf 90' lang='lat' dir='ltr'><strong>etiam</strong></span> <span class='ocrx_word' id='word_1_347' title='bbox 936 3587 1145 3658; x_wconf 78' lang='lat' dir='ltr'><strong>magnis</strong></span> <span class='ocrx_word' id='word_1_348' title='bbox 1181 3603 1288 3640; x_wconf 92' lang='lat' dir='ltr'><strong>non</strong></span> <span class='ocrx_word' id='word_1_349' title='bbox 1315 3588 1663 3642; x_wconf 87' lang='lat' dir='ltr'><strong>occasionem</strong></span> <span class='ocrx_word' id='word_1_350' title='bbox 1695 3586 1888 3650; x_wconf 87' lang='lat' dir='ltr'><strong>modo,</strong></span> 
     </span>
    </p>
   </div>
   <div class='ocr_carea' id='block_1_52' title="bbox 273 3669 1896 3748">
    <p class='ocr_par' dir='ltr' id='par_1_52' title="bbox 273 3669 1896 3748">
     <span class='ocr_line' id='line_1_52' title="bbox 273 3669 1896 3748; baseline -0.003 -12"><span class='ocrx_word' id='word_1_351' title='bbox 273 3669 276 3674; x_wconf 61' lang='grc'><em>’</em></span> <span class='ocrx_word' id='word_1_352' title='bbox 318 3682 418 3736; x_wconf 87' lang='lat' dir='ltr'><strong>sed</strong></span> <span class='ocrx_word' id='word_1_353' title='bbox 464 3682 852 3744; x_wconf 70' lang='lat' dir='ltr'><strong>necessitauzm</strong></span> <span class='ocrx_word' id='word_1_354' title='bbox 886 3679 1105 3734; x_wconf 87' lang='lat' dir='ltr'><strong>errandi</strong></span> <span class='ocrx_word' id='word_1_355' title='bbox 1139 3679 1464 3748; x_wconf 87' lang='lat' dir='ltr'><strong>objecerint.</strong></span> <span class='ocrx_word' id='word_1_356' title='bbox 1496 3679 1661 3748; x_wconf 86' lang='lat' dir='ltr'><strong>Atqui</strong></span> <span class='ocrx_word' id='word_1_357' title='bbox 1695 3694 1804 3732; x_wconf 92' lang='lat' dir='ltr'><strong>non</strong></span> <span class='ocrx_word' id='word_1_358' title='bbox 1835 3687 1896 3731; x_wconf 93' lang='lat' dir='ltr'><strong>ut</strong></span> 
     </span>
    </p>
   </div>
   <div class='ocr_carea' id='block_1_53' title="bbox 319 3770 1896 3840">
    <p class='ocr_par' dir='ltr' id='par_1_53' title="bbox 319 3770 1896 3840">
     <span class='ocr_line' id='line_1_53' title="bbox 319 3770 1896 3840; baseline -0.001 -15"><span class='ocrx_word' id='word_1_359' title='bbox 319 3772 424 3834; x_wconf 90' lang='lat' dir='ltr'><strong>illi,</strong></span> <span class='ocrx_word' id='word_1_360' title='bbox 474 3771 668 3825; x_wconf 89' lang='lat' dir='ltr'><strong>horum</strong></span> <span class='ocrx_word' id='word_1_361' title='bbox 701 3786 823 3839; x_wconf 70' lang='lat' dir='ltr'><strong>quae</strong></span> <span class='ocrx_word' id='word_1_362' title='bbox 867 3771 1109 3840; x_wconf 90' lang='lat' dir='ltr'><strong>primum</strong></span> <span class='ocrx_word' id='word_1_363' title='bbox 1151 3771 1316 3824; x_wconf 89' lang='lat' dir='ltr'><strong>modo</strong></span> <span class='ocrx_word' id='word_1_364' title='bbox 1359 3771 1672 3840; x_wconf 85' lang='lat' dir='ltr'><strong>produntur</strong></span> <span class='ocrx_word' id='word_1_365' title='bbox 1721 3770 1896 3826; x_wconf 90' lang='lat' dir='ltr'><strong>desti-</strong></span> 
     </span>
    </p>
   </div>
   <div class='ocr_carea' id='block_1_54' title="bbox 320 3845 1896 3947">
    <p class='ocr_par' dir='ltr' id='par_1_54' title="bbox 320 3845 1896 3947">
     <span class='ocr_line' id='line_1_54' title="bbox 320 3845 1896 3947; baseline 0.003 -31"><span class='ocrx_word' id='word_1_366' title='bbox 320 3863 426 3916; x_wconf 90' lang='lat' dir='ltr'><strong>tuti</strong></span> <span class='ocrx_word' id='word_1_367' title='bbox 475 3863 598 3918; x_wconf 90' lang='lat' dir='ltr'><strong>luce</strong></span> <span class='ocrx_word' id='word_1_368' title='bbox 646 3874 1158 3928; x_wconf 84' lang='lat' dir='ltr'><strong>monumenternm,</strong></span> <span class='ocrx_word' id='word_1_369' title='bbox 1193 3863 1331 3919; x_wconf 90' lang='lat' dir='ltr'><strong>citra</strong></span> <span class='ocrx_word' id='word_1_370' title='bbox 1373 3845 1590 3947; x_wconf 67' lang='lat' dir='ltr'><strong>culpam</strong></span> <span class='ocrx_word' id='word_1_371' title='bbox 1621 3875 1678 3920; x_wconf 92' lang='lat' dir='ltr'><strong>et</strong></span> <span class='ocrx_word' id='word_1_372' title='bbox 1703 3881 1896 3936; x_wconf 85' lang='lat' dir='ltr'><strong>repre-</strong></span> 
     </span>
    </p>
   </div>
   <div class='ocr_carea' id='block_1_55' title="bbox 319 3955 1936 4030">
    <p class='ocr_par' dir='ltr' id='par_1_55' title="bbox 319 3955 1936 4030">
     <span class='ocr_line' id='line_1_55' title="bbox 319 3955 1936 4030; baseline 0.005 -22"><span class='ocrx_word' id='word_1_373' title='bbox 319 3955 607 4009; x_wconf 86' lang='lat' dir='ltr'><strong>hensionis</strong></span> <span class='ocrx_word' id='word_1_374' title='bbox 653 3956 816 4026; x_wconf 52' lang='lat' dir='ltr'><strong>justas</strong></span> <span class='ocrx_word' id='word_1_375' title='bbox 855 3955 1114 4010; x_wconf 89' lang='lat' dir='ltr'><strong>meritum</strong></span> <span class='ocrx_word' id='word_1_376' title='bbox 1158 3956 1212 4009; x_wconf 89' lang='lat' dir='ltr'><strong>in</strong></span> <span class='ocrx_word' id='word_1_377' title='bbox 1266 3956 1352 4010; x_wconf 84' lang='lat' dir='ltr'><strong>his</strong></span> <span class='ocrx_word' id='word_1_378' title='bbox 1389 3957 1656 4014; x_wconf 86' lang='lat' dir='ltr'><strong>titubasse</strong></span> <span class='ocrx_word' id='word_1_379' title='bbox 1704 3970 1936 4030; x_wconf 85' lang='lat' dir='ltr'><strong>pelue--</strong></span> 
     </span>
    </p>
   </div>
   <div class='ocr_carea' id='block_1_56' title="bbox 319 4051 1897 4121">
    <p class='ocr_par' dir='ltr' id='par_1_56' title="bbox 319 4051 1897 4121">
     <span class='ocr_line' id='line_1_56' title="bbox 319 4051 1897 4121; baseline 0.003 -17"><span class='ocrx_word' id='word_1_380' title='bbox 319 4060 472 4114; x_wconf 89' lang='lat' dir='ltr'><strong>runt,</strong></span> <span class='ocrx_word' id='word_1_381' title='bbox 533 4051 695 4106; x_wconf 90' lang='lat' dir='ltr'><strong>nobis</strong></span> <span class='ocrx_word' id='word_1_382' title='bbox 748 4052 901 4116; x_wconf 91' lang='lat' dir='ltr'><strong>item,</strong></span> <span class='ocrx_word' id='word_1_383' title='bbox 953 4052 999 4106; x_wconf 89' lang='lat' dir='ltr'><strong>si</strong></span> <span class='ocrx_word' id='word_1_384' title='bbox 1050 4051 1184 4121; x_wconf 91' lang='lat' dir='ltr'><strong>quid</strong></span> <span class='ocrx_word' id='word_1_385' title='bbox 1234 4051 1652 4113; x_wconf 78' lang='lat' dir='ltr'><strong>offenderimus,</strong></span> <span class='ocrx_word' id='word_1_386' title='bbox 1700 4053 1897 4108; x_wconf 89' lang='lat' dir='ltr'><strong>similis</strong></span> 
     </span>
    </p>
   </div>
   <div class='ocr_carea' id='block_1_57' title="bbox 320 4144 1896 4212">
    <p class='ocr_par' dir='ltr' id='par_1_57' title="bbox 320 4144 1896 4212">
     <span class='ocr_line' id='line_1_57' title="bbox 320 4144 1896 4212; baseline 0.002 -15"><span class='ocrx_word' id='word_1_387' title='bbox 320 4146 497 4197; x_wconf 77' lang='lat' dir='ltr'><strong>venia:</strong></span> <span class='ocrx_word' id='word_1_388' title='bbox 529 4144 776 4198; x_wconf 92' lang='lat' dir='ltr'><strong>conditio</strong></span> <span class='ocrx_word' id='word_1_389' title='bbox 805 4160 870 4198; x_wconf 88' lang='lat' dir='ltr'><strong>ac.</strong></span> <span class='ocrx_word' id='word_1_390' title='bbox 902 4159 1027 4212; x_wconf 84' lang='lat' dir='ltr'><strong>spes</strong></span> <span class='ocrx_word' id='word_1_391' title='bbox 1054 4145 1383 4199; x_wconf 78' lang='lat' dir='ltr'><strong>ostenditur.</strong></span> <span class='ocrx_word' id='word_1_392' title='bbox 1425 4145 1630 4211; x_wconf 84' lang='lat' dir='ltr'><strong>Quare,</strong></span> <span class='ocrx_word' id='word_1_393' title='bbox 1659 4146 1764 4199; x_wconf 85' lang='lat' dir='ltr'><strong>nisi</strong></span> <span class='ocrx_word' id='word_1_394' title='bbox 1798 4146 1896 4200; x_wconf 90' lang='lat' dir='ltr'><strong>de-</strong></span> 
     </span>
    </p>
   </div>
   <div class='ocr_carea' id='block_1_58' title="bbox 325 4237 1892 4309">
    <p class='ocr_par' dir='ltr' id='par_1_58' title="bbox 325 4237 1892 4309">
     <span class='ocr_line' id='line_1_58' title="bbox 325 4237 1892 4309; baseline 0 -17"><span class='ocrx_word' id='word_1_395' title='bbox 325 4237 460 4292; x_wconf 88' lang='lat' dir='ltr'><strong>bere</strong></span> <span class='ocrx_word' id='word_1_396' title='bbox 491 4239 746 4292; x_wconf 89' lang='lat' dir='ltr'><strong>volumus</strong></span> <span class='ocrx_word' id='word_1_397' title='bbox 771 4237 832 4309; x_wconf 73' lang='lat' dir='ltr'><strong>[l’</strong></span> <span class='ocrx_word' id='word_1_398' title='bbox 863 4237 990 4308; x_wconf 74' lang='lat' dir='ltr'><strong>5l2]</strong></span> <span class='ocrx_word' id='word_1_399' title='bbox 1022 4239 1248 4292; x_wconf 88' lang='lat' dir='ltr'><strong>multam</strong></span> <span class='ocrx_word' id='word_1_400' title='bbox 1285 4238 1627 4309; x_wconf 76' lang='lat' dir='ltr'><strong>negligentia:</strong></span> <span class='ocrx_word' id='word_1_401' title='bbox 1652 4241 1892 4302; x_wconf 90' lang='lat' dir='ltr'><strong>nomine,</strong></span> 
     </span>
    </p>
   </div>
   <div class='ocr_carea' id='block_1_59' title="bbox 323 4331 1896 4400">
    <p class='ocr_par' dir='ltr' id='par_1_59' title="bbox 323 4331 1896 4400">
     <span class='ocr_line' id='line_1_59' title="bbox 323 4331 1896 4400; baseline -0.001 -15"><span class='ocrx_word' id='word_1_402' title='bbox 323 4331 691 4386; x_wconf 84' lang='lat' dir='ltr'><strong>annitendum</strong></span> <span class='ocrx_word' id='word_1_403' title='bbox 725 4341 809 4386; x_wconf 90' lang='lat' dir='ltr'><strong>est</strong></span> <span class='ocrx_word' id='word_1_404' title='bbox 839 4332 1002 4386; x_wconf 84' lang='lat' dir='ltr'><strong>nobis</strong></span> <span class='ocrx_word' id='word_1_405' title='bbox 1030 4340 1086 4387; x_wconf 91' lang='lat' dir='ltr'><strong>et</strong></span> <span class='ocrx_word' id='word_1_406' title='bbox 1134 4347 1234 4400; x_wconf 88' lang='lat' dir='ltr'><strong>pro</strong></span> <span class='ocrx_word' id='word_1_407' title='bbox 1268 4331 1410 4385; x_wconf 88' lang='lat' dir='ltr'><strong>virili</strong></span> <span class='ocrx_word' id='word_1_408' title='bbox 1446 4331 1896 4386; x_wconf 88' lang='lat' dir='ltr'><strong>contendendum</strong></span> 
     </span>
    </p>
   </div>
   <div class='ocr_carea' id='block_1_60' title="bbox 321 4423 1896 4492">
    <p class='ocr_par' dir='ltr' id='par_1_60' title="bbox 321 4423 1896 4492">
     <span class='ocr_line' id='line_1_60' title="bbox 321 4423 1896 4492; baseline 0.001 -16"><span class='ocrx_word' id='word_1_409' title='bbox 321 4423 379 4476; x_wconf 92' lang='lat' dir='ltr'><strong>in</strong></span> <span class='ocrx_word' id='word_1_410' title='bbox 416 4424 523 4477; x_wconf 90' lang='lat' dir='ltr'><strong>isto</strong></span> <span class='ocrx_word' id='word_1_411' title='bbox 553 4425 720 4478; x_wconf 87' lang='lat' dir='ltr'><strong>semel</strong></span> <span class='ocrx_word' id='word_1_412' title='bbox 757 4425 840 4478; x_wconf 89' lang='lat' dir='ltr'><strong>sic</strong></span> <span class='ocrx_word' id='word_1_413' title='bbox 871 4424 1158 4492; x_wconf 85' lang='lat' dir='ltr'><strong>purgando</strong></span> <span class='ocrx_word' id='word_1_414' title='bbox 1191 4425 1334 4490; x_wconf 89' lang='lat' dir='ltr'><strong>loco,</strong></span> <span class='ocrx_word' id='word_1_415' title='bbox 1374 4433 1433 4477; x_wconf 90' lang='lat' dir='ltr'><strong>ut</strong></span> <span class='ocrx_word' id='word_1_416' title='bbox 1460 4438 1588 4478; x_wconf 90' lang='lat' dir='ltr'><strong>eum</strong></span> <span class='ocrx_word' id='word_1_417' title='bbox 1636 4424 1896 4492; x_wconf 82' lang='lat' dir='ltr'><strong>deinceps</strong></span> 
     </span>
    </p>
   </div>
   <div class='ocr_carea' id='block_1_61' title="bbox 320 4515 1898 4586">
    <p class='ocr_par' dir='ltr' id='par_1_61' title="bbox 320 4515 1898 4586">
     <span class='ocr_line' id='line_1_61' title="bbox 320 4515 1898 4586; baseline 0.003 -20"><span class='ocrx_word' id='word_1_418' title='bbox 320 4515 411 4567; x_wconf 86' lang='lat' dir='ltr'><strong>vel</strong></span> <span class='ocrx_word' id='word_1_419' title='bbox 449 4515 744 4569; x_wconf 87' lang='lat' dir='ltr'><strong>mediocris</strong></span> <span class='ocrx_word' id='word_1_420' title='bbox 784 4517 1017 4570; x_wconf 88' lang='lat' dir='ltr'><strong>attentio</strong></span> <span class='ocrx_word' id='word_1_421' title='bbox 1047 4516 1280 4584; x_wconf 86' lang='lat' dir='ltr'><strong>legentis</strong></span> <span class='ocrx_word' id='word_1_422' title='bbox 1313 4516 1587 4572; x_wconf 76' lang='lat' dir='ltr'><strong>inoﬂenso</strong></span> <span class='ocrx_word' id='word_1_423' title='bbox 1617 4526 1782 4586; x_wconf 84' lang='lat' dir='ltr'><strong>queat</strong></span> <span class='ocrx_word' id='word_1_424' title='bbox 1806 4532 1898 4571; x_wconf 83' lang='lat' dir='ltr'><strong>vc-</strong></span> 
     </span>
    </p>
   </div>
   <div class='ocr_carea' id='block_1_62' title="bbox 1986 2011 3553 2095">
    <p class='ocr_par' dir='ltr' id='par_1_62' title="bbox 1986 2011 3553 2095">
     <span class='ocr_line' id='line_1_62' title="bbox 1986 2011 3553 2095; baseline -0.01 -17"><span class='ocrx_word' id='word_1_425' title='bbox 1986 2025 2118 2090; x_wconf 88' lang='lat' dir='ltr'><strong>diei,</strong></span> <span class='ocrx_word' id='word_1_426' title='bbox 2182 2034 2242 2080; x_wconf 91' lang='lat' dir='ltr'><strong>ut</strong></span> <span class='ocrx_word' id='word_1_427' title='bbox 2299 2038 2591 2095; x_wconf 88' lang='lat' dir='ltr'><strong>perperam</strong></span> <span class='ocrx_word' id='word_1_428' title='bbox 2654 2021 2879 2091; x_wconf 90' lang='lat' dir='ltr'><strong>ponitur</strong></span> <span class='ocrx_word' id='word_1_429' title='bbox 2941 2017 3084 2086; x_wconf 91' lang='lat' dir='ltr'><strong>apud</strong></span> <span class='ocrx_word' id='word_1_430' title='bbox 3149 2011 3553 2084; x_wconf 81' lang='lat' dir='ltr'><strong>Spondanum),</strong></span> 
     </span>
    </p>
   </div>
   <div class='ocr_carea' id='block_1_63' title="bbox 1989 2110 3555 2186">
    <p class='ocr_par' dir='ltr' id='par_1_63' title="bbox 1989 2110 3555 2186">
     <span class='ocr_line' id='line_1_63' title="bbox 1989 2110 3555 2186; baseline -0.01 -14"><span class='ocrx_word' id='word_1_431' title='bbox 1989 2118 2174 2182; x_wconf 90' lang='lat' dir='ltr'><strong>unius,</strong></span> <span class='ocrx_word' id='word_1_432' title='bbox 2235 2117 2487 2186; x_wconf 90' lang='lat' dir='ltr'><strong>inquam,</strong></span> <span class='ocrx_word' id='word_1_433' title='bbox 2519 2112 2883 2170; x_wconf 87' lang='lat' dir='ltr'><strong>hebdomadis</strong></span> <span class='ocrx_word' id='word_1_434' title='bbox 2910 2111 3089 2180; x_wconf 89' lang='lat' dir='ltr'><strong>spatio</strong></span> <span class='ocrx_word' id='word_1_435' title='bbox 3137 2110 3428 2169; x_wconf 87' lang='lat' dir='ltr'><strong>diaconus,</strong></span> <span class='ocrx_word' id='word_1_436' title='bbox 3465 2119 3555 2157; x_wconf 86' lang='lat' dir='ltr'><strong>sa-</strong></span> 
     </span>
    </p>
   </div>
   <div class='ocr_carea' id='block_1_64' title="bbox 1988 2202 3554 2281">
    <p class='ocr_par' dir='ltr' id='par_1_64' title="bbox 1988 2202 3554 2281">
     <span class='ocr_line' id='line_1_64' title="bbox 1988 2202 3554 2281; baseline -0.011 -14"><span class='ocrx_word' id='word_1_437' title='bbox 1988 2212 2186 2268; x_wconf 85' lang='lat' dir='ltr'><strong>cerdos</strong></span> <span class='ocrx_word' id='word_1_438' title='bbox 2217 2220 2273 2266; x_wconf 92' lang='lat' dir='ltr'><strong>et</strong></span> <span class='ocrx_word' id='word_1_439' title='bbox 2293 2209 2606 2281; x_wconf 88' lang='lat' dir='ltr'><strong>patriarcha</strong></span> <span class='ocrx_word' id='word_1_440' title='bbox 2651 2208 2940 2263; x_wconf 89' lang='lat' dir='ltr'><strong>ordinatus</strong></span> <span class='ocrx_word' id='word_1_441' title='bbox 2976 2213 3079 2262; x_wconf 87' lang='lat' dir='ltr'><strong>est.</strong></span> <span class='ocrx_word' id='word_1_442' title='bbox 3128 2202 3388 2270; x_wconf 89' lang='lat' dir='ltr'><strong>Idemque</strong></span> <span class='ocrx_word' id='word_1_443' title='bbox 3431 2213 3554 2250; x_wconf 81' lang='lat' dir='ltr'><strong>mox</strong></span> 
     </span>
    </p>
   </div>
   <div class='ocr_carea' id='block_1_65' title="bbox 1986 2291 3555 2359">
    <p class='ocr_par' dir='ltr' id='par_1_65' title="bbox 1986 2291 3555 2359">
     <span class='ocr_line' id='line_1_65' title="bbox 1986 2291 3555 2359; baseline -0.01 -1"><span class='ocrx_word' id='word_1_444' title='bbox 1986 2304 2189 2359; x_wconf 86' lang='lat' dir='ltr'><strong>ritibus</strong></span> <span class='ocrx_word' id='word_1_445' title='bbox 2224 2304 2278 2358; x_wconf 92' lang='lat' dir='ltr'><strong>in</strong></span> <span class='ocrx_word' id='word_1_446' title='bbox 2309 2303 2546 2358; x_wconf 84' lang='lat' dir='ltr'><strong>ecclesia</strong></span> <span class='ocrx_word' id='word_1_447' title='bbox 2581 2291 2860 2356; x_wconf 81' lang='lat' dir='ltr'><strong>consuetis</strong></span> <span class='ocrx_word' id='word_1_448' title='bbox 2905 2295 3259 2351; x_wconf 86' lang='lat' dir='ltr'><strong>Theodorum</strong></span> <span class='ocrx_word' id='word_1_449' title='bbox 3291 2291 3555 2346; x_wconf 89' lang='lat' dir='ltr'><strong>eumdem</strong></span> 
     </span>
    </p>
   </div>
   <div class='ocr_carea' id='block_1_66' title="bbox 1989 2393 2724 2466">
    <p class='ocr_par' dir='ltr' id='par_1_66' title="bbox 1989 2393 2724 2466">
     <span class='ocr_line' id='line_1_66' title="bbox 1989 2393 2724 2466; baseline -0.004 -15"><span class='ocrx_word' id='word_1_450' title='bbox 1989 2397 2382 2466; x_wconf 82' lang='lat' dir='ltr'><strong>imperatorem</strong></span> <span class='ocrx_word' id='word_1_451' title='bbox 2413 2393 2724 2450; x_wconf 88' lang='lat' dir='ltr'><strong>coronavit.</strong></span> 
     </span>
    </p>
   </div>
   <div class='ocr_carea' id='block_1_67' title="bbox 2059 2472 3556 2541">
    <p class='ocr_par' dir='ltr' id='par_1_67' title="bbox 2059 2472 3556 2541">
     <span class='ocr_line' id='line_1_67' title="bbox 2059 2472 3556 2541; baseline -0.009 -2"><span class='ocrx_word' id='word_1_452' title='bbox 2059 2485 2127 2541; x_wconf 91' lang='lat' dir='ltr'><strong>ll.</strong></span> <span class='ocrx_word' id='word_1_453' title='bbox 2177 2486 2350 2540; x_wconf 84' lang='lat' dir='ltr'><strong>Nemo</strong></span> <span class='ocrx_word' id='word_1_454' title='bbox 2397 2499 2508 2538; x_wconf 90' lang='lat' dir='ltr'><strong>non</strong></span> <span class='ocrx_word' id='word_1_455' title='bbox 2554 2483 2706 2537; x_wconf 85' lang='lat' dir='ltr'><strong>videt</strong></span> <span class='ocrx_word' id='word_1_456' title='bbox 2747 2482 2803 2536; x_wconf 90' lang='lat' dir='ltr'><strong>iii</strong></span> <span class='ocrx_word' id='word_1_457' title='bbox 2853 2481 2940 2534; x_wconf 89' lang='lat' dir='ltr'><strong>his</strong></span> <span class='ocrx_word' id='word_1_458' title='bbox 2975 2479 3134 2534; x_wconf 80' lang='lat' dir='ltr'><strong>facile</strong></span> <span class='ocrx_word' id='word_1_459' title='bbox 3182 2475 3430 2532; x_wconf 91' lang='lat' dir='ltr'><strong>consumi</strong></span> <span class='ocrx_word' id='word_1_460' title='bbox 3461 2472 3556 2526; x_wconf 85' lang='lat' dir='ltr'><strong>dc-</strong></span> 
     </span>
    </p>
   </div>
   <div class='ocr_carea' id='block_1_68' title="bbox 1990 2565 3558 2640">
    <p class='ocr_par' dir='ltr' id='par_1_68' title="bbox 1990 2565 3558 2640">
     <span class='ocr_line' id='line_1_68' title="bbox 1990 2565 3558 2640; baseline -0.011 -8"><span class='ocrx_word' id='word_1_461' title='bbox 1990 2576 2176 2632; x_wconf 87' lang='lat' dir='ltr'><strong>buisse</strong></span> <span class='ocrx_word' id='word_1_462' title='bbox 2214 2575 2564 2629; x_wconf 90' lang='lat' dir='ltr'><strong>intervallum</strong></span> <span class='ocrx_word' id='word_1_463' title='bbox 2618 2571 3180 2640; x_wconf 88' lang='lat' dir='ltr'><strong>sesquimenstruum,</strong></span> <span class='ocrx_word' id='word_1_464' title='bbox 3219 2574 3277 2618; x_wconf 93' lang='lat' dir='ltr'><strong>ut</strong></span> <span class='ocrx_word' id='word_1_465' title='bbox 3317 2565 3406 2617; x_wconf 80' lang='lat' dir='ltr'><strong>vix</strong></span> <span class='ocrx_word' id='word_1_466' title='bbox 3440 2572 3558 2616; x_wconf 86' lang='lat' dir='ltr'><strong>tan-</strong></span> 
     </span>
    </p>
   </div>
   <div class='ocr_carea' id='block_1_69' title="bbox 1991 2654 3560 2729">
    <p class='ocr_par' dir='ltr' id='par_1_69' title="bbox 1991 2654 3560 2729">
     <span class='ocr_line' id='line_1_69' title="bbox 1991 2654 3560 2729; baseline -0.011 -6"><span class='ocrx_word' id='word_1_467' title='bbox 1991 2670 2112 2723; x_wconf 89' lang='lat' dir='ltr'><strong>dem</strong></span> <span class='ocrx_word' id='word_1_468' title='bbox 2152 2666 2256 2722; x_wconf 91' lang='lat' dir='ltr'><strong>sub</strong></span> <span class='ocrx_word' id='word_1_469' title='bbox 2285 2665 2526 2720; x_wconf 89' lang='lat' dir='ltr'><strong>inedium</strong></span> <span class='ocrx_word' id='word_1_470' title='bbox 2562 2662 2917 2718; x_wconf 80' lang='lat' dir='ltr'><strong>Decembrem</strong></span> <span class='ocrx_word' id='word_1_471' title='bbox 2971 2659 3378 2729; x_wconf 85' lang='lat' dir='ltr'><strong>possessionem</strong></span> <span class='ocrx_word' id='word_1_472' title='bbox 3412 2654 3560 2707; x_wconf 81' lang='lat' dir='ltr'><strong>adire</strong></span> 
     </span>
    </p>
   </div>
   <div class='ocr_carea' id='block_1_70' title="bbox 1939 2751 3560 2828">
    <p class='ocr_par' dir='ltr' id='par_1_70' title="bbox 1939 2751 3560 2828">
     <span class='ocr_line' id='line_1_70' title="bbox 1939 2751 3560 2828; baseline -0.01 -14"><span class='ocrx_word' id='word_1_473' title='bbox 1939 2782 1960 2805; x_wconf 68' lang='grc' dir='ltr'><strong>κ</strong></span> <span class='ocrx_word' id='word_1_474' title='bbox 1992 2758 2395 2828; x_wconf 88' lang='lat' dir='ltr'><strong>patriarcliatus</strong></span> <span class='ocrx_word' id='word_1_475' title='bbox 2444 2757 2712 2811; x_wconf 83' lang='lat' dir='ltr'><strong>Arsenius</strong></span> <span class='ocrx_word' id='word_1_476' title='bbox 2762 2753 3024 2824; x_wconf 88' lang='lat' dir='ltr'><strong>potuerit.</strong></span> <span class='ocrx_word' id='word_1_477' title='bbox 3080 2751 3216 2816; x_wconf 85' lang='lat' dir='ltr'><strong>Quia</strong></span> <span class='ocrx_word' id='word_1_478' title='bbox 3267 2763 3451 2818; x_wconf 86' lang='lat' dir='ltr'><strong>porro,</strong></span> <span class='ocrx_word' id='word_1_479' title='bbox 3507 2757 3560 2797; x_wconf 87' lang='lat' dir='ltr'><strong>ut</strong></span> 
     </span>
    </p>
   </div>
   <div class='ocr_carea' id='block_1_71' title="bbox 1993 2845 3560 2922">
    <p class='ocr_par' dir='ltr' id='par_1_71' title="bbox 1993 2845 3560 2922">
     <span class='ocr_line' id='line_1_71' title="bbox 1993 2845 3560 2922; baseline -0.011 -17"><span class='ocrx_word' id='word_1_480' title='bbox 1993 2861 2149 2905; x_wconf 88' lang='lat' dir='ltr'><strong>notat</strong></span> <span class='ocrx_word' id='word_1_481' title='bbox 2188 2849 2531 2918; x_wconf 85' lang='lat' dir='ltr'><strong>Acropolita,</strong></span> <span class='ocrx_word' id='word_1_482' title='bbox 2577 2846 2906 2922; x_wconf 85' lang='lat' dir='ltr'><strong>Theodorus</strong></span> <span class='ocrx_word' id='word_1_483' title='bbox 2955 2845 3256 2912; x_wconf 90' lang='lat' dir='ltr'><strong>imperator</strong></span> <span class='ocrx_word' id='word_1_484' title='bbox 3303 2849 3560 2895; x_wconf 74' lang='lat' dir='ltr'><strong>evocatus</strong></span> 
     </span>
    </p>
   </div>
   <div class='ocr_carea' id='block_1_72' title="bbox 1994 2931 3560 3012">
    <p class='ocr_par' dir='ltr' id='par_1_72' title="bbox 1994 2931 3560 3012">
     <span class='ocr_line' id='line_1_72' title="bbox 1994 2931 3560 3012; baseline -0.011 -11"><span class='ocrx_word' id='word_1_485' title='bbox 1994 2944 2406 3012; x_wconf 82' lang='lat' dir='ltr'><strong>AdriaiiOpolim</strong></span> <span class='ocrx_word' id='word_1_486' title='bbox 2457 2941 2792 2996; x_wconf 88' lang='lat' dir='ltr'><strong>instantibus</strong></span> <span class='ocrx_word' id='word_1_487' title='bbox 2846 2938 3050 3002; x_wconf 83' lang='lat' dir='ltr'><strong>causis,</strong></span> <span class='ocrx_word' id='word_1_488' title='bbox 3096 2935 3352 3005; x_wconf 79' lang='lat' dir='ltr'><strong>expedire</strong></span> <span class='ocrx_word' id='word_1_489' title='bbox 3385 2948 3442 2987; x_wconf 91' lang='lat' dir='ltr'><strong>se</strong></span> <span class='ocrx_word' id='word_1_490' title='bbox 3472 2931 3560 2985; x_wconf 86' lang='lat' dir='ltr'><strong>Ni-</strong></span> 
     </span>
    </p>
   </div>
   <div class='ocr_carea' id='block_1_73' title="bbox 1995 3029 3556 3096">
    <p class='ocr_par' dir='ltr' id='par_1_73' title="bbox 1995 3029 3556 3096">
     <span class='ocr_line' id='line_1_73' title="bbox 1995 3029 3556 3096; baseline -0.01 -5"><span class='ocrx_word' id='word_1_491' title='bbox 1995 3053 2120 3092; x_wconf 64' lang='lat' dir='ltr'><strong>ca&#39;a:</strong></span> <span class='ocrx_word' id='word_1_492' title='bbox 2167 3030 2464 3091; x_wconf 81' lang='lat' dir='ltr'><strong>festinabat</strong></span> <span class='ocrx_word' id='word_1_493' title='bbox 2515 3034 2833 3089; x_wconf 88' lang='lat' dir='ltr'><strong>necessaria</strong></span> <span class='ocrx_word' id='word_1_494' title='bbox 2897 3030 3221 3086; x_wconf 81' lang='lat' dir='ltr'><strong>ca:remonia</strong></span> <span class='ocrx_word' id='word_1_495' title='bbox 3274 3029 3556 3096; x_wconf 79' lang='lat' dir='ltr'><strong>inaugura-</strong></span> 
     </span>
    </p>
   </div>
   <div class='ocr_carea' id='block_1_74' title="bbox 1994 3118 3562 3199">
    <p class='ocr_par' dir='ltr' id='par_1_74' title="bbox 1994 3118 3562 3199">
     <span class='ocr_line' id='line_1_74' title="bbox 1994 3118 3562 3199; baseline -0.01 -14"><span class='ocrx_word' id='word_1_496' title='bbox 1994 3130 2162 3185; x_wconf 83' lang='lat' dir='ltr'><strong>tionis</strong></span> <span class='ocrx_word' id='word_1_497' title='bbox 2202 3145 2334 3194; x_wconf 65' lang='lat' dir='ltr'><strong>suaa,</strong></span> <span class='ocrx_word' id='word_1_498' title='bbox 2369 3145 2491 3199; x_wconf 68' lang='lat' dir='ltr'><strong>quae</strong></span> <span class='ocrx_word' id='word_1_499' title='bbox 2525 3127 2696 3198; x_wconf 88' lang='lat' dir='ltr'><strong>prima</strong></span> <span class='ocrx_word' id='word_1_500' title='bbox 2727 3128 2775 3180; x_wconf 90' lang='lat' dir='ltr'><strong>ei</strong></span> <span class='ocrx_word' id='word_1_501' title='bbox 2806 3139 2932 3197; x_wconf 88' lang='lat' dir='ltr'><strong>apta</strong></span> <span class='ocrx_word' id='word_1_502' title='bbox 2964 3142 3021 3180; x_wconf 91' lang='lat' dir='ltr'><strong>se</strong></span> <span class='ocrx_word' id='word_1_503' title='bbox 3055 3123 3254 3179; x_wconf 90' lang='lat' dir='ltr'><strong>obtulit</strong></span> <span class='ocrx_word' id='word_1_504' title='bbox 3283 3121 3400 3174; x_wconf 90' lang='lat' dir='ltr'><strong>dies</strong></span> <span class='ocrx_word' id='word_1_505' title='bbox 3433 3118 3562 3187; x_wconf 91' lang='lat' dir='ltr'><strong>(fuit</strong></span> 
     </span>
    </p>
   </div>
   <div class='ocr_carea' id='block_1_75' title="bbox 1997 3217 3564 3289">
    <p class='ocr_par' dir='ltr' id='par_1_75' title="bbox 1997 3217 3564 3289">
     <span class='ocr_line' id='line_1_75' title="bbox 1997 3217 3564 3289; baseline -0.009 -13"><span class='ocrx_word' id='word_1_506' title='bbox 1997 3237 2060 3276; x_wconf 87' lang='lat' dir='ltr'><strong>ea</strong></span> <span class='ocrx_word' id='word_1_507' title='bbox 2091 3221 2294 3277; x_wconf 86' lang='lat' dir='ltr'><strong>Christi</strong></span> <span class='ocrx_word' id='word_1_508' title='bbox 2328 3221 2525 3276; x_wconf 91' lang='lat' dir='ltr'><strong>natalis</strong></span> <span class='ocrx_word' id='word_1_509' title='bbox 2547 3223 2586 3289; x_wconf 80' lang='lat'><strong>),</strong></span> <span class='ocrx_word' id='word_1_510' title='bbox 2638 3222 2693 3274; x_wconf 90' lang='lat' dir='ltr'><strong>in</strong></span> <span class='ocrx_word' id='word_1_511' title='bbox 2725 3235 2788 3273; x_wconf 91' lang='lat' dir='ltr'><strong>ea</strong></span> <span class='ocrx_word' id='word_1_512' title='bbox 2821 3220 2992 3273; x_wconf 87' lang='lat' dir='ltr'><strong>sacris</strong></span> <span class='ocrx_word' id='word_1_513' title='bbox 3025 3217 3263 3286; x_wconf 89' lang='lat' dir='ltr'><strong>primum</strong></span> <span class='ocrx_word' id='word_1_514' title='bbox 3299 3221 3564 3283; x_wconf 75' lang='lat' dir='ltr'><strong>cperante</strong></span> 
     </span>
    </p>
   </div>
   <div class='ocr_carea' id='block_1_76' title="bbox 1999 3308 3553 3384">
    <p class='ocr_par' dir='ltr' id='par_1_76' title="bbox 1999 3308 3553 3384">
     <span class='ocr_line' id='line_1_76' title="bbox 1999 3308 3553 3384; baseline -0.008 -17"><span class='ocrx_word' id='word_1_515' title='bbox 1999 3314 2314 3384; x_wconf 86' lang='lat' dir='ltr'><strong>patriarcha</strong></span> <span class='ocrx_word' id='word_1_516' title='bbox 2349 3315 2652 3368; x_wconf 89' lang='lat' dir='ltr'><strong>solemnem</strong></span> <span class='ocrx_word' id='word_1_517' title='bbox 2684 3315 2738 3366; x_wconf 88' lang='lat' dir='ltr'><strong>in</strong></span> <span class='ocrx_word' id='word_1_518' title='bbox 2773 3311 2978 3381; x_wconf 90' lang='lat' dir='ltr'><strong>templo</strong></span> <span class='ocrx_word' id='word_1_519' title='bbox 3028 3308 3441 3364; x_wconf 84' lang='lat' dir='ltr'><strong>coronationem</strong></span> <span class='ocrx_word' id='word_1_520' title='bbox 3479 3319 3553 3356; x_wconf 83' lang='lat' dir='ltr'><strong>ac-</strong></span> 
     </span>
    </p>
   </div>
   <div class='ocr_carea' id='block_1_77' title="bbox 1997 3401 3566 3478">
    <p class='ocr_par' dir='ltr' id='par_1_77' title="bbox 1997 3401 3566 3478">
     <span class='ocr_line' id='line_1_77' title="bbox 1997 3401 3566 3478; baseline -0.01 -14"><span class='ocrx_word' id='word_1_521' title='bbox 1997 3409 2144 3478; x_wconf 89' lang='lat' dir='ltr'><strong>cepit</strong></span> <span class='ocrx_word' id='word_1_522' title='bbox 2169 3409 2258 3463; x_wconf 90' lang='lat' dir='ltr'><strong>die</strong></span> <span class='ocrx_word' id='word_1_523' title='bbox 2285 3409 2355 3464; x_wconf 72' lang='lat'><strong>25</strong></span> <span class='ocrx_word' id='word_1_524' title='bbox 2385 3405 2729 3469; x_wconf 80' lang='lat' dir='ltr'><strong>Decembris,</strong></span> <span class='ocrx_word' id='word_1_525' title='bbox 2764 3419 2794 3458; x_wconf 90' lang='lat' dir='ltr'><strong>a</strong></span> <span class='ocrx_word' id='word_1_526' title='bbox 2841 3420 2948 3474; x_wconf 87' lang='lat' dir='ltr'><strong>qua</strong></span> <span class='ocrx_word' id='word_1_527' title='bbox 2983 3401 3092 3467; x_wconf 89' lang='lat' dir='ltr'><strong>die,</strong></span> <span class='ocrx_word' id='word_1_528' title='bbox 3123 3416 3246 3470; x_wconf 68' lang='lat' dir='ltr'><strong>quae</strong></span> <span class='ocrx_word' id='word_1_529' title='bbox 3287 3407 3437 3452; x_wconf 76' lang='lat' dir='ltr'><strong>sexta</strong></span> <span class='ocrx_word' id='word_1_530' title='bbox 3484 3403 3566 3450; x_wconf 90' lang='lat' dir='ltr'><strong>est</strong></span> 
     </span>
    </p>
   </div>
   <div class='ocr_carea' id='block_1_78' title="bbox 1997 3488 3566 3565">
    <p class='ocr_par' dir='ltr' id='par_1_78' title="bbox 1997 3488 3566 3565">
     <span class='ocr_line' id='line_1_78' title="bbox 1997 3488 3566 3565; baseline -0.01 -8"><span class='ocrx_word' id='word_1_531' title='bbox 1997 3512 2306 3565; x_wconf 87' lang='lat' dir='ltr'><strong>numerata,</strong></span> <span class='ocrx_word' id='word_1_532' title='bbox 2369 3499 2688 3556; x_wconf 88' lang='lat' dir='ltr'><strong>Decembris</strong></span> <span class='ocrx_word' id='word_1_533' title='bbox 2737 3497 2806 3552; x_wconf 81' lang='lat'><strong>50</strong></span> <span class='ocrx_word' id='word_1_534' title='bbox 2853 3494 3132 3550; x_wconf 89' lang='lat' dir='ltr'><strong>horrenda</strong></span> <span class='ocrx_word' id='word_1_535' title='bbox 3186 3493 3319 3546; x_wconf 89' lang='lat' dir='ltr'><strong>solis</strong></span> <span class='ocrx_word' id='word_1_536' title='bbox 3371 3488 3566 3558; x_wconf 88' lang='lat' dir='ltr'><strong>eclipsi</strong></span> 
     </span>
    </p>
   </div>
   <div class='ocr_carea' id='block_1_79' title="bbox 1998 3579 3567 3662">
    <p class='ocr_par' dir='ltr' id='par_1_79' title="bbox 1998 3579 3567 3662">
     <span class='ocr_line' id='line_1_79' title="bbox 1998 3579 3567 3662; baseline -0.009 -15"><span class='ocrx_word' id='word_1_537' title='bbox 1998 3592 2105 3648; x_wconf 91' lang='lat' dir='ltr'><strong>fuit</strong></span> <span class='ocrx_word' id='word_1_538' title='bbox 2131 3591 2690 3662; x_wconf 73' lang='lat' dir='ltr'><strong>insignis.—llabemus</strong></span> <span class='ocrx_word' id='word_1_539' title='bbox 2715 3605 2782 3645; x_wconf 80' lang='lat' dir='ltr'><strong>ex</strong></span> <span class='ocrx_word' id='word_1_540' title='bbox 2809 3584 2906 3643; x_wconf 80' lang='lat' dir='ltr'><strong>his</strong></span> <span class='ocrx_word' id='word_1_541' title='bbox 2935 3587 3151 3641; x_wconf 91' lang='lat' dir='ltr'><strong>initium</strong></span> <span class='ocrx_word' id='word_1_542' title='bbox 3178 3584 3325 3638; x_wconf 88' lang='lat' dir='ltr'><strong>sedis</strong></span> <span class='ocrx_word' id='word_1_543' title='bbox 3351 3579 3567 3636; x_wconf 80' lang='lat' dir='ltr'><strong>Arsenii</strong></span> 
     </span>
    </p>
   </div>
   <div class='ocr_carea' id='block_1_80' title="bbox 1999 3667 3566 3738">
    <p class='ocr_par' dir='ltr' id='par_1_80' title="bbox 1999 3667 3566 3738">
     <span class='ocr_line' id='line_1_80' title="bbox 1999 3667 3566 3738; baseline -0.008 0"><span class='ocrx_word' id='word_1_544' title='bbox 1999 3685 2147 3738; x_wconf 92' lang='lat' dir='ltr'><strong>omiii</strong></span> <span class='ocrx_word' id='word_1_545' title='bbox 2206 3685 2465 3738; x_wconf 80' lang='lat' dir='ltr'><strong>firmitate</strong></span> <span class='ocrx_word' id='word_1_546' title='bbox 2518 3667 2882 3737; x_wconf 78' lang='lat' dir='ltr'><strong>constitutum</strong></span> <span class='ocrx_word' id='word_1_547' title='bbox 2931 3680 2984 3734; x_wconf 92' lang='lat' dir='ltr'><strong>in</strong></span> <span class='ocrx_word' id='word_1_548' title='bbox 3038 3694 3226 3732; x_wconf 85' lang='lat' dir='ltr'><strong>mense</strong></span> <span class='ocrx_word' id='word_1_549' title='bbox 3279 3674 3566 3730; x_wconf 88' lang='lat' dir='ltr'><strong>Decembri</strong></span> 
     </span>
    </p>
   </div>
   <div class='ocr_carea' id='block_1_81' title="bbox 1999 3767 3567 3843">
    <p class='ocr_par' dir='ltr' id='par_1_81' title="bbox 1999 3767 3567 3843">
     <span class='ocr_line' id='line_1_81' title="bbox 1999 3767 3567 3843; baseline -0.006 -12"><span class='ocrx_word' id='word_1_550' title='bbox 1999 3779 2125 3831; x_wconf 90' lang='lat' dir='ltr'><strong>anni</strong></span> <span class='ocrx_word' id='word_1_551' title='bbox 2164 3777 2304 3830; x_wconf 73' lang='lat'><strong>1255</strong></span> <span class='ocrx_word' id='word_1_552' title='bbox 2341 3793 2368 3830; x_wconf 85' lang='lat' dir='ltr'><strong>a</strong></span> <span class='ocrx_word' id='word_1_553' title='bbox 2402 3775 2628 3830; x_wconf 79' lang='lat' dir='ltr'><strong>Christo</strong></span> <span class='ocrx_word' id='word_1_554' title='bbox 2666 3785 2818 3828; x_wconf 86' lang='lat' dir='ltr'><strong>nato.</strong></span> <span class='ocrx_word' id='word_1_555' title='bbox 2871 3769 3250 3828; x_wconf 83' lang='lat' dir='ltr'><strong>Perseveravit</strong></span> <span class='ocrx_word' id='word_1_556' title='bbox 3299 3768 3427 3822; x_wconf 89' lang='lat' dir='ltr'><strong>inde</strong></span> <span class='ocrx_word' id='word_1_557' title='bbox 3479 3767 3567 3843; x_wconf 88' lang='lat' dir='ltr'><strong>ille</strong></span> 
     </span>
    </p>
   </div>
   <div class='ocr_carea' id='block_1_82' title="bbox 1999 3861 3568 3939">
    <p class='ocr_par' dir='ltr' id='par_1_82' title="bbox 1999 3861 3568 3939">
     <span class='ocr_line' id='line_1_82' title="bbox 1999 3861 3568 3939; baseline -0.008 -15"><span class='ocrx_word' id='word_1_558' title='bbox 1999 3870 2056 3924; x_wconf 90' lang='lat' dir='ltr'><strong>in</strong></span> <span class='ocrx_word' id='word_1_559' title='bbox 2115 3870 2408 3939; x_wconf 84' lang='lat' dir='ltr'><strong>tranquilla</strong></span> <span class='ocrx_word' id='word_1_560' title='bbox 2465 3869 2751 3922; x_wconf 89' lang='lat' dir='ltr'><strong>functione</strong></span> <span class='ocrx_word' id='word_1_561' title='bbox 2821 3865 3223 3936; x_wconf 88' lang='lat' dir='ltr'><strong>patriarchatus</strong></span> <span class='ocrx_word' id='word_1_562' title='bbox 3279 3875 3452 3930; x_wconf 87' lang='lat' dir='ltr'><strong>usque</strong></span> <span class='ocrx_word' id='word_1_563' title='bbox 3502 3861 3568 3914; x_wconf 90' lang='lat' dir='ltr'><strong>ad</strong></span> 
     </span>
    </p>
   </div>
   <div class='ocr_carea' id='block_1_83' title="bbox 1999 3957 3586 4030">
    <p class='ocr_par' dir='ltr' id='par_1_83' title="bbox 1999 3957 3586 4030">
     <span class='ocr_line' id='line_1_83' title="bbox 1999 3957 3586 4030; baseline -0.009 -12"><span class='ocrx_word' id='word_1_564' title='bbox 1999 3973 2236 4018; x_wconf 89' lang='lat' dir='ltr'><strong>mortem</strong></span> <span class='ocrx_word' id='word_1_565' title='bbox 2263 3963 2534 4016; x_wconf 85' lang='lat' dir='ltr'><strong>Theodori</strong></span> <span class='ocrx_word' id='word_1_566' title='bbox 2569 3960 2935 4030; x_wconf 87' lang='lat' dir='ltr'><strong>imperatoris,</strong></span> <span class='ocrx_word' id='word_1_567' title='bbox 2970 3974 3091 4027; x_wconf 71' lang='lat' dir='ltr'><strong>qua:</strong></span> <span class='ocrx_word' id='word_1_568' title='bbox 3114 3971 3301 4010; x_wconf 88' lang='lat' dir='ltr'><strong>mense</strong></span> <span class='ocrx_word' id='word_1_569' title='bbox 3325 3957 3586 4022; x_wconf 77' lang='lat' dir='ltr'><strong>Augusto-</strong></span> 
     </span>
    </p>
   </div>
   <div class='ocr_carea' id='block_1_84' title="bbox 2002 4047 3562 4118">
    <p class='ocr_par' dir='ltr' id='par_1_84' title="bbox 2002 4047 3562 4118">
     <span class='ocr_line' id='line_1_84' title="bbox 2002 4047 3562 4118; baseline -0.008 -8"><span class='ocrx_word' id='word_1_570' title='bbox 2002 4056 2131 4110; x_wconf 84' lang='lat' dir='ltr'><strong>auui</strong></span> <span class='ocrx_word' id='word_1_571' title='bbox 2170 4054 2378 4109; x_wconf 88' lang='lat' dir='ltr'><strong>Christi</strong></span> <span class='ocrx_word' id='word_1_572' title='bbox 2404 4053 2542 4108; x_wconf 70' lang='grc'><strong>1259</strong></span> <span class='ocrx_word' id='word_1_573' title='bbox 2564 4053 2767 4117; x_wconf 88' lang='lat' dir='ltr'><strong>evenit,</strong></span> <span class='ocrx_word' id='word_1_574' title='bbox 2801 4068 3013 4106; x_wconf 89' lang='lat' dir='ltr'><strong>necnon</strong></span> <span class='ocrx_word' id='word_1_575' title='bbox 3043 4064 3214 4118; x_wconf 90' lang='lat' dir='ltr'><strong>usque</strong></span> <span class='ocrx_word' id='word_1_576' title='bbox 3239 4048 3305 4102; x_wconf 90' lang='lat' dir='ltr'><strong>ad</strong></span> <span class='ocrx_word' id='word_1_577' title='bbox 3328 4047 3562 4101; x_wconf 84' lang='lat' dir='ltr'><strong>evectio-</strong></span> 
     </span>
    </p>
   </div>
   <div class='ocr_carea' id='block_1_85' title="bbox 1999 4143 3557 4216">
    <p class='ocr_par' dir='ltr' id='par_1_85' title="bbox 1999 4143 3557 4216">
     <span class='ocr_line' id='line_1_85' title="bbox 1999 4143 3557 4216; baseline -0.007 -13"><span class='ocrx_word' id='word_1_578' title='bbox 1999 4164 2124 4203; x_wconf 89' lang='lat' dir='ltr'><strong>nem</strong></span> <span class='ocrx_word' id='word_1_579' title='bbox 2147 4148 2200 4201; x_wconf 91' lang='lat' dir='ltr'><strong>in</strong></span> <span class='ocrx_word' id='word_1_580' title='bbox 2219 4146 2508 4216; x_wconf 91' lang='lat' dir='ltr'><strong>imperium</strong></span> <span class='ocrx_word' id='word_1_581' title='bbox 2529 4144 2806 4199; x_wconf 82' lang='lat' dir='ltr'><strong>Michaelis</strong></span> <span class='ocrx_word' id='word_1_582' title='bbox 2827 4143 3136 4212; x_wconf 66' lang='lat' dir='ltr'><strong>Palicologi.</strong></span> <span class='ocrx_word' id='word_1_583' title='bbox 3157 4157 3318 4210; x_wconf 88' lang='lat' dir='ltr'><strong>quem</strong></span> <span class='ocrx_word' id='word_1_584' title='bbox 3344 4150 3398 4193; x_wconf 89' lang='lat' dir='ltr'><strong>et</strong></span> <span class='ocrx_word' id='word_1_585' title='bbox 3421 4154 3557 4194; x_wconf 81' lang='lat' dir='ltr'><strong>coro</strong></span> 
     </span>
    </p>
   </div>
   <div class='ocr_carea' id='block_1_86' title="bbox 2008 4233 3550 4309">
    <p class='ocr_par' dir='ltr' id='par_1_86' title="bbox 2008 4233 3550 4309">
     <span class='ocr_line' id='line_1_86' title="bbox 2008 4233 3550 4309; baseline -0.008 -14"><span class='ocrx_word' id='word_1_586' title='bbox 2008 4241 2183 4305; x_wconf 81' lang='lat' dir='ltr'><strong>navit,</strong></span> <span class='ocrx_word' id='word_1_587' title='bbox 2203 4249 2257 4294; x_wconf 88' lang='lat' dir='ltr'><strong>et</strong></span> <span class='ocrx_word' id='word_1_588' title='bbox 2283 4239 2504 4309; x_wconf 90' lang='lat' dir='ltr'><strong>quidem</strong></span> <span class='ocrx_word' id='word_1_589' title='bbox 2531 4238 2729 4301; x_wconf 90' lang='lat' dir='ltr'><strong>solum,</strong></span> <span class='ocrx_word' id='word_1_590' title='bbox 2747 4248 2933 4292; x_wconf 89' lang='lat' dir='ltr'><strong>contra</strong></span> <span class='ocrx_word' id='word_1_591' title='bbox 2960 4251 3123 4305; x_wconf 91' lang='lat' dir='ltr'><strong>quam</strong></span> <span class='ocrx_word' id='word_1_592' title='bbox 3163 4244 3432 4288; x_wconf 88' lang='lat' dir='ltr'><strong>statutum</strong></span> <span class='ocrx_word' id='word_1_593' title='bbox 3458 4233 3550 4284; x_wconf 74' lang='lat' dir='ltr'><strong>fite</strong></span> 
     </span>
    </p>
   </div>
   <div class='ocr_carea' id='block_1_87' title="bbox 2003 4323 3566 4401">
    <p class='ocr_par' dir='ltr' id='par_1_87' title="bbox 2003 4323 3566 4401">
     <span class='ocr_line' id='line_1_87' title="bbox 2003 4323 3566 4401; baseline -0.011 -13"><span class='ocrx_word' id='word_1_594' title='bbox 2003 4342 2123 4398; x_wconf 87' lang='lat' dir='ltr'><strong>rat;</strong></span> <span class='ocrx_word' id='word_1_595' title='bbox 2153 4331 2296 4401; x_wconf 91' lang='lat' dir='ltr'><strong>quod</strong></span> <span class='ocrx_word' id='word_1_596' title='bbox 2322 4332 2425 4397; x_wconf 76' lang='lat' dir='ltr'><strong>fuit</strong></span> <span class='ocrx_word' id='word_1_597' title='bbox 2448 4331 2666 4385; x_wconf 92' lang='lat' dir='ltr'><strong>initium</strong></span> <span class='ocrx_word' id='word_1_598' title='bbox 2702 4327 2996 4399; x_wconf 80' lang='lat' dir='ltr'><strong>dejiciendi</strong></span> <span class='ocrx_word' id='word_1_599' title='bbox 3019 4328 3088 4381; x_wconf 91' lang='lat' dir='ltr'><strong>ab</strong></span> <span class='ocrx_word' id='word_1_600' title='bbox 3115 4341 3211 4392; x_wconf 79' lang='lat' dir='ltr'><strong>spe</strong></span> <span class='ocrx_word' id='word_1_601' title='bbox 3245 4323 3461 4392; x_wconf 92' lang='lat' dir='ltr'><strong>imperii</strong></span> <span class='ocrx_word' id='word_1_602' title='bbox 3487 4337 3566 4376; x_wconf 81' lang='lat' dir='ltr'><strong>re,-</strong></span> 
     </span>
    </p>
   </div>
   <div class='ocr_carea' id='block_1_88' title="bbox 2002 4417 3574 4495">
    <p class='ocr_par' dir='ltr' id='par_1_88' title="bbox 2002 4417 3574 4495">
     <span class='ocr_line' id='line_1_88' title="bbox 2002 4417 3574 4495; baseline -0.008 -14"><span class='ocrx_word' id='word_1_603' title='bbox 2002 4424 2334 4495; x_wconf 84' lang='lat' dir='ltr'><strong>digeudiquc</strong></span> <span class='ocrx_word' id='word_1_604' title='bbox 2374 4426 2426 4479; x_wconf 89' lang='lat' dir='ltr'><strong>iii</strong></span> <span class='ocrx_word' id='word_1_605' title='bbox 2461 4424 2712 4478; x_wconf 90' lang='lat' dir='ltr'><strong>ordinem</strong></span> <span class='ocrx_word' id='word_1_606' title='bbox 2746 4422 2980 4476; x_wconf 87' lang='lat' dir='ltr'><strong>infelicis</strong></span> <span class='ocrx_word' id='word_1_607' title='bbox 3011 4421 3163 4489; x_wconf 87' lang='lat' dir='ltr'><strong>pueri</strong></span> <span class='ocrx_word' id='word_1_608' title='bbox 3195 4418 3422 4473; x_wconf 89' lang='lat' dir='ltr'><strong>Joannis</strong></span> <span class='ocrx_word' id='word_1_609' title='bbox 3464 4417 3574 4485; x_wconf 79' lang='lat' dir='ltr'><strong>jam</strong></span> 
     </span>
    </p>
   </div>
   <div class='ocr_carea' id='block_1_89' title="bbox 2000 4509 3573 4588">
    <p class='ocr_par' dir='ltr' id='par_1_89' title="bbox 2000 4509 3573 4588">
     <span class='ocr_line' id='line_1_89' title="bbox 2000 4509 3573 4588; baseline -0.008 -16"><span class='ocrx_word' id='word_1_610' title='bbox 2000 4517 2252 4588; x_wconf 81' lang='lat' dir='ltr'><strong>Augusti.</strong></span> <span class='ocrx_word' id='word_1_611' title='bbox 2305 4517 2728 4572; x_wconf 87' lang='lat' dir='ltr'><strong>Coronationem</strong></span> <span class='ocrx_word' id='word_1_612' title='bbox 2780 4515 2940 4569; x_wconf 89' lang='lat' dir='ltr'><strong>istam</strong></span> <span class='ocrx_word' id='word_1_613' title='bbox 2986 4513 3274 4580; x_wconf 68' lang='lat' dir='ltr'><strong>Palzeologi</strong></span> <span class='ocrx_word' id='word_1_614' title='bbox 3329 4509 3573 4580; x_wconf 84' lang='lat' dir='ltr'><strong>probabi-</strong></span> 
     </span>
    </p>
   </div>
   <div class='ocr_carea' id='block_1_90' title="bbox 321 4603 3572 4692">
    <p class='ocr_par' dir='ltr' id='par_1_90' title="bbox 321 4603 3572 4692">
     <span class='ocr_line' id='line_1_90' title="bbox 321 4603 3572 4692; baseline -0.002 -32"><span class='ocrx_word' id='word_1_615' title='bbox 321 4608 485 4688; x_wconf 69' lang='lat' dir='ltr'><strong>stigio</strong></span> <span class='ocrx_word' id='word_1_616' title='bbox 520 4609 831 4662; x_wconf 90' lang='lat' dir='ltr'><strong>decurrere.</strong></span> <span class='ocrx_word' id='word_1_617' title='bbox 867 4609 981 4662; x_wconf 81' lang='lat' dir='ltr'><strong>Hoc</strong></span> <span class='ocrx_word' id='word_1_618' title='bbox 1013 4609 1276 4678; x_wconf 88' lang='lat' dir='ltr'><strong>deinceps</strong></span> <span class='ocrx_word' id='word_1_619' title='bbox 1320 4611 1668 4665; x_wconf 88' lang='lat' dir='ltr'><strong>conabimur.</strong></span> <span class='ocrx_word' id='word_1_620' title='bbox 1699 4611 1894 4666; x_wconf 90' lang='lat' dir='ltr'><strong>Sedem</strong></span> <span class='ocrx_word' id='word_1_621' title='bbox 1929 4640 1972 4692; x_wconf 70' lang='grc' dir='ltr'><strong>ι)</strong></span> <span class='ocrx_word' id='word_1_622' title='bbox 2003 4611 2129 4664; x_wconf 87' lang='lat' dir='ltr'><strong>liter</strong></span> <span class='ocrx_word' id='word_1_623' title='bbox 2155 4609 2494 4664; x_wconf 83' lang='lat' dir='ltr'><strong>conferimus</strong></span> <span class='ocrx_word' id='word_1_624' title='bbox 2536 4608 2590 4662; x_wconf 90' lang='lat' dir='ltr'><strong>iii</strong></span> <span class='ocrx_word' id='word_1_625' title='bbox 2631 4606 2992 4662; x_wconf 85' lang='lat' dir='ltr'><strong>Februarium</strong></span> <span class='ocrx_word' id='word_1_626' title='bbox 3023 4605 3150 4659; x_wconf 86' lang='lat' dir='ltr'><strong>anni</strong></span> <span class='ocrx_word' id='word_1_627' title='bbox 3183 4603 3383 4659; x_wconf 88' lang='lat' dir='ltr'><strong>Christi</strong></span> <span class='ocrx_word' id='word_1_628' title='bbox 3420 4603 3572 4656; x_wconf 71' lang='grc'>1260.</span> 
     </span>
    </p>
   </div>
   <div class='ocr_carea' id='block_1_91' title="bbox 320 4699 1897 4771">
    <p class='ocr_par' dir='ltr' id='par_1_91' title="bbox 320 4699 1897 4771">
     <span class='ocr_line' id='line_1_91' title="bbox 320 4699 1897 4771; baseline 0.003 -17"><span class='ocrx_word' id='word_1_629' title='bbox 320 4699 989 4770; x_wconf 89' lang='lat' dir='ltr'><strong>Constantinopolitanam</strong></span> <span class='ocrx_word' id='word_1_630' title='bbox 1043 4703 1352 4771; x_wconf 88' lang='lat' dir='ltr'><strong>imperante</strong></span> <span class='ocrx_word' id='word_1_631' title='bbox 1396 4701 1662 4758; x_wconf 86' lang='lat' dir='ltr'><strong>Michaele</strong></span> <span class='ocrx_word' id='word_1_632' title='bbox 1692 4703 1897 4758; x_wconf 74' lang='lat' dir='ltr'><strong>Palico-</strong></span> 
     </span>
    </p>
   </div>
   <div class='ocr_carea' id='block_1_92' title="bbox 326 4795 1899 4865">
    <p class='ocr_par' dir='ltr' id='par_1_92' title="bbox 326 4795 1899 4865">
     <span class='ocr_line' id='line_1_92' title="bbox 326 4795 1899 4865; baseline 0 -16"><span class='ocrx_word' id='word_1_633' title='bbox 326 4795 456 4865; x_wconf 85' lang='lat' dir='ltr'><strong>logo</strong></span> <span class='ocrx_word' id='word_1_634' title='bbox 490 4795 739 4863; x_wconf 84' lang='lat' dir='ltr'><strong>quinque</strong></span> <span class='ocrx_word' id='word_1_635' title='bbox 771 4795 999 4848; x_wconf 82' lang='lat' dir='ltr'><strong>omnino</strong></span> <span class='ocrx_word' id='word_1_636' title='bbox 1030 4795 1356 4863; x_wconf 73' lang='lat' dir='ltr'><strong>patriarcha:</strong></span> <span class='ocrx_word' id='word_1_637' title='bbox 1389 4802 1726 4859; x_wconf 90' lang='lat' dir='ltr'><strong>tenuerunt;</strong></span> <span class='ocrx_word' id='word_1_638' title='bbox 1761 4811 1899 4864; x_wconf 88' lang='lat' dir='ltr'><strong>quo-</strong></span> 
     </span>
    </p>
   </div>
   <div class='ocr_carea' id='block_1_93' title="bbox 323 4887 1896 4956">
    <p class='ocr_par' dir='ltr' id='par_1_93' title="bbox 323 4887 1896 4956">
     <span class='ocr_line' id='line_1_93' title="bbox 323 4887 1896 4956; baseline -0.001 -16"><span class='ocrx_word' id='word_1_639' title='bbox 323 4902 448 4940; x_wconf 89' lang='lat' dir='ltr'><strong>rum</strong></span> <span class='ocrx_word' id='word_1_640' title='bbox 482 4902 624 4941; x_wconf 90' lang='lat' dir='ltr'><strong>unus</strong></span> <span class='ocrx_word' id='word_1_641' title='bbox 654 4887 818 4940; x_wconf 88' lang='lat' dir='ltr'><strong>etiam</strong></span> <span class='ocrx_word' id='word_1_642' title='bbox 851 4887 1114 4941; x_wconf 84' lang='lat' dir='ltr'><strong>Arsenius</strong></span> <span class='ocrx_word' id='word_1_643' title='bbox 1145 4887 1221 4940; x_wconf 92' lang='lat' dir='ltr'><strong>illi</strong></span> <span class='ocrx_word' id='word_1_644' title='bbox 1255 4887 1511 4941; x_wconf 70' lang='lat' dir='ltr'><strong>Ecclesiae</strong></span> <span class='ocrx_word' id='word_1_645' title='bbox 1543 4887 1624 4941; x_wconf 91' lang='lat' dir='ltr'><strong>bis</strong></span> <span class='ocrx_word' id='word_1_646' title='bbox 1654 4887 1896 4956; x_wconf 78' lang='lat' dir='ltr'><strong>praefuit.</strong></span> 
     </span>
    </p>
   </div>
   <div class='ocr_carea' id='block_1_94' title="bbox 321 4979 1896 5049">
    <p class='ocr_par' dir='ltr' id='par_1_94' title="bbox 321 4979 1896 5049">
     <span class='ocr_line' id='line_1_94' title="bbox 321 4979 1896 5049; baseline -0.001 -15"><span class='ocrx_word' id='word_1_647' title='bbox 321 4980 574 5034; x_wconf 86' lang='lat' dir='ltr'><strong>Priorem</strong></span> <span class='ocrx_word' id='word_1_648' title='bbox 629 4979 796 5049; x_wconf 88' lang='lat' dir='ltr'><strong>hujus</strong></span> <span class='ocrx_word' id='word_1_649' title='bbox 850 4979 1286 5048; x_wconf 89' lang='lat' dir='ltr'><strong>patriarchatum</strong></span> <span class='ocrx_word' id='word_1_650' title='bbox 1345 4979 1414 5048; x_wconf 84' lang='lat' dir='ltr'><strong>ab</strong></span> <span class='ocrx_word' id='word_1_651' title='bbox 1492 4994 1635 5032; x_wconf 89' lang='lat' dir='ltr'><strong>anno</strong></span> <span class='ocrx_word' id='word_1_652' title='bbox 1688 4979 1896 5034; x_wconf 88' lang='lat' dir='ltr'><strong>Christi</strong></span> 
     </span>
    </p>
   </div>
   <div class='ocr_carea' id='block_1_95' title="bbox 322 5072 1897 5141">
    <p class='ocr_par' dir='ltr' id='par_1_95' title="bbox 322 5072 1897 5141">
     <span class='ocr_line' id='line_1_95' title="bbox 322 5072 1897 5141; baseline 0 -15"><span class='ocrx_word' id='word_1_653' title='bbox 322 5073 464 5126; x_wconf 72' lang='lat'><strong>1255</strong></span> <span class='ocrx_word' id='word_1_654' title='bbox 512 5072 812 5141; x_wconf 89' lang='lat' dir='ltr'><strong>procedere</strong></span> <span class='ocrx_word' id='word_1_655' title='bbox 859 5079 968 5124; x_wconf 90' lang='lat' dir='ltr'><strong>tam</strong></span> <span class='ocrx_word' id='word_1_656' title='bbox 1009 5082 1224 5125; x_wconf 89' lang='lat' dir='ltr'><strong>certum</strong></span> <span class='ocrx_word' id='word_1_657' title='bbox 1275 5083 1378 5135; x_wconf 84' lang='lat' dir='ltr'><strong>est,</strong></span> <span class='ocrx_word' id='word_1_658' title='bbox 1435 5087 1600 5140; x_wconf 90' lang='lat' dir='ltr'><strong>quam</strong></span> <span class='ocrx_word' id='word_1_659' title='bbox 1651 5072 1745 5125; x_wconf 90' lang='lat' dir='ltr'><strong>illo</strong></span> <span class='ocrx_word' id='word_1_660' title='bbox 1781 5073 1897 5140; x_wconf 91' lang='lat' dir='ltr'><strong>ipso</strong></span> 
     </span>
    </p>
   </div>
   <div class='ocr_carea' id='block_1_96' title="bbox 321 5162 1897 5232">
    <p class='ocr_par' dir='ltr' id='par_1_96' title="bbox 321 5162 1897 5232">
     <span class='ocr_line' id='line_1_96' title="bbox 321 5162 1897 5232; baseline -0.001 -14"><span class='ocrx_word' id='word_1_661' title='bbox 321 5179 474 5219; x_wconf 90' lang='lat' dir='ltr'><strong>anno</strong></span> <span class='ocrx_word' id='word_1_662' title='bbox 527 5163 887 5217; x_wconf 88' lang='lat' dir='ltr'><strong>Theodorum</strong></span> <span class='ocrx_word' id='word_1_663' title='bbox 942 5163 1221 5216; x_wconf 87' lang='lat' dir='ltr'><strong>Lascarim</strong></span> <span class='ocrx_word' id='word_1_664' title='bbox 1274 5162 1558 5216; x_wconf 89' lang='lat' dir='ltr'><strong>Juuiorem</strong></span> <span class='ocrx_word' id='word_1_665' title='bbox 1623 5163 1897 5232; x_wconf 88' lang='lat' dir='ltr'><strong>imperare</strong></span> 
     </span>
    </p>
   </div>
   <div class='ocr_carea' id='block_1_97' title="bbox 320 5251 1896 5324">
    <p class='ocr_par' dir='ltr' id='par_1_97' title="bbox 320 5251 1896 5324">
     <span class='ocr_line' id='line_1_97' title="bbox 320 5251 1896 5324; baseline -0.003 -16"><span class='ocrx_word' id='word_1_666' title='bbox 320 5253 592 5324; x_wconf 70' lang='lat' dir='ltr'><strong>cmpissc;</strong></span> <span class='ocrx_word' id='word_1_667' title='bbox 624 5254 771 5322; x_wconf 89' lang='lat' dir='ltr'><strong>quod</strong></span> <span class='ocrx_word' id='word_1_668' title='bbox 821 5257 1098 5322; x_wconf 83' lang='lat' dir='ltr'><strong>capitibus</strong></span> <span class='ocrx_word' id='word_1_669' title='bbox 1150 5253 1277 5306; x_wconf 92' lang='lat' dir='ltr'><strong>libri</strong></span> <span class='ocrx_word' id='word_1_670' title='bbox 1327 5253 1490 5320; x_wconf 89' lang='lat' dir='ltr'><strong>hujus</strong></span> <span class='ocrx_word' id='word_1_671' title='bbox 1541 5252 1702 5305; x_wconf 86' lang='lat' dir='ltr'><strong>tertio</strong></span> <span class='ocrx_word' id='word_1_672' title='bbox 1736 5251 1896 5322; x_wconf 77' lang='lat'><strong>725</strong></span> 
     </span>
    </p>
   </div>
   <div class='ocr_carea' id='block_1_98' title="bbox 318 5343 1896 5413">
    <p class='ocr_par' dir='ltr' id='par_1_98' title="bbox 318 5343 1896 5413">
     <span class='ocr_line' id='line_1_98' title="bbox 318 5343 1896 5413; baseline -0.001 -13"><span class='ocrx_word' id='word_1_673' title='bbox 318 5355 380 5400; x_wconf 91' lang='lat' dir='ltr'><strong>et</strong></span> <span class='ocrx_word' id='word_1_674' title='bbox 429 5355 630 5413; x_wconf 86' lang='lat' dir='ltr'><strong>quarto</strong></span> <span class='ocrx_word' id='word_1_675' title='bbox 687 5345 1215 5399; x_wconf 86' lang='lat' dir='ltr'><strong>demonstravimus.</strong></span> <span class='ocrx_word' id='word_1_676' title='bbox 1273 5343 1510 5408; x_wconf 87' lang='lat' dir='ltr'><strong>Etenim,</strong></span> <span class='ocrx_word' id='word_1_677' title='bbox 1574 5355 1633 5397; x_wconf 93' lang='lat' dir='ltr'><strong>ut</strong></span> <span class='ocrx_word' id='word_1_678' title='bbox 1693 5344 1896 5398; x_wconf 81' lang='lat' dir='ltr'><strong>diserte</strong></span> 
     </span>
    </p>
   </div>
   <div class='ocr_carea' id='block_1_99' title="bbox 317 5438 1898 5508">
    <p class='ocr_par' dir='ltr' id='par_1_99' title="bbox 317 5438 1898 5508">
     <span class='ocr_line' id='line_1_99' title="bbox 317 5438 1898 5508; baseline 0 -15"><span class='ocrx_word' id='word_1_679' title='bbox 317 5439 574 5493; x_wconf 88' lang='lat' dir='ltr'><strong>oculatus</strong></span> <span class='ocrx_word' id='word_1_680' title='bbox 599 5438 758 5493; x_wconf 89' lang='lat' dir='ltr'><strong>testis</strong></span> <span class='ocrx_word' id='word_1_681' title='bbox 782 5447 838 5492; x_wconf 89' lang='lat' dir='ltr'><strong>et</strong></span> <span class='ocrx_word' id='word_1_682' title='bbox 862 5447 1057 5492; x_wconf 90' lang='lat' dir='ltr'><strong>auctor</strong></span> <span class='ocrx_word' id='word_1_683' title='bbox 1079 5439 1324 5508; x_wconf 89' lang='lat' dir='ltr'><strong>cujusvis</strong></span> <span class='ocrx_word' id='word_1_684' title='bbox 1351 5441 1426 5493; x_wconf 90' lang='lat' dir='ltr'><strong>rei</strong></span> <span class='ocrx_word' id='word_1_685' title='bbox 1456 5439 1702 5508; x_wconf 86' lang='lat' dir='ltr'><strong>locuples</strong></span> <span class='ocrx_word' id='word_1_686' title='bbox 1728 5440 1898 5494; x_wconf 82' lang='lat' dir='ltr'><strong>Acro-</strong></span> 
     </span>
    </p>
   </div>
   <div class='ocr_carea' id='block_1_100' title="bbox 319 5527 1897 5599">
    <p class='ocr_par' dir='ltr' id='par_1_100' title="bbox 319 5527 1897 5599">
     <span class='ocr_line' id='line_1_100' title="bbox 319 5527 1897 5599; baseline 0.003 -19"><span class='ocrx_word' id='word_1_687' title='bbox 319 5529 493 5597; x_wconf 87' lang='lat' dir='ltr'><strong>polita</strong></span> <span class='ocrx_word' id='word_1_688' title='bbox 527 5527 798 5598; x_wconf 83' lang='lat' dir='ltr'><strong>Georgius</strong></span> <span class='ocrx_word' id='word_1_689' title='bbox 831 5529 1026 5588; x_wconf 90' lang='lat' dir='ltr'><strong>tradit,</strong></span> <span class='ocrx_word' id='word_1_690' title='bbox 1068 5530 1400 5583; x_wconf 89' lang='lat' dir='ltr'><strong>acclamatiis</strong></span> <span class='ocrx_word' id='word_1_691' title='bbox 1427 5529 1727 5599; x_wconf 88' lang='lat' dir='ltr'><strong>imperator</strong></span> <span class='ocrx_word' id='word_1_692' title='bbox 1756 5531 1897 5584; x_wconf 84' lang='lat' dir='ltr'><strong>The-</strong></span> 
     </span>
    </p>
   </div>
   <div class='ocr_carea' id='block_1_101' title="bbox 317 5621 1894 5691">
    <p class='ocr_par' dir='ltr' id='par_1_101' title="bbox 317 5621 1894 5691">
     <span class='ocr_line' id='line_1_101' title="bbox 317 5621 1894 5691; baseline 0.001 -17"><span class='ocrx_word' id='word_1_693' title='bbox 317 5621 530 5674; x_wconf 89' lang='lat' dir='ltr'><strong>odorus</strong></span> <span class='ocrx_word' id='word_1_694' title='bbox 554 5631 677 5689; x_wconf 85' lang='lat' dir='ltr'><strong>post</strong></span> <span class='ocrx_word' id='word_1_695' title='bbox 702 5621 876 5690; x_wconf 87' lang='lat' dir='ltr'><strong>patris</strong></span> <span class='ocrx_word' id='word_1_696' title='bbox 897 5621 1126 5675; x_wconf 87' lang='lat' dir='ltr'><strong>Joannis</strong></span> <span class='ocrx_word' id='word_1_697' title='bbox 1147 5631 1404 5683; x_wconf 87' lang='lat' dir='ltr'><strong>mortem,</strong></span> <span class='ocrx_word' id='word_1_698' title='bbox 1431 5639 1552 5691; x_wconf 72' lang='lat' dir='ltr'><strong>qua:</strong></span> <span class='ocrx_word' id='word_1_699' title='bbox 1575 5623 1666 5676; x_wconf 89' lang='lat' dir='ltr'><strong>illo</strong></span> <span class='ocrx_word' id='word_1_700' title='bbox 1691 5623 1894 5676; x_wconf 91' lang='lat' dir='ltr'><strong>Christi</strong></span> 
     </span>
    </p>
   </div>
   <div class='ocr_carea' id='block_1_102' title="bbox 316 5713 1894 5785">
    <p class='ocr_par' dir='ltr' id='par_1_102' title="bbox 316 5713 1894 5785">
     <span class='ocr_line' id='line_1_102' title="bbox 316 5713 1894 5785; baseline 0.001 -19"><span class='ocrx_word' id='word_1_701' title='bbox 316 5729 464 5766; x_wconf 88' lang='lat' dir='ltr'><strong>anno</strong></span> <span class='ocrx_word' id='word_1_702' title='bbox 499 5714 632 5767; x_wconf 60' lang='lat'><strong>1225</strong></span> <span class='ocrx_word' id='word_1_703' title='bbox 685 5715 847 5766; x_wconf 83' lang='lat' dir='ltr'><strong>tertio</strong></span> <span class='ocrx_word' id='word_1_704' title='bbox 891 5714 1006 5767; x_wconf 83' lang='lat' dir='ltr'><strong>Kal.</strong></span> <span class='ocrx_word' id='word_1_705' title='bbox 1040 5713 1380 5768; x_wconf 81' lang='lat' dir='ltr'><strong>Novembres</strong></span> <span class='ocrx_word' id='word_1_706' title='bbox 1422 5715 1672 5785; x_wconf 84' lang='lat' dir='ltr'><strong>contigit,</strong></span> <span class='ocrx_word' id='word_1_707' title='bbox 1707 5732 1894 5770; x_wconf 88' lang='lat' dir='ltr'><strong>curam</strong></span> 
     </span>
    </p>
   </div>
   <div class='ocr_carea' id='block_1_103' title="bbox 317 5805 1894 5876">
    <p class='ocr_par' dir='ltr' id='par_1_103' title="bbox 317 5805 1894 5876">
     <span class='ocr_line' id='line_1_103' title="bbox 317 5805 1894 5876; baseline 0.002 -18"><span class='ocrx_word' id='word_1_708' title='bbox 317 5805 569 5858; x_wconf 92' lang='lat' dir='ltr'><strong>omnium</strong></span> <span class='ocrx_word' id='word_1_709' title='bbox 624 5807 860 5874; x_wconf 89' lang='lat' dir='ltr'><strong>primam</strong></span> <span class='ocrx_word' id='word_1_710' title='bbox 919 5807 1103 5874; x_wconf 86' lang='lat' dir='ltr'><strong>posuit</strong></span> <span class='ocrx_word' id='word_1_711' title='bbox 1155 5807 1207 5860; x_wconf 92' lang='lat' dir='ltr'><strong>in</strong></span> <span class='ocrx_word' id='word_1_712' title='bbox 1257 5807 1598 5876; x_wconf 87' lang='lat' dir='ltr'><strong>providendo</strong></span> <span class='ocrx_word' id='word_1_713' title='bbox 1640 5807 1894 5862; x_wconf 70' lang='lat' dir='ltr'><strong>Ecclesia:</strong></span> 
     </span>
    </p>
   </div>
   <div class='ocr_carea' id='block_1_104' title="bbox 317 5897 1896 5969">
    <p class='ocr_par' dir='ltr' id='par_1_104' title="bbox 317 5897 1896 5969">
     <span class='ocr_line' id='line_1_104' title="bbox 317 5897 1896 5969; baseline 0.003 -21"><span class='ocrx_word' id='word_1_714' title='bbox 317 5906 565 5965; x_wconf 84' lang='lat' dir='ltr'><strong>pastore,</strong></span> <span class='ocrx_word' id='word_1_715' title='bbox 596 5912 764 5965; x_wconf 85' lang='lat' dir='ltr'><strong>quain</strong></span> <span class='ocrx_word' id='word_1_716' title='bbox 791 5897 1104 5965; x_wconf 84' lang='lat' dir='ltr'><strong>patriarcha</strong></span> <span class='ocrx_word' id='word_1_717' title='bbox 1138 5899 1352 5954; x_wconf 83' lang='lat' dir='ltr'><strong>Manuel</strong></span> <span class='ocrx_word' id='word_1_718' title='bbox 1387 5901 1550 5969; x_wconf 73' lang='lat' dir='ltr'><strong>[mulo</strong></span> <span class='ocrx_word' id='word_1_719' title='bbox 1576 5908 1700 5954; x_wconf 84' lang='lat' dir='ltr'><strong>ante</strong></span> <span class='ocrx_word' id='word_1_720' title='bbox 1732 5899 1896 5954; x_wconf 86' lang='lat' dir='ltr'><strong>Joan-</strong></span> 
     </span>
    </p>
   </div>
   <div class='ocr_carea' id='block_1_105' title="bbox 2002 4697 3575 4774">
    <p class='ocr_par' dir='ltr' id='par_1_105' title="bbox 2002 4697 3575 4774">
     <span class='ocr_line' id='line_1_105' title="bbox 2002 4697 3575 4774; baseline -0.006 -16"><span class='ocrx_word' id='word_1_721' title='bbox 2002 4701 2122 4758; x_wconf 50' lang='lat' dir='ltr'><strong>No’n</strong></span> <span class='ocrx_word' id='word_1_722' title='bbox 2173 4704 2338 4774; x_wconf 87' lang='lat' dir='ltr'><strong>longo</strong></span> <span class='ocrx_word' id='word_1_723' title='bbox 2372 4713 2494 4772; x_wconf 89' lang='lat' dir='ltr'><strong>post</strong></span> <span class='ocrx_word' id='word_1_724' title='bbox 2529 4718 2650 4756; x_wconf 89' lang='lat' dir='ltr'><strong>eam</strong></span> <span class='ocrx_word' id='word_1_725' title='bbox 2705 4713 2952 4771; x_wconf 90' lang='lat' dir='ltr'><strong>tempore</strong></span> <span class='ocrx_word' id='word_1_726' title='bbox 3002 4698 3269 4754; x_wconf 87' lang='lat' dir='ltr'><strong>Arsenius</strong></span> <span class='ocrx_word' id='word_1_727' title='bbox 3311 4713 3433 4751; x_wconf 82' lang='lat' dir='ltr'><strong>sera</strong></span> <span class='ocrx_word' id='word_1_728' title='bbox 3480 4697 3575 4748; x_wconf 86' lang='lat' dir='ltr'><strong>ilu-</strong></span> 
     </span>
    </p>
   </div>
   <div class='ocr_carea' id='block_1_106' title="bbox 2003 4791 3573 4866">
    <p class='ocr_par' dir='ltr' id='par_1_106' title="bbox 2003 4791 3573 4866">
     <span class='ocr_line' id='line_1_106' title="bbox 2003 4791 3573 4866; baseline -0.007 -15"><span class='ocrx_word' id='word_1_729' title='bbox 2003 4806 2126 4851; x_wconf 89' lang='lat' dir='ltr'><strong>ctus</strong></span> <span class='ocrx_word' id='word_1_730' title='bbox 2176 4796 2502 4866; x_wconf 73' lang='lat' dir='ltr'><strong>pmnitentia</strong></span> <span class='ocrx_word' id='word_1_731' title='bbox 2557 4795 2838 4849; x_wconf 86' lang='lat' dir='ltr'><strong>facilitatis</strong></span> <span class='ocrx_word' id='word_1_732' title='bbox 2889 4809 3023 4854; x_wconf 71' lang='lat' dir='ltr'><strong>sure,</strong></span> <span class='ocrx_word' id='word_1_733' title='bbox 3086 4809 3192 4862; x_wconf 88' lang='lat' dir='ltr'><strong>qua</strong></span> <span class='ocrx_word' id='word_1_734' title='bbox 3253 4791 3573 4860; x_wconf 88' lang='lat' dir='ltr'><strong>permiserat</strong></span> 
     </span>
    </p>
   </div>
   <div class='ocr_carea' id='block_1_107' title="bbox 2002 4880 3576 4955">
    <p class='ocr_par' dir='ltr' id='par_1_107' title="bbox 2002 4880 3576 4955">
     <span class='ocr_line' id='line_1_107' title="bbox 2002 4880 3576 4955; baseline -0.003 -19"><span class='ocrx_word' id='word_1_735' title='bbox 2002 4885 2184 4938; x_wconf 91' lang='lat' dir='ltr'><strong>omitti</strong></span> <span class='ocrx_word' id='word_1_736' title='bbox 2241 4887 2657 4940; x_wconf 90' lang='lat' dir='ltr'><strong>coronationem</strong></span> <span class='ocrx_word' id='word_1_737' title='bbox 2706 4883 2902 4955; x_wconf 88' lang='lat' dir='ltr'><strong>pupilli</strong></span> <span class='ocrx_word' id='word_1_738' title='bbox 2941 4883 3206 4952; x_wconf 87' lang='lat' dir='ltr'><strong>principis</strong></span> <span class='ocrx_word' id='word_1_739' title='bbox 3240 4881 3359 4947; x_wconf 86' lang='lat' dir='ltr'><strong>ejus</strong></span> <span class='ocrx_word' id='word_1_740' title='bbox 3409 4880 3576 4947; x_wconf 87' lang='lat' dir='ltr'><strong>potis-</strong></span> 
     </span>
    </p>
   </div>
   <div class='ocr_carea' id='block_1_108' title="bbox 2001 4970 3577 5046">
    <p class='ocr_par' dir='ltr' id='par_1_108' title="bbox 2001 4970 3577 5046">
     <span class='ocr_line' id='line_1_108' title="bbox 2001 4970 3577 5046; baseline -0.004 -16"><span class='ocrx_word' id='word_1_741' title='bbox 2001 4976 2201 5030; x_wconf 89' lang='lat' dir='ltr'><strong>simum</strong></span> <span class='ocrx_word' id='word_1_742' title='bbox 2264 4977 2389 5031; x_wconf 85' lang='lat' dir='ltr'><strong>fidei</strong></span> <span class='ocrx_word' id='word_1_743' title='bbox 2445 4994 2473 5030; x_wconf 93' lang='lat' dir='ltr'><strong>a</strong></span> <span class='ocrx_word' id='word_1_744' title='bbox 2524 4990 2678 5046; x_wconf 85' lang='lat' dir='ltr'><strong>patre</strong></span> <span class='ocrx_word' id='word_1_745' title='bbox 2724 4976 2995 5030; x_wconf 88' lang='lat' dir='ltr'><strong>moriente</strong></span> <span class='ocrx_word' id='word_1_746' title='bbox 3041 4973 3434 5034; x_wconf 86' lang='lat' dir='ltr'><strong>commendati,</strong></span> <span class='ocrx_word' id='word_1_747' title='bbox 3485 4970 3577 5024; x_wconf 84' lang='lat' dir='ltr'><strong>Ni-</strong></span> 
     </span>
    </p>
   </div>
   <div class='ocr_carea' id='block_1_109' title="bbox 2001 5067 3579 5138">
    <p class='ocr_par' dir='ltr' id='par_1_109' title="bbox 2001 5067 3579 5138">
     <span class='ocr_line' id='line_1_109' title="bbox 2001 5067 3579 5138; baseline -0.003 -15"><span class='ocrx_word' id='word_1_748' title='bbox 2001 5084 2110 5123; x_wconf 58' lang='lat' dir='ltr'><strong>caea</strong></span> <span class='ocrx_word' id='word_1_749' title='bbox 2166 5068 2385 5138; x_wconf 85' lang='lat' dir='ltr'><strong>fugiens</strong></span> <span class='ocrx_word' id='word_1_750' title='bbox 2417 5070 2471 5123; x_wconf 90' lang='lat' dir='ltr'><strong>in</strong></span> <span class='ocrx_word' id='word_1_751' title='bbox 2507 5069 2900 5124; x_wconf 89' lang='lat' dir='ltr'><strong>monasterium</strong></span> <span class='ocrx_word' id='word_1_752' title='bbox 2933 5068 3140 5123; x_wconf 88' lang='lat' dir='ltr'><strong>dictum</strong></span> <span class='ocrx_word' id='word_1_753' title='bbox 3177 5067 3452 5120; x_wconf 80' lang='lat' dir='ltr'><strong>Paschasii</strong></span> <span class='ocrx_word' id='word_1_754' title='bbox 3492 5081 3579 5119; x_wconf 86' lang='lat' dir='ltr'><strong>sc-</strong></span> 
     </span>
    </p>
   </div>
   <div class='ocr_carea' id='block_1_110' title="bbox 2001 5157 3579 5234">
    <p class='ocr_par' dir='ltr' id='par_1_110' title="bbox 2001 5157 3579 5234">
     <span class='ocr_line' id='line_1_110' title="bbox 2001 5157 3579 5234; baseline -0.001 -20"><span class='ocrx_word' id='word_1_755' title='bbox 2001 5161 2191 5228; x_wconf 88' lang='lat' dir='ltr'><strong>cessit,</strong></span> <span class='ocrx_word' id='word_1_756' title='bbox 2247 5159 2436 5232; x_wconf 81' lang='lat' dir='ltr'><strong>ibique</strong></span> <span class='ocrx_word' id='word_1_757' title='bbox 2480 5163 2750 5234; x_wconf 88' lang='lat' dir='ltr'><strong>privatam</strong></span> <span class='ocrx_word' id='word_1_758' title='bbox 2786 5178 2947 5232; x_wconf 89' lang='lat' dir='ltr'><strong>agere</strong></span> <span class='ocrx_word' id='word_1_759' title='bbox 2979 5162 3144 5215; x_wconf 89' lang='lat' dir='ltr'><strong>vitam</strong></span> <span class='ocrx_word' id='word_1_760' title='bbox 3174 5159 3431 5213; x_wconf 88' lang='lat' dir='ltr'><strong>instituit.</strong></span> <span class='ocrx_word' id='word_1_761' title='bbox 3466 5157 3579 5212; x_wconf 88' lang='lat' dir='ltr'><strong>Hoc</strong></span> 
     </span>
    </p>
   </div>
   <div class='ocr_carea' id='block_1_111' title="bbox 2000 5251 3575 5310">
    <p class='ocr_par' dir='ltr' id='par_1_111' title="bbox 2000 5251 3575 5310">
     <span class='ocr_line' id='line_1_111' title="bbox 2000 5251 3575 5310; baseline -0.005 -1"><span class='ocrx_word' id='word_1_762' title='bbox 2000 5255 2222 5310; x_wconf 83' lang='lat' dir='ltr'><strong>videtur</strong></span> <span class='ocrx_word' id='word_1_763' title='bbox 2253 5257 2456 5310; x_wconf 88' lang='lat' dir='ltr'><strong>factum</strong></span> <span class='ocrx_word' id='word_1_764' title='bbox 2490 5271 2679 5310; x_wconf 89' lang='lat' dir='ltr'><strong>mense</strong></span> <span class='ocrx_word' id='word_1_765' title='bbox 2709 5255 2902 5309; x_wconf 78' lang='lat' dir='ltr'><strong>Martio</strong></span> <span class='ocrx_word' id='word_1_766' title='bbox 2935 5255 3066 5308; x_wconf 90' lang='lat' dir='ltr'><strong>dicti</strong></span> <span class='ocrx_word' id='word_1_767' title='bbox 3097 5252 3225 5306; x_wconf 90' lang='lat' dir='ltr'><strong>anni</strong></span> <span class='ocrx_word' id='word_1_768' title='bbox 3258 5251 3413 5304; x_wconf 67' lang='lat'><strong>1260.</strong></span> <span class='ocrx_word' id='word_1_769' title='bbox 3442 5251 3575 5304; x_wconf 84' lang='lat' dir='ltr'><strong>Nam</strong></span> 
     </span>
    </p>
   </div>
   <div class='ocr_carea' id='block_1_112' title="bbox 1999 5342 3579 5418">
    <p class='ocr_par' dir='ltr' id='par_1_112' title="bbox 1999 5342 3579 5418">
     <span class='ocr_line' id='line_1_112' title="bbox 1999 5342 3579 5418; baseline -0.004 -16"><span class='ocrx_word' id='word_1_770' title='bbox 1999 5349 2118 5418; x_wconf 89' lang='lat' dir='ltr'><strong>ejus</strong></span> <span class='ocrx_word' id='word_1_771' title='bbox 2150 5348 2229 5402; x_wconf 88' lang='lat' dir='ltr'><strong>rei</strong></span> <span class='ocrx_word' id='word_1_772' title='bbox 2261 5347 2489 5402; x_wconf 88' lang='lat' dir='ltr'><strong>nuntius</strong></span> <span class='ocrx_word' id='word_1_773' title='bbox 2522 5347 2766 5416; x_wconf 85' lang='lat' dir='ltr'><strong>perlatus</strong></span> <span class='ocrx_word' id='word_1_774' title='bbox 2809 5347 2875 5400; x_wconf 90' lang='lat' dir='ltr'><strong>ad</strong></span> <span class='ocrx_word' id='word_1_775' title='bbox 2909 5347 3299 5414; x_wconf 83' lang='lat' dir='ltr'><strong>imperatorem</strong></span> <span class='ocrx_word' id='word_1_776' title='bbox 3338 5342 3579 5396; x_wconf 81' lang='lat' dir='ltr'><strong>Michae-</strong></span> 
     </span>
    </p>
   </div>
   <div class='ocr_carea' id='block_1_113' title="bbox 1999 5433 3580 5508">
    <p class='ocr_par' dir='ltr' id='par_1_113' title="bbox 1999 5433 3580 5508">
     <span class='ocr_line' id='line_1_113' title="bbox 1999 5433 3580 5508; baseline -0.006 -14"><span class='ocrx_word' id='word_1_777' title='bbox 1999 5440 2364 5506; x_wconf 56' lang='lat' dir='ltr'><strong>len&#39;rdicitur,</strong></span> <span class='ocrx_word' id='word_1_778' title='bbox 2397 5455 2507 5508; x_wconf 90' lang='lat' dir='ltr'><strong>quo</strong></span> <span class='ocrx_word' id='word_1_779' title='bbox 2550 5451 2793 5508; x_wconf 86' lang='lat' dir='ltr'><strong>tempore</strong></span> <span class='ocrx_word' id='word_1_780' title='bbox 2826 5439 2871 5492; x_wconf 91' lang='lat' dir='ltr'><strong>is</strong></span> <span class='ocrx_word' id='word_1_781' title='bbox 2900 5437 3063 5507; x_wconf 80' lang='grc'><strong>’726</strong></span> <span class='ocrx_word' id='word_1_782' title='bbox 3085 5436 3334 5506; x_wconf 89' lang='lat' dir='ltr'><strong>trajicere</strong></span> <span class='ocrx_word' id='word_1_783' title='bbox 3368 5433 3580 5486; x_wconf 78' lang='lat' dir='ltr'><strong>Ilellcs-</strong></span> 
     </span>
    </p>
   </div>
   <div class='ocr_carea' id='block_1_114' title="bbox 1999 5527 3580 5602">
    <p class='ocr_par' dir='ltr' id='par_1_114' title="bbox 1999 5527 3580 5602">
     <span class='ocr_line' id='line_1_114' title="bbox 1999 5527 3580 5602; baseline -0.005 -15"><span class='ocrx_word' id='word_1_784' title='bbox 1999 5544 2229 5602; x_wconf 89' lang='lat' dir='ltr'><strong>pontum</strong></span> <span class='ocrx_word' id='word_1_785' title='bbox 2301 5533 2526 5601; x_wconf 88' lang='lat' dir='ltr'><strong>parabat</strong></span> <span class='ocrx_word' id='word_1_786' title='bbox 2603 5531 2668 5584; x_wconf 87' lang='lat' dir='ltr'><strong>ad</strong></span> <span class='ocrx_word' id='word_1_787' title='bbox 2725 5532 3004 5586; x_wconf 87' lang='lat' dir='ltr'><strong>visendam</strong></span> <span class='ocrx_word' id='word_1_788' title='bbox 3060 5529 3361 5599; x_wconf 81' lang='lat' dir='ltr'><strong>Selybriam</strong></span> <span class='ocrx_word' id='word_1_789' title='bbox 3395 5543 3422 5579; x_wconf 87' lang='lat' dir='ltr'><strong>a</strong></span> <span class='ocrx_word' id='word_1_790' title='bbox 3464 5527 3580 5580; x_wconf 52' lang='lat' dir='ltr'><strong>suis</strong></span> 
     </span>
    </p>
   </div>
   <div class='ocr_carea' id='block_1_115' title="bbox 2002 5620 3574 5695">
    <p class='ocr_par' dir='ltr' id='par_1_115' title="bbox 2002 5620 3574 5695">
     <span class='ocr_line' id='line_1_115' title="bbox 2002 5620 3574 5695; baseline -0.005 -15"><span class='ocrx_word' id='word_1_791' title='bbox 2002 5637 2214 5695; x_wconf 85' lang='lat' dir='ltr'><strong>captam</strong></span> <span class='ocrx_word' id='word_1_792' title='bbox 2263 5627 2425 5694; x_wconf 90' lang='lat' dir='ltr'><strong>paulo</strong></span> <span class='ocrx_word' id='word_1_793' title='bbox 2475 5636 2624 5678; x_wconf 91' lang='lat' dir='ltr'><strong>ante.</strong></span> <span class='ocrx_word' id='word_1_794' title='bbox 2680 5625 2754 5678; x_wconf 90' lang='lat' dir='ltr'><strong>Ita</strong></span> <span class='ocrx_word' id='word_1_795' title='bbox 2787 5625 3175 5694; x_wconf 83' lang='lat' dir='ltr'><strong>Pachymeres.</strong></span> <span class='ocrx_word' id='word_1_796' title='bbox 3211 5626 3224 5674; x_wconf 86' lang='grc' dir='ltr'><strong>Ι</strong></span> <span class='ocrx_word' id='word_1_797' title='bbox 3265 5663 3276 5675; x_wconf 95' lang='grc'><strong>.</strong></span> <span class='ocrx_word' id='word_1_798' title='bbox 3311 5637 3370 5683; x_wconf 83' lang='grc' dir='ltr'>ιι,</span> <span class='ocrx_word' id='word_1_799' title='bbox 3405 5635 3452 5673; x_wconf 93' lang='lat' dir='ltr'><strong>c.</strong></span> <span class='ocrx_word' id='word_1_800' title='bbox 3488 5620 3574 5673; x_wconf 76' lang='grc'><strong>15.</strong></span> 
     </span>
    </p>
   </div>
   <div class='ocr_carea' id='block_1_116' title="bbox 2002 5712 3576 5785">
    <p class='ocr_par' dir='ltr' id='par_1_116' title="bbox 2002 5712 3576 5785">
     <span class='ocr_line' id='line_1_116' title="bbox 2002 5712 3576 5785; baseline -0.004 -16"><span class='ocrx_word' id='word_1_801' title='bbox 2002 5716 2172 5769; x_wconf 79' lang='lat' dir='ltr'><strong>Recte</strong></span> <span class='ocrx_word' id='word_1_802' title='bbox 2221 5715 2323 5768; x_wconf 89' lang='lat' dir='ltr'><strong>hoc</strong></span> <span class='ocrx_word' id='word_1_803' title='bbox 2354 5715 2591 5782; x_wconf 86' lang='lat' dir='ltr'><strong>quadrat</strong></span> <span class='ocrx_word' id='word_1_804' title='bbox 2629 5714 2683 5769; x_wconf 89' lang='lat' dir='ltr'><strong>in</strong></span> <span class='ocrx_word' id='word_1_805' title='bbox 2726 5715 3056 5785; x_wconf 88' lang='lat' dir='ltr'><strong>principium</strong></span> <span class='ocrx_word' id='word_1_806' title='bbox 3094 5712 3318 5782; x_wconf 81' lang='lat' dir='ltr'><strong>Aprilis,</strong></span> <span class='ocrx_word' id='word_1_807' title='bbox 3349 5726 3576 5764; x_wconf 83' lang='lat' dir='ltr'><strong>vernam</strong></span> 
     </span>
    </p>
   </div>
   <div class='ocr_carea' id='block_1_117' title="bbox 2001 5802 3575 5876">
    <p class='ocr_par' dir='ltr' id='par_1_117' title="bbox 2001 5802 3575 5876">
     <span class='ocr_line' id='line_1_117' title="bbox 2001 5802 3575 5876; baseline -0.004 -16"><span class='ocrx_word' id='word_1_808' title='bbox 2001 5808 2267 5860; x_wconf 86' lang='lat' dir='ltr'><strong>nimirum</strong></span> <span class='ocrx_word' id='word_1_809' title='bbox 2322 5817 2727 5876; x_wconf 84' lang='lat' dir='ltr'><strong>tempestatem,</strong></span> <span class='ocrx_word' id='word_1_810' title='bbox 2781 5825 2886 5875; x_wconf 86' lang='lat' dir='ltr'><strong>qua</strong></span> <span class='ocrx_word' id='word_1_811' title='bbox 2921 5821 3074 5876; x_wconf 81' lang='lat' dir='ltr'><strong>reges</strong></span> <span class='ocrx_word' id='word_1_812' title='bbox 3105 5806 3282 5858; x_wconf 83' lang='lat' dir='ltr'><strong>solent</strong></span> <span class='ocrx_word' id='word_1_813' title='bbox 3319 5804 3384 5858; x_wconf 91' lang='lat' dir='ltr'><strong>ad</strong></span> <span class='ocrx_word' id='word_1_814' title='bbox 3435 5802 3575 5855; x_wconf 83' lang='lat' dir='ltr'><strong>bella</strong></span> 
     </span>
    </p>
   </div>
   <div class='ocr_carea' id='block_1_118' title="bbox 2000 5895 3576 5972">
    <p class='ocr_par' dir='ltr' id='par_1_118' title="bbox 2000 5895 3576 5972">
     <span class='ocr_line' id='line_1_118' title="bbox 2000 5895 3576 5972; baseline -0.003 -20"><span class='ocrx_word' id='word_1_815' title='bbox 2000 5899 2320 5966; x_wconf 82' lang='lat' dir='ltr'><strong>procedere.</strong></span> <span class='ocrx_word' id='word_1_816' title='bbox 2376 5909 2433 5953; x_wconf 93' lang='lat' dir='ltr'><strong>ut</strong></span> <span class='ocrx_word' id='word_1_817' title='bbox 2486 5900 2772 5972; x_wconf 82' lang='lat' dir='ltr'><strong>Scriptura</strong></span> <span class='ocrx_word' id='word_1_818' title='bbox 2805 5901 3066 5971; x_wconf 87' lang='lat' dir='ltr'><strong>loquitur.</strong></span> <span class='ocrx_word' id='word_1_819' title='bbox 3102 5899 3235 5952; x_wconf 76' lang='lat' dir='ltr'><strong>Nam</strong></span> <span class='ocrx_word' id='word_1_820' title='bbox 3258 5937 3271 5963; x_wconf 86' lang='lat'><strong>,</strong></span> <span class='ocrx_word' id='word_1_821' title='bbox 3309 5929 3322 5956; x_wconf 61' lang='grc' dir='ltr'><em>κ</em></span> <span class='ocrx_word' id='word_1_822' title='bbox 3354 5895 3576 5951; x_wconf 73' lang='lat' dir='ltr'><strong>ut&#39;lucct</strong></span> 
     </span>
    </p>
   </div>
  </div>
