4016 6522
479 409 622 478 1183

1351 407 1416 469 P.
1467 404 1778 466 POSSJNI
1801 403 2468 466 OBSERVATIONUM
2503 401 2655 462 LIB.
2690 402 2812 462 III.

3593 399 3734 466 1184

477 527 624 580 idem
651 521 972 588 historicus,
1002 519 1560 590 Constantinopoleos
1584 518 2050 588 oppugnationem
2081 528 2126 584 Α
2156 513 2542 579 triarchatum,
2581 513 2777 568 Alexio
2805 513 3192 584 Strategopulo
3231 511 3454 576 Caesari,
3503 512 3598 580 qui
3634 530 3730 568 ur-

475 619 708 675 Michael
737 617 923 672 animo
960 613 1240 674 versabat,
1267 628 1431 682 quam
1481 627 1540 666 re
1571 613 1686 682 ipsa
1712 620 1799 666 est
1828 625 2053 682 aggres-

478 727 574 765 sus
612 707 926 777 insequenti
964 713 1172 760 mstate.
1213 703 1371 757 Tunc
1411 711 1597 756 autem
1639 703 1683 754 is
1719 700 1915 754 itinere
1957 713 2055 753 co-

475 800 650 871 gitato
695 797 1086 867 supersedens,
1118 794 1271 850 dedit
1299 808 1521 862 operam
1573 791 1739 846 rebus
1770 789 2047 854 Ecclesiai,

476 893 683 947 ibidem
716 892 810 946 ubi
845 901 976 944 tunc
999 896 1121 943 erat
1152 886 1431 958 Nymplnei
1466 885 1794 955 persistens,
1826 897 2055 953 congre-

475 983 651 1050 ganda
707 980 915 1052 synodo
960 995 1081 1049 qua:
1114 977 1182 1032 de
1236 977 1453 1030 Arsenii
1493 991 1711 1030 secessu
1762 983 2051 1028 statueret.

475 1074 732 1144 Synodus
773 1073 1020 1128 Nicetam
1067 1071 1358 1140 quemdam
1397 1068 1477 1140 [P.
1503 1067 1632 1140 515]
1658 1068 1725 1122 ad
1757 1068 2052 1122 Arsenium

477 1166 670 1222 mittit.
724 1166 774 1221 Is
809 1166 877 1219 ab
911 1165 1147 1220 Arsenio
1197 1164 1479 1218 renuntiat
1513 1162 1710 1217 cedere
1751 1162 1906 1216 illum
1959 1177 2052 1228 pa-

478 1260 804 1314 triarchatu.
849 1259 948 1313 llic
981 1257 1104 1314 linis
1127 1257 1233 1311 fuit
1263 1256 1464 1326 prioris
1484 1254 1702 1309 Arsenii
1726 1254 1895 1308 sedis.
1923 1253 2056 1320 Quae

479 1366 606 1406 cum
643 1351 877 1405 desierit
905 1350 1079 1419 Aprili
1114 1350 1243 1403 anni
1293 1348 1429 1404 1260
1460 1356 1517 1401 et
1560 1346 1794 1417 coeperit
1824 1347 2054 1400 Decem-

476 1441 560 1495 bri
595 1442 723 1495 anni
765 1441 926 1506 1255,
961 1451 1196 1512 quatuor
1231 1455 1506 1493 annorum
1546 1446 1603 1494 et
1631 1446 1896 1507 praeterea
1930 1435 2058 1490 toti-

478 1522 605 1588 dem
637 1533 752 1587 fere
785 1535 1056 1587 mensium
1086 1532 1254 1588 fuerit
1289 1541 1532 1601 oportet.

548 1624 641 1678 Ill.
693 1625 749 1678 lu
793 1625 916 1695 ejus
954 1625 1134 1678 locum
1181 1623 1517 1677 substitutus
1550 1621 1738 1676 statim
1783 1632 1867 1676 est
1893 1621 2084 1702 Νίσαιά

477 1715 691 1785 phorus
719 1724 848 1770 tunc
875 1715 1078 1785 Ephesi
1124 1715 1495 1786 metropolita,
1544 1713 1654 1768 Cur
1681 1713 1868 1768 statim
1893 1713 1946 1767 id
1978 1712 2056 1767 fa-

479 1817 630 1862 ctum
684 1807 904 1863 credam
965 1823 1132 1863 causa
1181 1816 1287 1871 est,
1314 1807 1444 1876 quia
1487 1806 1786 1861 festinabat
1840 1806 1895 1859 in
1925 1822 2054 1876 pro-

478 1900 665 1954 cinctu
698 1900 765 1954 ad
815 1900 1222 1969 expeditionem
1270 1908 1559 1966 urgentem
1609 1900 1948 1968 imperator;
1998 1911 2054 1954 et

479 1994 596 2062 ipse
621 1993 971 2063 Nicephorus
998 1995 1354 2063 cupidissime
1383 1993 1691 2048 assentiens
1719 1992 1924 2046 nullam
1949 2006 2062 2045 mo-

479 2102 592 2141 ram
619 2087 950 2156 interposuit
977 2089 1233 2143 electioni
1269 2104 1402 2143 suae.
1424 2089 1734 2143 Narrantur
1764 2088 1881 2140 hzec
1915 2101 1965 2140 c.
1993 2085 2058 2138 15

479 2190 533 2235 et
564 2180 709 2246 16,1.
734 2197 795 2245 ιι,
819 2183 907 2237 ubi
942 2190 998 2237 et
1024 2182 1228 2237 dicitur
1266 2182 1461 2237 eodem
1487 2174 1734 2252 tempore
1757 2179 2058 2236 decessisse

479 2273 776 2344 Nympham
814 2274 1201 2344 imperatorem
1239 2275 1461 2344 quidem
1507 2274 1816 2344 Callipolim
1865 2289 2058 2328 versus

479 2379 602 2420 cum
639 2365 885 2420 exercitu
925 2366 991 2420 ad
1041 2367 1571 2438 Constantinopolim
1611 2367 2050 2438 oppugnandam,

479 2473 682 2512 novum
719 2473 852 2513 vero
877 2459 1244 2528 patriareham
1267 2461 1641 2530 Nicephorum
1658 2461 1917 2526 Nicaeam,
1937 2475 2057 2528 qua:

480 2563 604 2605 cum
636 2558 787 2604 esset
829 2561 960 2605 tunc
994 2551 1132 2607 urbs
1153 2553 1326 2622 regia,
1361 2552 1570 2606 Latinis
1593 2551 2059 2621 Constantinopo-

479 2643 572 2698 lim
603 2644 950 2707 tenentibus,
979 2645 1030 2698 in
1054 2661 1117 2699 ea
1147 2645 1346 2700 solitus
1374 2655 1490 2700 erat
1518 2646 1745 2702 Graecus
1782 2645 2056 2700 Constan-

476 2731 874 2802 tinopolitanus
906 2735 1220 2804 patriarcha
1247 2735 1543 2790 diversari.
1570 2735 1793 2790 Initium
1821 2734 2056 2804 patriar-

473 2824 670 2880 chatus
701 2825 997 2896 Nicephori
1044 2827 1427 2882 verisitniliter
1459 2829 1743 2883 confertur
1791 2829 1844 2880 in
1891 2825 2053 2881 finem
2100 2873 2104 2876 .

473 2918 684 2986 Aprilis
738 2929 835 2974 aut
892 2921 1112 2974 initium
1168 2921 1290 2974 Maii
1347 2920 1478 2975 anni
1537 2936 1704 2985 supra
1765 2919 2056 2974 memorati

474 3011 638 3065 1260.
675 3011 873 3066 Narrat
920 3011 1047 3066 inde
1080 3012 1466 3084 Pachymeres,
1520 3012 1560 3066 l.
1615 3027 1674 3074 ιι,
1717 3026 1766 3065 c.
1801 3010 1890 3074 20,
1927 3010 2054 3064 diu-

477 3115 698 3159 turnam
737 3115 794 3159 et
826 3106 1039 3160 irritam
1078 3104 1546 3176 oppugnationem
1583 3101 1809 3165 Galatae,
1860 3101 1916 3154 in
1947 3115 2055 3170 qua

2085 1867 2128 1925 Β

2156 608 2280 662 bem
2309 619 2551 676 ceperat,
2582 607 2816 660 eximius
2845 616 2900 660 et
2931 607 3089 676 plane
3117 606 3594 672 extraordinarius
3625 609 3731 662 ho-

2157 715 2258 753 nos
2290 711 2376 752 est
2413 699 2656 758 habitus,
2685 707 2744 750 ut
2771 697 2955 752 statim
2988 708 3112 768 post
3135 701 3411 768 Augustos
3436 698 3532 768 qui
3564 714 3733 754 coro.

2156 790 2450 854 nabantur,
2489 789 2594 843 hoc
2619 799 2702 844 est
2734 789 3052 844 Michaelem
3086 790 3448 859 Palmologum
3471 800 3526 845 et
3549 790 3736 843 Theo-

2159 882 2349 936 doram
2389 882 2510 951 ejus
2559 883 2868 952 conjugem,
2920 882 3302 936 nominaretur
3346 883 3402 937 in
3459 884 3736 954 syuaptis,

2158 974 2262 1028 hoc
2309 983 2394 1028 est
2440 974 2494 1027 in
2545 974 2751 1028 litaniis
2781 984 2837 1028 et
2870 974 3127 1044 precibus
3161 975 3419 1044 publicis.
3473 975 3738 1030 Refertur

2159 1065 2266 1122 hoc
2296 1081 2325 1118 a
2363 1066 2717 1135 Pachymere,
2754 1065 2793 1120 l.
2835 1082 2916 1128 ιιι.
2944 1081 2996 1120 c.
3027 1067 3063 1120 2
3097 1069 3198 1122 sub
3230 1065 3420 1126 ﬁnem.
3455 1067 3547 1120 ubi
3587 1076 3738 1121 recte

2159 1160 2416 1214 observat
2454 1159 2750 1213 historicus
2806 1158 2976 1214 fuisse
3023 1161 3163 1215 hanc
3212 1162 3509 1230 quamdam
3552 1177 3739 1214 exau-

2159 1252 2519 1307 ctorationem
2572 1252 2763 1322 pupilli
2821 1252 3072 1318 Joannis,
3109 1254 3434 1308 astutissimi
3491 1253 3738 1322 impera-

2159 1345 2298 1399 toris
2350 1345 2633 1399 blanditiis
2685 1355 2743 1399 et
2790 1347 3003 1401 artibus
3057 1346 3403 1415 impetratam
3436 1361 3466 1399 a
3498 1344 3740 1414 simplici

2158 1438 2392 1493 nimium
2429 1438 2762 1508 patriarcha.
2803 1455 2913 1494 non
2965 1439 3286 1508 providente
3330 1449 3447 1492 tum
3476 1438 3739 1491 videlicet

2157 1545 2268 1600 quo
2298 1530 2415 1585 haec
2450 1531 2812 1600 pertinerent.
2846 1531 2905 1586 ln
2955 1548 3066 1602 quo
3096 1541 3156 1586 ut
3185 1531 3344 1586 lucus
3391 1531 3552 1586 fieret
3591 1531 3738 1593 seni,

2159 1635 2220 1676 ut
2249 1639 2318 1679 ex
2345 1625 2559 1679 caeteris
2590 1636 2837 1694 apparet.
2868 1625 3164 1694 suspicaci,
3190 1634 3245 1679 et
3270 1625 3358 1680 cui
3385 1626 3536 1678 salus
3561 1623 3744 1692 digni-

2159 1724 2351 1785 tasque
2374 1717 2562 1788 pupilli
2585 1718 2832 1778 Joannis,
2849 1719 2968 1788 ejus
2991 1718 3248 1786 peculiari
3265 1733 3410 1772 cura:
3422 1718 3708 1771 commissi
3724 1753 3744 1784 ,

2157 1819 2297 1874 erat,
2325 1820 2386 1865 ut
2423 1812 2668 1880 oportuit
2697 1820 2752 1864 et
2785 1827 2870 1865 res
2901 1811 3100 1865 deinde
3138 1819 3540 1874 monstrarunt,
3573 1812 3739 1878 longe

2159 1903 2508 1966 charissima,
2542 1906 2668 1974 quis
2697 1920 2806 1958 non
2838 1904 2984 1959 videt
3014 1904 3182 1959 fuisse
3213 1920 3441 1959 necesse
3473 1913 3535 1957 ut
3565 1904 3745 1973 gratia

2161 1995 2395 2066 ﬂagrans
2435 1998 2610 2052 Alexii
2669 1996 2925 2062 Caesaris,
2981 1999 3036 2052 in
3073 1997 3449 2052 recentissima
3484 1997 3745 2050 videlicet

2161 2089 2424 2144 memoria
2461 2090 2672 2144 heroici
2707 2090 2969 2145 facinoris
2997 2106 3106 2160 quo
3145 2106 3258 2145 rem
3295 2091 3601 2144 Romanam
3636 2091 3743 2142 im-

2160 2179 2297 2248 perii
2336 2181 2622 2250 metropoli
2675 2183 3054 2252 recuperanda
3096 2182 3511 2252 incomparabili
3571 2183 3744 2236 bene-

2161 2267 2287 2324 ficio
2341 2270 2444 2325 sibi
2492 2271 2852 2337 devinxisset,
2895 2273 3136 2327 rationes
3195 2273 3385 2342 pupilli
3440 2273 3739 2342 principis,

2159 2362 2248 2417 cui
2280 2363 2700 2433 praeferebatur,
2729 2374 2785 2418 et
2838 2365 3038 2419 multas
3086 2365 3224 2419 alias
3271 2375 3379 2418 tam
3414 2365 3742 2417 inusitatum

2159 2455 2400 2512 homlnis
2454 2472 2566 2512 non
2627 2458 2951 2527 imperantis
3022 2458 3287 2510 honorem
3349 2456 3744 2511 dissuadentes

2159 2547 2637 2605 considerationes
2677 2551 3062 2606 eluctaretur?
3092 2551 3260 2620 Igitur
3289 2565 3416 2603 cum
3445 2549 3639 2603 urbem
3672 2548 3744 2602 ab

2158 2638 2350 2694 Alexio
2391 2652 2607 2712 captam
2638 2643 2999 2698 statuerimus
3026 2643 3117 2699 die
3142 2644 3234 2704 9.3,
3253 2643 3383 2697 Julii
3411 2643 3540 2696 anni
3573 2643 3737 2705 1261.

2160 2732 2469 2802 ingressum
2501 2751 2635 2789 vero
2666 2736 2719 2790 in
2753 2751 2872 2790 eam
2926 2736 3156 2792 solemni
3191 2753 3387 2807 pompa
3416 2736 3740 2789 Michaelem

2158 2828 2464 2898 Augustum
2485 2828 2548 2883 18
2569 2828 2687 2884 Kal.
2709 2829 2990 2899 Septemb.
3009 2828 3256 2898 ejusdem
3284 2829 3437 2890 anni,
3463 2827 3556 2882 die
3581 2841 3743 2882 sacro

2160 2919 2405 2989 Deipara:
2435 2932 2730 2991 assumptae
2767 2923 2962 2976 doceat
3010 2923 3325 2991 Acr0polita
3354 2938 3403 2976 c.
3430 2923 3524 2988 88,
3557 2922 3743 2976 dicere

2158 3011 2321 3065 valde
2359 3012 2741 3066 verisimiliter
2777 3028 3072 3082 possumus
3125 3024 3467 3083 resumptum
3520 3016 3591 3068 ab
3639 3015 3732 3067 Ar-

2158 3105 2312 3160 senio
2336 3105 2578 3176 regimen
2603 3105 2986 3174 patriarchalis
3007 3105 3154 3161 sedis
3172 3107 3274 3160 sub
3302 3107 3462 3162 linem
3508 3109 3741 3177 Augusti

476 3200 781 3270 imperator
831 3196 1176 3266 consumpsit
1227 3205 1495 3251 asstatem.
1551 3194 1736 3264 quue
1795 3193 1863 3246 ad
1923 3207 2050 3247 eum
2081 3213 2126 3274 ς
2158 3198 2363 3252 mensis
2393 3208 2449 3252 et
2480 3197 2764 3254 Michaelis
2784 3201 3195 3254 coronationem
3229 3200 3331 3254 sub
3363 3201 3581 3255 initium
3607 3203 3741 3272 Sep-

474 3292 820 3362 Nicephorus
847 3291 1182 3357 patriarcha,
1210 3298 1472 3358 pertzesus
1497 3288 1887 3352 Nicaeensium,
1913 3301 2056 3356 quo-

477 3399 600 3438 rum
638 3383 875 3437 Arsenio
917 3381 1266 3438 addictorum
1300 3380 1426 3434 odia
1473 3381 1528 3433 in
1560 3395 1619 3435 se
1651 3380 1871 3449 irasque
1905 3378 2060 3433 nulla

479 3475 719 3530 delinire
749 3484 867 3529 arte
898 3484 1178 3543 potuerat,
1216 3489 1274 3528 se
1302 3473 1556 3534 contulit.
1590 3488 1688 3542 spe
1715 3470 2059 3541 ingrediendi

478 3583 605 3622 cum
661 3567 780 3636 ipso
829 3567 1076 3636 Augusto
1127 3565 1341 3634 urbem,
1377 3581 1526 3626 mox.
1593 3573 1654 3618 ut
1705 3563 2057 3626 credebatur,

481 3659 830 3729 capiendam.
888 3659 994 3712 Sed
1029 3673 1152 3712 cum
1193 3657 1542 3712 obsidionem
1575 3658 1788 3713 solvere
1833 3667 2061 3711 coactus

485 3755 784 3822 imperator
817 3752 1175 3822 Nymphaaum
1223 3767 1280 3806 se
1313 3751 1635 3820 recepisset;
1680 3759 1904 3805 secutus
1930 3765 2058 3804 eum

483 3847 616 3901 illuc
663 3845 1012 3915 Nicephorus
1047 3846 1122 3900 ibi
1171 3855 1250 3900 cst
1289 3855 1539 3900 mortuus
1571 3843 1673 3898 sub
1704 3851 2057 3908 autumnum,

478 3943 542 3990 ut
571 3945 820 4005 apparet,
849 3946 948 3990 aut
986 3936 1186 3991 hiemis
1213 3936 1432 3991 initium
1461 3936 1708 4006 ejusdem
1734 3933 1865 3988 anui
1899 3932 2056 3987 1260.

477 4030 662 4096 Quare
697 4031 843 4086 illius
871 4032 1458 4102 patriarcbatus'haud
1490 4031 1607 4086 fere
1641 4030 1862 4100 longior
1889 4028 2060 4098 septi-

481 4124 674 4178 mestri
730 4135 827 4177 aut
884 4125 1192 4178 octimestri
1245 4125 1372 4178 fuit.
1433 4123 1574 4177 Ilinc
1627 4122 1842 4176 vacavit
1901 4121 2060 4176 sedes

483 4232 693 4270 annum
759 4217 1005 4294 circiter,
1078 4218 1242 4272 anxie
1310 4217 1657 4271 deliberante
1727 4216 2059 4286 imperatore

486 4322 654 4376 quem
702 4309 768 4362 ad
817 4310 1063 4362 rationes
1113 4308 1392 4362 meditatae.
1437 4307 1829 4377 expunctionis
1864 4307 2058 4377 pupilli

477 4399 957 4455 accommodatum
1013 4402 1064 4456 ei
1114 4401 1442 4470 praeﬁceret,
1503 4403 1682 4472 quoad
1738 4402 1956 4456 tandem
2003 4401 2057 4490 ἰιι

477 4490 697 4544 Arsenii
747 4492 1154 4545 revocationcm
1199 4493 1501 4555 consensit,
1536 4495 1695 4560 cujus
1727 4494 1780 4546 in
1811 4490 2059 4562 praeteri-

2163 3289 2394 3345 tembris
2425 3290 2780 3346 celebratam.
2817 3291 2874 3345 In
2902 3306 3012 3360 quo
3047 3291 3091 3346 si
3125 3293 3251 3361 quis
3289 3294 3608 3364 vitilitigare
3641 3313 3740 3350 ve-

2159 3382 2246 3448 lit,
2272 3392 2454 3437 tamen
2483 3381 2630 3436 idem
2675 3381 2728 3436 id
2759 3383 2813 3438 in
2849 3383 3075 3454 longum
3105 3384 3328 3442 diﬂerre
3362 3402 3473 3440 non
3504 3389 3737 3456 poterit.

2159 3473 2297 3530 Cum
2331 3477 2480 3528 enim
2511 3482 2665 3528 certo
2701 3471 3080 3529 definierimus
3114 3476 3398 3545 superius,
3427 3493 3481 3531 c.
3513 3480 3568 3541 4,
3600 3495 3656 3534 n.
3682 3479 3736 3544 4,

2160 3563 2427 3620 Joannem
2473 3563 2560 3636 [P.
2585 3562 2716 3636 514]
2758 3571 3067 3634 Augustum
3116 3581 3346 3636 puerum
3405 3580 3738 3623 excaecatum

2162 3661 2333 3715 fuisse
2371 3661 2461 3716 die
2497 3659 2704 3716 Christi
2739 3661 2917 3716 Natali
2964 3661 3128 3734 hujus
3170 3663 3297 3717 anni
3336 3665 3501 3725 t26l,
3529 3675 3586 3720 et
3622 3682 3735 3718 ma-

2162 3753 2422 3808 nifestum
2454 3755 2526 3809 sit
2560 3753 2703 3808 inter
2734 3755 3144 3810 coronationem
3177 3757 3468 3811 Michaelis
3493 3767 3549 3812 et
3574 3774 3735 3813 excae-

2163 3846 2435 3900 cationem
2509 3845 2738 3900 Joannis
2805 3847 3064 3900 idoneum
3117 3848 3418 3918 quodpiam
3479 3852 3737 3918 teirpor?s

2113 3975 2116 3980 -
2161 3936 2393 4005 spatium
2455 3935 2853 4002 intercessisse,
2908 3938 3058 3992 haud
3096 3940 3310 4008 utique
3366 3941 3546 3994 multo
3602 3941 3736 3992 ultra

2162 4027 2322 4082 lixam
2358 4043 2389 4082 a
2419 4028 2582 4084 nobis
2620 4029 2742 4083 initi
2779 4031 3087 4085 secundum
3133 4032 3202 4085 ab
3232 4030 3474 4086 Arsenio
3507 4032 3735 4100 patriar-

2161 4123 2358 4178 chatus
2397 4124 2666 4193 epocbam
2708 4123 2898 4178 licebit
2925 4105 3313 4194 quantumvis.
3329 4132 3528 4194 arguto
3559 4123 3736 4192 conje-

2162 4217 2336 4272 cturis
2362 4217 2606 4286 evagari.

2233 4309 2300 4362 ν.
2331 4309 2609 4364 Habemus
2643 4307 2860 4362 initium
2889 4321 3120 4362 secunu.
3150 4315 3562 4376 patriarcoatus
3585 4306 3736 4358 Arse-

2162 4401 2262 4456 nii.
2305 4401 2496 4456 Restat
2529 4401 2656 4456 linis
2699 4400 2946 4471 ejusdem
2995 4399 3362 4469 indagandos.
3407 4400 3610 4453 Narrat
3642 4400 3738 4452 1³η-

2162 4494 2469 4564 chymeres,
2501 4495 2539 4548 Ι.
2574 4509 2654 4556 ιιι,
2680 4509 2731 4548 c.
2764 4493 2850 4556 14,
2881 4493 3175 4547 Arsenium
3226 4492 3598 4561 patriarcham
3645 4507 3739 4544 au~

483 4580 632 4634 tione
659 4581 1032 4635 coronationis
1054 4581 1281 4636 Joannis
1311 4586 1466 4652 pueri
1502 4584 1826 4652 patientiam
1855 4600 2057 4654 exper-
2092 4561 2138 4618 θ
2165 4585 2276 4640 dita
2308 4584 2537 4639 Joannis
2565 4584 2938 4640 excaicatiotie
2974 4585 3269 4638 anathema
3305 4585 3358 4639 in
3400 4586 3524 4652 ejus
3558 4595 3732 4638 aucto-

481 4681 570 4727 tus
598 4673 852 4741 speravit
894 4675 1060 4728 etiam
1087 4690 1153 4728 eo
1187 4675 1331 4730 facili
1383 4692 1610 4730 usurum
1646 4677 1700 4730 in
1727 4687 2056 4732 exauctora-

483 4762 633 4816 tioue
659 4777 823 4831 quam
851 4765 1081 4832 parabat
1104 4765 1376 4836 ejusdem.
1411 4767 1654 4837 Contigit
1687 4768 1907 4822 interim
1940 4768 2058 4838 capi

482 4853 702 4918 urbem,
757 4865 813 4910 et
861 4857 1249 4926 imperatorem
1306 4861 1360 4915 in
1412 4878 1533 4916 eam
1589 4863 1770 4917 invehi
1823 4865 2058 4918 solemni

477 4961 702 5016 pompa,
733 4947 921 5018 ibique
949 4951 1054 5003 tixo
1078 4953 1186 5022 jam
1215 4952 1522 5020 domicilio,
1555 4954 1847 5010 Arsenium
1877 4956 2060 5010 denuo

475 5039 717 5094 electum
752 5057 781 5095 a
828 5043 1040 5113 synodo
1070 5045 1255 5099 missis
1285 5047 1482 5115 legatis
1511 5048 1772 5103 invitasse
1803 5051 1869 5102 ad
1902 5065 2061 5104 resu-

477 5131 731 5186 mendam
771 5135 1097 5189 melioribus
1136 5139 1399 5206 auspiciis
1447 5140 1755 5194 abdicatam
1791 5142 1922 5196 olim
1959 5159 2060 5211 po-

481 5231 763 5278 testatem.
811 5226 1022 5292 Quibus
1055 5228 1145 5283 ille
1171 5230 1482 5286 assentiens
1515 5233 1568 5286 in
1600 5233 1794 5287 urbem
1827 5236 1978 5289 venit
2004 5246 2060 5289 et

478 5318 628 5372 sedis
701 5321 1088 5386 [‘atriarchalis
1150 5326 1564 5393 possessionem
1635 5344 1832 5383 rursus
1893 5329 2054 5395 adiit,

479 5410 523 5464 Ι.
561 5427 638 5472 ttt,
667 5427 719 5465 c.
747 5412 804 5465 2.

550 5504 710 5574 727
746 5504 829 5559 ιν.
857 5506 1078 5561 Arsenii
1124 5508 1530 5564 restitutionem
1584 5529 1693 5566 non
1730 5515 1904 5568 multo
1939 5523 2060 5583 pOst

475 5608 691 5665 captam
731 5597 924 5653 urbem
955 5600 1257 5669 contigisse
1314 5602 1442 5654 inde
1489 5615 1878 5672 argumentum
1922 5607 2050 5660 duci

481 5697 680 5758 potest,
745 5690 892 5759 quod
954 5691 1009 5745 iu
1072 5692 1314 5746 secunda
1364 5682 1722 5750 coronationc
1779 5697 2060 5754 Michaelis

479 5783 551 5836 ab
598 5781 832 5837 Arsenio
873 5784 1104 5838 delinito
1161 5785 1324 5840 donis
1379 5796 1434 5842 et
1469 5786 1776 5843 honoribus
1821 5789 2062 5848 libenter

481 5875 780 5941 celebrata,
811 5878 1063 5946 proxima
1109 5876 1393 5933 Dominica
1430 5889 1553 5944 post
1591 5889 1932 5957 resumptum
1967 5899 2059 5944 pa-

2166 4693 2280 4732 rem
2337 4677 2658 4734 Ilichaelem
2692 4678 3003 4750 Augustum
3060 4679 3367 4732 intorsisse.
3424 4677 3481 4731 Id
3538 4656 3737 4738 factum

2163 4773 2411 4841 oportuit
2449 4773 2596 4828 circa
2632 4773 2852 4828 initium
2885 4772 3014 4828 anni
3045 4772 3252 4828 Christi
3285 4771 3445 4833 1263,
3475 4787 3604 4825 cum
3635 4773 3740 4837 pri-

2163 4882 2312 4920 mum
2349 4882 2546 4935 nempe
2577 4867 2798 4935 vulgata
2848 4865 2992 4920 fama
3027 4876 3114 4920 est
3167 4864 3294 4919 facti
3325 4864 3558 4919 atrocis.
3606 4865 3738 4932 Cap.

2163 4959 2365 5014 deinde
2419 4960 2486 5013 19
2539 4959 2744 5014 dicitur
2777 4959 3121 5025 Michaelem,
3155 4956 3743 5028 postquamvidelicet

2162 5052 2483 5121 aliquandiu
2515 5052 2873 5122 ignominiam
2913 5052 3282 5106 meritissima
3317 5066 3495 5119 paena-
3546 5051 3742 5105 tacitus

2165 5143 2387 5208 tulerat,
2415 5143 2643 5212 petiisse
2676 5144 2982 5211 supplicem
3028 5142 3097 5196 ab
3136 5143 3374 5197 Arsenio
3410 5143 3741 5195 solutionem

2160 5236 2548 5302 anathematis,
2576 5253 2678 5292 nec
2713 5250 2921 5299 tamen,
2975 5237 3104 5291 licet
3141 5237 3238 5290 diu
3284 5246 3342 5290 et
3382 5237 3741 5289 vehementer

2163 5329 2476 5392 institisset,
2509 5330 2803 5400 impetrare
2859 5329 3126 5399 potuisse.
3160 5328 3328 5382 Multa
3363 5326 3569 5382 dehinc
3619 5342 3743 5380 nar-

2165 5431 2358 5475 rantur
2405 5437 2602 5476 novem
2656 5421 2884 5491 reliquis
2924 5422 3200 5491 capitibus
3236 5422 3366 5476 libri
3401 5424 3576 5482 tertii,
3623 5434 3741 5488 qua:

2161 5513 2254 5566 illo
2283 5513 2572 5568 intervallo
2594 5514 2800 5568 frustra
2831 5515 3014 5583 petita:
3038 5513 3406 5568 absolutionis
3429 5513 3497 5566 ab
3523 5527 3746 5566 excom-

2163 5608 2539 5662 municatione
2591 5609 2757 5678 728
2787 5612 3157 5679 contigerunt.
3206 5608 3330 5662 Haec
3363 5617 3530 5676 prout
3557 5607 3611 5660 in
3647 5621 3736 5676 sy-

2163 5699 2320 5770 nopsi
2365 5701 2754 5771 chronologica
2805 5700 3156 5771 digessimus,
3188 5701 3343 5755 facile
3366 5701 3534 5754 trium
3573 5715 3744 5753 anno-

2165 5807 2286 5844 rum
2315 5792 2557 5861 spatium
2591 5792 2833 5862 cxplent.
2883 5791 3118 5857 Quando
3165 5791 3274 5859 jam
3310 5790 3611 5859 desperans
3649 5789 3744 5843 hli-

2163 5883 2316 5937 chacl
2358 5883 2656 5942 quidquam
2687 5899 2785 5938 sua
2823 5897 2986 5937 causa
3024 5880 3299 5936 facturum
3332 5867 3646 5938 ArSenium.
3675 5878 3740 5933 ad
