4016 6544
299 365 424 431 1185

1587 359 2257 431 CHRONOLOGICUS.

3426 369 3560 434 1186

240 516 244 519 ι
298 489 577 546 episcopos
631 474 697 530 de
729 479 874 528 statu
911 487 1097 528 rerum
1131 487 1353 527 suarum
1395 489 1515 528 eam
1550 474 1858 528 orationem
1894 475 1942 532 A
1968 489 2086 527 vein
2145 472 2383 530 duravit.
2437 474 2509 531 Ut
2560 477 2731 532 semel
2787 477 3139 535 absolvamus
3191 480 3258 536 de
3297 482 3556 549 Arsenio,

249 561 264 574 ’
297 571 504 634 habuit,
550 585 672 638 qua:
710 583 759 622 ε.
796 567 912 630 1,-1.
948 582 1000 620 iv
1043 566 1326 621 recitatur.
1365 565 1419 620 In
1455 582 1516 621 ea
1550 567 1706 636 quasi
1737 566 1866 619 lun-

299 666 546 718 ilameuta
573 662 714 730 jacla
745 668 874 713 sunt
899 657 1266 728 depositionis
1313 659 1552 713 Arsenii.
1588 659 1667 712 Ad
1703 675 1868 725 quam

287 768 353 810 ut
388 770 703 826 processum
737 752 927 814 fuerit,
959 753 1157 806 docere
1188 752 1490 806 histericus
1515 751 1711 821 incipit
1735 753 1772 804 l.
1796 767 1869 817 Iv,

300 865 346 904 ε.
378 849 430 913 5,
470 848 562 900 ubi
617 847 896 900 accusatio
933 845 988 898 in
1034 829 1637 914 patriarcham‘cupide
1671 845 1739 897 ab
1772 845 1872 896 im-

300 953 552 1012 peratore
583 949 802 1007 arci-pta
863 947 1224 992 memoratur.
1259 936 1548 992 Damnatio
1579 935 1792 990 Arseuii
1819 944 1875 988 et

237 1083 244 1090 .
299 1035 672 1089 exauctoratio
697 1033 907 1099 judicio
960 1031 1157 1102 synodi
1191 1031 1412 1085 decreta
1449 1031 1687 1084 refertur
1715 1045 1764 1083 ε.
1800 1029 1871 1092 6;

299 1127 578 1182 exsecutio
610 1143 775 1196 porro
807 1126 1091 1179 sententia:
1121 1139 1175 1180 et
1203 1125 1402 1194 ejectio
1429 1124 1642 1177 Arsenii
1676 1140 1706 1178 e
1749 1123 1876 1176 sede

299 1235 352 1275 ct
382 1222 520 1274 urbe.
547 1219 911 1288 perscribitur
941 1235 989 1272 c.
1030 1219 1102 1283 8;
1134 1202 1334 1281 oratio,
1366 1218 1433 1272 de
1473 1234 1578 1286 qua
1611 1217 1874 1278 diximus,

300 1315 654 1385 imperatoris
691 1312 878 1366 habita
906 1311 1131 1366 videtur
1162 1313 1264 1365 sub
1295 1310 1513 1365 initium
1558 1309 1686 1363 anni
1721 1309 1876 1370 1265,

299 1425 424 1464 ειιιιι
451 1409 561 1478 jam
611 1423 708 1476 per
752 1421 926 1458 annos
964 1414 1072 1458 tres
1124 1402 1735 1460 cxcommunicationis,
1773 1416 1880 1468 qua

301 1504 495 1556 luisset
531 1501 770 1570 illigatus
805 1499 989 1552 statim
1022 1506 1146 1567 post
1183 1496 1606 1552 excaecationem
1654 1483 1882 1549 Joannis

299 1595 480 1666 pueri,
537 1593 866 1646 solutionem
940 1591 1308 1660 nequidquam
1384 1590 1703 1659 ﬂagitasset.
1753 1585 1884 1640 Post

299 1688 609 1742 orationem
636 1685 802 1748 illam,
837 1701 958 1753 qua:
988 1685 1136 1738 velut
1180 1683 1469 1751 clarigatio
1502 1682 1752 1752 quzedam
1783 1681 1885 1734 fuit

301 1777 588 1841 terrendo,
624 1776 667 1829 si
705 1775 818 1828 lieri
856 1782 1062 1843 posset,
1093 1774 1422 1843 patriarchae
1461 1765 1767 1842 praemissa,
1800 1786 1886 1826 se-

1973 565 2058 640 [Ρ.
2092 569 2228 642 515]
2251 571 2447 624 mortis
2477 571 2594 640 ejus
2625 571 3103 627 diem-historicus
3129 584 3318 646 noster
3338 591 3556 644 expres-

1972 660 2065 724 sit,
2110 662 2146 715 Ι.
2205 679 2257 726 ν,
2311 677 2359 715 ε.
2403 661 2495 725 20,
2547 662 2632 716 his
2670 664 2891 720 verbis:
2923 665 3263 734 Ἰἰπρὰττετο
3321 667 3419 736 μὲν
3461 664 3556 720 οὗν

1971 756 2143 807 ταῦτα.
2166 753 2605 824 ἐλαφηϐολιῶνος
2628 754 2763 826 ἕκτῃ
2791 757 2958 826 μηνὸς
2984 756 3076 809 τοῦ
3104 759 3353 822 ἐπιόντος
3381 759 3554 822 ἔτους,

1973 847 2069 898 τοῦ
2105 847 2451 916 πατριάρχου
2482 846 2768 915 Ἀρσενίου
2804 849 3076 918 πρότερον
3110 849 3143 918 ἢ
3176 850 3352 902 ταῦτα
3404 853 3551 918 γενέ.

1977 939 2102 992 σθαι
2128 941 2354 1010 ἡμερῶν
2391 939 2450 1002 ἓξ
2481 941 2622 992 κατὰ
2647 939 2747 1010 τὴν
2778 940 2943 1010 νῆσον
2991 944 3420 1012 μεταλλάξαντο.
3460 946 3556 996 εἴτ’

1976 1029 2070 1086 οὖν
2101 1037 2402 1108 τριακοστῇ
2437 1031 2798 1103 γαμηλιῶνος
2837 1035 3006 1103 μηνός
3036 1053 3048 1065 ·
3087 1035 3215 1088 Ηιεε
3263 1047 3410 1106 gesta
3440 1049 3556 1090 sunt

1979 1127 2198 1198 (nempe
2248 1127 2614 1196 ignominiosa
2687 1127 2964 1182 traductio
3011 1127 3290 1197 lloloboli)
3346 1133 3555 1184 ineunte

1981 1237 2124 1274 anno
2161 1220 2254 1285 (ob
2304 1220 2523 1273 initium
2580 1220 2843 1275 videlicet
2897 1221 3218 1276 indictionis
3252 1240 3280 1276 a
3315 1222 3556 1291 Septem-

1981 1314 2088 1384 bri)
2121 1315 2202 1368 die
2234 1323 2380 1367 sexta
2413 1313 2670 1376 Octobris,
2695 1317 3007 1385 patriarcha
3037 1315 3262 1368 Arsenio
3298 1333 3387 1369 sex
3414 1320 3559 1386 prius

1983 1411 2161 1462 diebus
2193 1425 2353 1476 quam
2385 1413 2494 1462 Inrc
2540 1409 2727 1474 ﬁerent
2756 1409 2808 1462 in
2865 1408 3046 1462 insula
3102 1418 3332 1464 mortuo.
3389 1409 3446 1462 lu
3483 1412 3560 1462 his

1985 1501 2169 1556 nullus
2193 1509 2423 1570 apparet
2457 1500 2746 1553 character
2774 1503 2913 1554 certi
2950 1501 3104 1554 anni.
3141 1500 3326 1566 Quare
3383 1501 3449 1554 ad
3507 1501 3561 1552 il-

1987 1594 2096 1649 lius
2133 1593 2538 1662 indagationem
2587 1592 2693 1646 alia
2727 1593 3086 1662 grassandum
3117 1601 3202 1648 est
3229 1593 3336 1647 via.
3367 1593 3562 1647 Narra-

1987 1694 2140 1740 verat
2173 1685 2248 1738 ibi
2279 1684 2643 1754 Pachymercs
2676 1699 2898 1738 causam
2933 1685 3163 1754 primam
3202 1685 3296 1739 ira:
3332 1686 3565 1752 impera‘

1992 1781 2127 1835 toris
2176 1780 2229 1833 in
2282 1779 2611 1833 llolobolum
2648 1779 2926 1832 exstitisse
2975 1795 3044 1833 ex
3101 1780 3264 1848 hujus
3299 1779 3566 1849 prmeipiti

291 1881 456 1926 (υιῖῑϊ
492 1882 622 1924 sum
672 1867 1099 1922 dellberaliones
1159 1868 1550 1936 episcoporum
1601 1874 1656 1920 θῑ
1707 1864 1882 1920 Ome“!
1915 1848 2224 1944 Bquadam
2259 1873 2555 1942 eruptione
2607 1871 3009 1941 indignationis
3065 1872 3120 1926 in
3154 1874 3567 1942 imperatorem,

302 1964 607 2017 multorum
666 1977 735 2015 ex
781 1961 914 2031 ipsis
962 1960 1030 2016 ad
1088 1959 1461 2028 patriarcham
1497 1975 1596 2029 pro
1639 1963 1883 2027 Augusto

293 2059 573 2128 supplice,
611 2066 724 2112 tum
758 2058 952 2112 ultima
978 2057 1142 2126 hujus
1175 2054 1399 2125 Josephi
1431 2059 1515 2109 sui
1555 2053 1884 2109 conlessarii

299 2153 365 2206 ad
398 2151 694 2206 Arsenium
729 2151 1003 2220 allegatio.
1049 2149 1179 2216 Qua:
1205 2166 1327 2203 cum
1366 2149 1503 2202 nihil
1532 2149 1882 2218 prolicereut,

303 2239 529 2294 tandem
571 2239 674 2294 sub
703 2239 919 2293 initium
959 2239 1168 2309 Aprilis
1207 2240 1443 2293 Arseuio
1480 2240 1548 2293 lis
1587 2247 1671 2293 est
1704 2240 1886 2292 inten-

298 2340 444 2398 tata,
472 2333 658 2387 oblato
687 2345 878 2386 contra
917 2333 1072 2387 illum
1113 2332 1319 2387 libello.
1352 2332 1424 2387 De
1477 2332 1580 2387 hac
1610 2348 1668 2387 re
1715 2333 1884 2386 verba

302 2427 663 2499 Pachymeris
692 2426 934 2481 notanda
969 2435 1099 2483 sunt
1145 2442 1196 2482 c.
1250 2427 1343 2481 illo
1370 2428 1426 2491 5,
1454 2426 1491 2482 l.
1529 2442 1603 2490 iv,
1641 2426 1720 2480 sic
1748 2426 1886 2480 scri-

301 2519 528 2575 herilis:
579 2519 713 2572 Τότε
762 2518 947 2572 τοίνυν
993 2517 1407 2590 βοηδρομιῶνος
1443 2517 1738 2587 ἱπταμένου
1789 2514 1886 2568 καὶ

304 2614 566 2684 συνήθων
596 2613 870 2680 νηστειῶν
892 2612 1235 2682 τελουμένων
1267 2610 1462 2679 ἑορτῆς
1499 2611 1778 2680 ἀγομένης

301 2705 610 2758 ἀκάϐιστον
641 2703 874 2775 σύνηθες
894 2689 1225 2774 ὀνομάζεινο
1265 2703 1406 2758 Tum:
1438 2703 1601 2773 igitur
1644 2703 1736 2756 sub
1781 2703 1888 2755 ini-

303 2800 448 2851 tium
469 2797 668 2868 Aprilis
694 2797 940 2852 solemnis
974 2799 1172 2869 jejunii
1226 2808 1482 2867 tempore,
1515 2797 1641 2850 dum
1697 2797 1888 2866 festum

301 2898 557 2960 ageretur
599 2890 739 2959 quod
790 2890 1120 2944 Acatln'stum
1161 2889 1315 2960 vulgo
1355 2891 1652 2942 nominant.
1694 2888 1889 2942 Datum

304 2994 504 3038 contra
540 2984 913 3053 patriarcham
959 2983 1207 3037 libellum
1255 2982 1661 3036 aceusatorium
1704 2996 1893 3036 conse~

305 3086 550 3147 quenter
586 3085 794 3131 narrat.
831 3074 1077 3130 Diximus
1126 3075 1180 3128 in
1217 3073 1492 3130 Glossario
1525 3074 1694 3128 verbo
1724 3072 1891 3126 Ἀκά-

1988 1968 2074 2021 ειιί
2103 1983 2225 2021 cum
2262 1967 2527 2020 inservire
2557 1965 2814 2034 coepisset
2869 1965 2923 2019 in
2979 1968 3198 2034 negotio
3229 1965 3567 2021 conciliatio-

1987 2061 2075 2116 nis
2138 2061 2523 2121 ecclesiarum,
2575 2059 2939 2128 suggercndis
2986 2076 3050 2114 ex
3095 2060 3322 2114 hiStoria
3373 2059 3607 2114 autle-.

1990 2153 2172 2206 ctione
2209 2151 2429 2205 Patrum
2459 2151 2803 2220 argumentis
2837 2151 2906 2204 ad
2945 2166 3066 2203 eam
3098 2150 3440 2205 suadendum
3476 2164 3569 2218 ap-

1993 2246 2082 2305 tis.
2125 2254 2352 2313 repeute
2405 2243 2719 2296 institutum
2769 2256 2824 2296 ct
2875 2243 3207 2296 sententiam
3250 2242 3570 2302 mutaverit,

1991 2338 2240 2391 offensus
2271 2335 2418 2406 quod
2455 2336 2506 2387 in
2543 2335 2782 2403 quodam
2817 2346 2988 2397 emtu,
3024 2335 3116 2389 ubi
3157 2335 3278 2389 aliis
3308 2334 3574 2388 sessionis

1992 2431 2260 2485 honorem
2302 2430 2603 2498 imperator
2659 2429 2967 2491 tribuisset,
3001 2429 3182 2498 ipsum
3227 2429 3404 2483 solum
3442 2428 3571 2482 reli-

1991 2524 2201 2617 quisset
2231 2530 2495 2577 stantem.
2528 2521 2686 2578 Unde
2723 2521 2813 2576 ille
2849 2521 3225 2591 interrogatus
3258 2521 3325 2575 de
3360 2536 3418 2575 re
3450 2536 3575 2592 quae

1994 2615 2358 2682 tractabatur,
2391 2625 2759 2687 prreterquam
2786 2615 3020 2686 speratis
3049 2626 3104 2669 et
3134 2616 3290 2684 prius
3323 2617 3574 2670 ostensis

1992 2712 2267 2770 contraria
2299 2710 2482 2765 omnia
2539 2709 2848 2779 respondit,
2895 2709 3062 2763 etiam
3097 2709 3347 2778 Augusto
3377 2723 3577 2777 expro-

1993 2805 2174 2861 bravit
2201 2803 2626 2859 exc-.ecatiouem
2676 2801 2835 2871 pueri
2868 2798 3120 2856 Joannis.
3151 2800 3310 2856 Unde
3339 2802 3578 2870 impera-

1994 2908 2114 2954 tore
2145 2895 2633 2953 vehementissime
2659 2904 2958 2959 conuuoto,
2994 2894 3303 2948 llolobolus
3328 2893 3435 2948 sibi
3468 2908 3579 2948 me-

1997 3000 2158 3046 tuens
2206 2989 2260 3045 in
2318 2989 2532 3060 asylum
2599 2987 2850 3043 ecclesia:
2910 2985 3245 3055 confugerit,
3294 2987 3392 3041 sed
3446 2987 3577 3041 inde

1998 3082 2217 3140 blandis
2246 3080 2598 3153 imperatoris
2633 3078 2990 3135 suasionibus
3036 3087 3338 3143 extractus,
3373 3079 3580 3148 relega-

305 3171 521 3236 θιστος,
554 3169 752 3224 festum
788 3169 923 3224 illud
969 3170 1194 3224 solitum
1237 3169 1406 3223 fuisse
1449 3167 1718 3223 celebrari
1754 3166 1892 3222 Sab-
1919 3198 1965 3258 C
1999 3187 2088 3232 tus
2117 3175 2354 3230 Nicatam
2383 3174 2550 3227 luerit
2576 3172 2630 3226 in
2657 3176 3053 3226 monasterium
3087 3171 3402 3241 Hyacinthi.
3433 3170 3580 3226 Scri-

303 3265 439 3320 bato
517 3264 725 3334 quinta:
780 3262 1138 3316 hebdomadas
1218 3262 1377 3316 verni
1424 3260 1620 3332 )ejunii
1672 3260 1889 3315 dierum

303 3357 700 3427 quadraginta,
756 3355 1035 3410 sexdecim
1085 3355 1283 3410 diebus
1316 3364 1444 3408 ante
1485 3353 1716 3408 Pascha.
1749 3349 1888 3407 Cum

303 3459 520 3510 autem,
543 3458 600 3500 ut
633 3455 717 3500 est
758 3445 1133 3508 manifestum,
1162 3459 1268 3498 non
1301 3442 1549 3519 quolibet
1580 3457 1724 3496 anno
1757 3442 1894 3497 Sab-
1939 3467 1945 3484 ι

305 3542 503 3595 batum
539 3541 745 3608 quiut—ai
777 3535 1141 3592 hebdomadis
1184 3532 1616 3612 quadragesimae
1646 3533 1700 3586 in
1731 3532 1895 3599 Apri-

306 3636 379 3689 lis
408 3633 635 3688 initium
669 3632 970 3698 incideret,
1011 3638 1243 3699 apparet
1282 3628 1369 3682 his
1409 3627 1591 3681 verbis
1621 3626 1894 3681 contineri

304 3730 691 3784 characterem
720 3727 847 3781 anni
877 3741 1038 3796 quem
1072 3723 1392 3794 quaerimus.
1419 3719 1568 3775 Ordo
1583 3735 1764 3776 rerum
1793 3733 1890 3790 ge-

299 3838 518 3880 szarum
538 3823 591 3876 in
607 3822 823 3892 syllepsi
843 3833 1118 3888 expansus
1133 3816 1281 3871 ducit
1302 3829 1401 3872 nos
1417 3815 1482 3869 ad
1506 3829 1709 3882 annum
1731 3813 1894 3869 Chri-

253 3972 256 3974 _
306 3929 380 3970 stt
418 3916 593 3980 l266;
627 3930 752 3968 nam
786 3914 875 3966 hic
911 3928 1091 3966 annus
1117 3911 1220 3966 fuit
1245 3911 1451 3980 periodi
1475 3911 1706 3964 Iuliana:
1729 3908 1892 3972 5979,

304 4011 450 4082 cycli
485 4011 617 4063 solis
647 4009 731 4073 l5,
765 4008 903 4078 cycli
936 4012 1080 4060 luna:
1106 4007 1194 4060 ll.
1227 4005 1434 4058 [lorum
1465 4005 1746 4076 cyclorum
1776 4019 1896 4058 cer-

307 4104 530 4156 tissimo
594 4101 800 4154 iudicio
851 4099 1122 4153 habemus
1177 4097 1390 4151 Pascha
1428 4097 1522 4150 illo
1558 4112 1703 4150 anno
1723 4095 1894 4150 luisse

302 4195 514 4265 Aprilis
543 4195 638 4257 l8;
669 4193 814 4247 unde
831 4192 1230 4246 retrocedendo
1255 4191 1320 4244 ad
1359 4190 1662 4245 Sabbatum
1686 4190 1894 4258 quinta:

303 4288 674 4342 hebdomadas
730 4285 1176 4355 Quadragesima:
1201 4300 1264 4338 ac
1285 4285 1484 4337 festum
1523 4283 1893 4346 Acalhistum,

306 4382 622 4449 reperimus
657 4377 708 4430 id
738 4377 994 4431 incidisse
1025 4377 1080 4431 in
1117 4377 1338 4430 tertium
1374 4375 1600 4443 Aprilis,
1634 4376 1728 4443 qui
1776 4374 1894 4428 dies

306 4472 606 4543 aptissime
642 4472 899 4538 congruit
929 4469 992 4522 iu‘
1021 4469 1169 4522 illam
1227 4467 1562 4520 mentionem
1598 4467 1892 4536 ἱσταμένου

307 4564 720 4637 βοηδρομιῶνος
742 4605 756 4628 ,
793 4561 1112 4631 incipientis
1140 4560 1363 4629 Aprilis.

385 4658 476 4712 Vl.
504 4657 652 4711 Mora
679 4656 873 4727 judicii
902 4655 1069 4708 totius
1089 4671 1118 4708 a
1143 4657 1318 4724 prima
1344 4653 1621 4708 delatione
1646 4653 1712 4708 ad
1737 4668 1894 4708 exsc-

303 4753 590 4807 cutionem
646 4751 936 4803 sententia:
969 4756 1026 4801 et
1068 4747 1509 4816 dcpurtatioueni
1547 4745 1792 4799 damnati
1825 4745 1893 4798 ad

305 4845 551 4900 insulam
586 4841 826 4896 duorum
861 4841 964 4895 l'uit
993 4840 1108 4894 fere
1145 4841 1440 4903 mensium,
1471 4840 1745 4908 siquidem
1792 4840 1894 4893 do-

307 4946 401 4992 cet
422 4935 812 5007 Pachymeres.
838 4934 876 4988 I.
907 4949 983 4997 iv,
1023 4949 1074 4987 ε.
1099 4931 1153 4997 8,
1181 4943 1463 4988 extrusum
1491 4947 1588 5002 per
1613 4931 1895 4985 ministros

306 5032 669 5101 imperatoris
720 5028 1079 5100 patriarchali
1135 5028 1338 5096 palatio
1372 5029 1666 5082 Arsenium
1733 5035 1894 5080 nocte

305 5127 526 5181 circiter
573 5135 808 5178 extrema
857 5127 1048 5176 mensis
1081 5121 1233 5176 Maii.
1264 5122 1379 5187 Νὺξ
1419 5117 1489 5191 ἦν
1535 5121 1663 5190 περί
1694 5139 1797 5172 που
1828 5121 1896 5172 τὰ

305 5220 603 5272 τελευταῖα
627 5217 987 5279 πυαντιῶνος.
1028 5215 1118 5272 Sic
1149 5216 1342 5269 scribit
1387 5215 1488 5269 hoc
1545 5215 1667 5269 loco
1705 5224 1895 5268 uoster

307 5313 460 5368 istud
517 5329 740 5374 nomen,
795 5327 919 5365 cum
981 5310 1113 5363 alibi
1164 5317 1485 5362 constanter
1537 5307 1895 5376 πυανεψιῶνα

306 5408 515 5461 Maium
555 5415 732 5459 vocet.
769 5405 878 5459 Sed
941 5412 1220 5471 utcunque
1271 5403 1446 5456 variet
1477 5403 1750 5471 scriptura
1794 5417 1895 5455 vo-

307 5500 518 5562 cabuli,
555 5515 641 5551 res
680 5508 764 5552 est
791 5496 1016 5566 quidem
1071 5496 1186 5564 ipsa
1233 5496 1458 5548 minime
1494 5494 1658 5548 dubia
1692 5494 1891 5548 Maium

306 5594 404 5646 hic
430 5590 681 5644 indicari.
707 5589 872 5659 729
895 5588 1073 5653 Quare
1115 5598 1267 5639 certo
1297 5601 1364 5638 ex
1397 5586 1482 5639 his
1507 5586 1635 5638 licet
1665 5585 1896 5639 delinire

305 5687 551 5753 Spallllttl
574 5685 799 5738 secundi
826 5679 1229 5751 patriarchatus
1251 5663 1491 5740 Arsenii,
1526 5677 1620 5744 qui
1648 5693 1676 5729 a
1710 5689 1896 5730 mense

307 5776 624 5844 Septembri
677 5775 806 5828 anui
857 5773 1062 5826 Christi
1095 5771 1222 5824 l26l
1275 5771 1340 5824 ad
1378 5769 1538 5823 linem
1596 5767 1720 5821 Maii
1761 5769 1896 5822 l‘llili

309 5886 413 5940 pc!“
448 5884 620 5925 annos
652 5878 890 5936 quatuor
921 5875 975 5922 ct
1001 5882 1217 5921 menses
1249 5876 1510 5936 praeterea
1541 5863 1763 5918 circiter
1795 5881 1894 5918 no-

1997 3269 2079 3324 bit
2108 3279 2292 3323 autem
2327 3266 2532 3321 ibidem
2566 3266 2955 3336 l’achymcres,
3000 3264 3068 3319 ab
3102 3265 3204 3319 ista
3243 3265 3579 3335 relegatione

1997 3360 2242 3417 nondum
2293 3374 2438 3413 anno
2479 3359 2718 3428 expleto,
2766 3367 3021 3413 vocatum
3053 3356 3230 3412 Niczca
3261 3355 3582 3411 Constanti-

1996 3455 2240 3526 nopolim
2277 3452 2607 3508 llolobolum
2654 3452 2722 3507 ab
2767 3451 3104 3522 imperatore
3135 3452 3202 3505 ad
3239 3451 3422 3506 dirum
3452 3468 3578 3521 sup-

1997 3549 2222 3620 plicium
2249 3547 2438 3602 fuisse.
2462 3546 2633 3616 Igitur
2664 3546 2707 3600 si
2736 3547 3082 3615 potuerimus
3104 3545 3335 3606 ihzlinire
3362 3555 3580 3616 tempus

1997 3643 2150 3698 illius
2183 3650 2510 3703 conventus,
2543 3653 2654 3708 quo
2709 3653 2864 3692 suam
2915 3653 3140 3708 gravem
3187 3638 3240 3690 in
3279 3637 3581 3706 perniciem

1999 3735 2112 3790 ruit
2159 3735 2462 3788 Holobolus
2510 3732 2934 3801 intemperantia
2974 3730 3066 3784 ira:
3113 3740 3168 3784 et
3216 3731 3438 3798 linguai,
3473 3741 3585 3784 sta-

1999 3825 2362 3882 tuerelicebit
2390 3827 2457 3880 de
2487 3841 2619 3880 vero
2657 3833 2901 3894 tempore
2925 3838 3050 3878 eum
3077 3823 3339 3890 supplicii
3378 3821 3444 3877 de
3472 3825 3584 3877 llo-

1998 3921 2180 3976 lobolo
2205 3919 2412 3990 sumpti
2441 3928 2555 3973 tum
2591 3919 2784 3972 mortis
2826 3917 3066 3972 Arsenii.
3096 3917 3264 3986 Atqui
3293 3933 3581 3986 speramus

1999 4016 2160 4071 istius
2206 4014 2430 4078 quidem
2467 4013 2578 4068 voti
2615 4028 2716 4066 nos
2757 4012 2871 4067 fore
2922 4023 3227 4080 compotes.
3275 4011 3410 4066 Nam
3445 4027 3584 4066 con-

1996 4121 2198 4165 ventus
2225 4109 2328 4163 iste
2356 4106 2579 4162 videtur
2603 4106 2691 4160 ille
2719 4104 2862 4160 idem
2891 4103 3063 4159 fuisse
3087 4119 3249 4173 quem
3289 4103 3585 4174 descripsit

1997 4201 2390 4272 Pachymcres,
2435 4214 2489 4253 ε.
2536 4198 2604 4252 la
2633 4197 2758 4253 libri
2803 4196 3048 4268 ejusdem
3083 4213 3137 4263 ν,
3164 4196 3258 4250 ubi
3310 4197 3475 4252 tradit
3498 4198 3585 4251 iti-

2001 4305 2212 4349 teutum
2246 4293 2637 4362 imperatmem
2684 4287 3026 4344 adducendis
3072 4288 3128 4342 in
3161 4303 3318 4342 suam
3351 4287 3418 4342 de
3449 4302 3584 4358 pace

2001 4385 2242 4440 iucunda
2276 4399 2402 4438 cum
2450 4383 2646 4438 Latina
2691 4383 2940 4438 Ecclesia
2986 4382 3341 4443 sententiam,
3375 4381 3586 4436 aversis

2000 4480 2068 4534 ab
2099 4494 2165 4534 eo
2196 4477 2428 4532 consilio
2457 4477 2787 4546 praesulibus
2815 4475 3042 4541 Grazcis,
3065 4486 3412 4546 congregato
3435 4473 3581 4544 apud

2002 4586 2059 4626 se
2096 4569 2411 4640 patriarcha
2438 4583 2565 4623 cum
2591 4569 2868 4638 episcopis
2898 4576 2954 4623 et
2989 4566 3284 4638 pra:cipuis
3316 4583 3384 4621 ex
3408 4566 3581 4628 clero,

2001 4663 2268 4717 institisse
2289 4671 2350 4716 ut
2369 4661 2422 4715 in
2445 4677 2569 4717 eam
2591 4661 3037 4717 conciliationem
3057 4675 3343 4715 assensum
3362 4659 3580 4722 darent,

1996 4755 2303 4826 allegandis
2333 4755 2647 4809 rationibus
2701 4770 2838 4822 quas
2897 4755 2948 4808 ei
3012 4759 3400 4823 suggesserant
3427 4750 3580 4804 docti

2000 4849 2277 4915 homines,
2311 4847 2741 4902 archidiaconus
2778 4844 3138 4906 Meliteniota,
3179 4844 3449 4911 Georgius
3477 4842 3582 4913 Cy-

1961 4954 1963 4957 '
1998 4941 2153 5012 prius
2187 4939 2681 5011 protapostoiarius
2730 4948 2785 4993 et
2821 4938 3014 4992 rhetor
3049 4935 3298 4992 ecclesia:
3342 4933 3586 4989 lIoloho—

1997 5035 2105 5093 lus.
2131 5032 2226 5102 qui
2281 5046 2476 5086 omnes
2510 5031 2762 5093 aderant,
2808 5045 2909 5101 pro
2941 5044 2999 5083 se
3029 5027 3265 5098 quisque
3297 5026 3579 5094 uegetium

1993 5129 2268 5198 juvantes,
2322 5138 2664 5194 quanquam.
2711 5130 2769 5175 ut
2822 5121 2896 5174 ibi
2933 5121 3230 5174 submonet
3258 5118 3581 5182 historicus,

1999 5218 2300 5272 llolobolus
2330 5217 2552 5287 quidem
2590 5232 2698 5270 non
2724 5231 2787 5269 ex
2825 5215 2993 5268 animi
3031 5214 3114 5268 sui
3152 5212 3451 5275 sententia,
3480 5211 3578 5266 sed

2001 5311 2054 5364 in
2094 5310 2334 5376 speciem
2360 5309 2627 5362 duntaxat
2665 5325 2766 5362 nec
2801 5307 2987 5361 studio
3008 5308 3248 5361 sincero.
3276 5305 3408 5359 Esse
3431 5304 3581 5358 hunc

1999 5413 2205 5459 emtum
2259 5401 2514 5456 eumdem
2551 5400 2750 5455 suadet
2809 5415 3168 5470 personarum
3225 5398 3485 5452 identitas
3525 5407 3582 5452 et
3639 5383 3642 5386 ’

2003 5498 2079 5552 rei
2113 5505 2351 5550 tractatae
2385 5495 2441 5547 in
2475 5503 2711 5562 utroque
2739 5512 2751 5548 :
2788 5509 2910 5546 uani
2948 5491 3317 5554 Mcliteniota,
3345 5489 3582 5560 Cyprius

2001 5600 2056 5645 ct
2093 5589 2395 5644 llolobolus
2421 5588 2715 5656 utrobique
2747 5593 3128 5639 memorantur
3158 5583 3320 5653 730
3345 5581 3580 5635 adhibiti

2002 5682 2386 5752 adjuvaudum
2413 5680 2802 5748 imperatorem
2839 5680 2895 5732 in
2915 5676 3315 5732 convincendis
3347 5675 3579 5728 iautori~

2002 5774 2105 5827 bus
2136 5769 2474 5826 sehisniatis.
2519 5770 2633 5825 Nec
2667 5770 2850 5824 obstat
2897 5769 3043 5840 quod
3071 5769 3165 5821 illo
3195 5784 3244 5822 c.
3286 5767 3356 5821 ‘20
3396 5776 3582 5836 poste-

2004 5865 2167 5920 rioris
2194 5864 2459 5934 temporis
2484 5865 2804 5919 memoriam
2826 5862 3150 5930 exsequitur
3175 5878 3190 5916 :
3223 5878 3348 5918 nam
3374 5860 3580 5915 diserte
