4016 6520
494 300 630 368 1137

1332 302 1396 361 Ρ.
1436 299 1737 360 POSSINJ
1782 298 2445 362 ()BSERVATIONUM
2492 300 2640 360 LIB.
2679 297 2793 358 ῘΠ.

3609 297 3750 367 1ἱ83

492 418 691 473 ibidem
728 416 1006 479 admonet,
1036 416 1181 486 quod
1215 415 1286 469 ibi
1318 423 1522 477 narrat,
1555 426 1739 470 aetum
1772 413 2057 482 superius,
2093 423 2132 475 Α
2185 415 2479 469 manifesto
2512 396 2761 484 periculo
2792 413 3024 484 publica:
3046 413 3271 484 quietis,
3303 425 3361 470 ut
3393 429 3617 469 necesse
3644 415 3750 467 ha-

490 507 583 561 sed
616 507 687 559 ibi
716 507 1005 560 memorari
1031 506 1102 559 ob
1126 505 1542 560 similitudinem
1573 520 1785 559 rerum.
1807 504 2059 560 Conven—

492 609 582 654 tus
614 615 780 669 porro
833 600 922 654 ille
953 615 1003 654 c.
1044 600 1110 653 l9.
1158 608 1414 654 narratus
1469 597 1811 667 signiﬁcatur
1857 597 2059 653 ibidem

490 694 737 757 habitus,
766 702 1054 763 postquam
1086 692 1250 763 legati
1284 692 1535 762 Gregorii
1562 692 1609 746 Χ
1640 691 1921 762 pontificis
1946 690 2061 744 Ro-

492 784 636 841 mani
658 780 1196 854 Constantinopolim
1222 784 1582 839 advenerant.
1613 785 1727 839 Non
1757 793 2062 853 potuerunt

490 887 675 933 autem
732 877 809 932 illi
862 892 931 932 eo
966 878 1285 947 pervenisse
1320 877 1475 947 prius
1511 894 1674 946 quam
1732 877 1835 931 sub
1894 876 2059 930 finem

491 970 621 1024 anni
656 969 815 1033 1272,
864 968 1138 1038 siquidem
1178 969 1378 1023 littera:
1421 984 1559 1038 quas
1586 969 1670 1022 eis
1705 966 2064 1037 perferendas

491 1062 557 1116 ad
598 1060 916 1115 Michaelem
956 1060 1345 1129 imperatorem
1378 1061 1424 1117 is
1454 1061 1701 1131 pontifex
1748 1060 1927 1122 dedit,
1979 1074 2065 1112 re-

492 1153 674 1207 citata:
705 1168 734 1208 a
764 1152 1051 1223 Raynaldo
1086 1152 1180 1207 illo
1222 1168 1368 1207 anno
1409 1170 1464 1206 ιι.
1499 1153 1593 1217 25,
1623 1152 1843 1222 scripta:
1876 1163 2007 1206 sunt
2030 1144 2063 1205 9

492 1244 613 1302 Kal.
666 1244 933 1300 Novemb.
977 1245 1095 1315 ejus
1149 1260 1315 1314 quem
1367 1244 1479 1299 dixi
1528 1245 1657 1299 anni
1693 1244 1835 1315 apud
1874 1244 2063 1298 urbem

492 1348 764 1399 veterem,
823 1337 916 1392 ubi
967 1336 1265 1407 Gregorius
1317 1347 1449 1393 tunc
1482 1346 1623 1393 erat.
1676 1336 1789 1392 Sub
1845 1337 2063 1392 initium

493 1431 662 1502 igitur
696 1431 826 1485 anni
865 1431 1002 1485 1275
1033 1430 1197 1485 fuerit
1225 1431 1448 1488 habitus
1491 1432 1539 1486 is
1581 1441 1779 1495 coetus,
1808 1446 1919 1499 quo
1945 1445 2069 1499 gra-

496 1522 627 1575 tiam
662 1521 806 1590 apud
839 1521 1233 1589 imperatorem
1274 1536 1428 1575 suam
1466 1521 1770 1576 Holobolus
1800 1519 2064 1590 perdidit.

495 1613 575 1667 Ex
611 1629 720 1682 quo
759 1621 1005 1682 tempore
1038 1613 1283 1667 nondum
1314 1624 1462 1669 anno
1515 1606 1756 1677 evoluta,
1796 1622 2068 1668 retractus

493 1699 1029 1777 ConstantinOpoli‘m
1066 1713 1177 1758 tam
1210 1705 1361 1761 diras
1385 1707 1458 1761 ibi
1491 1706 1636 1776 (qum
1664 1720 1715 1761 c.
1747 1705 1818 1760 20
1850 1706 2065 1761 descri-

495 1798 724 1868 buntur)
771 1797 1131 1853 contumaciae
1176 1812 1288 1853 sua:
1330 1813 1521 1869 ptenas
1551 1798 1767 1853 dederit
1795 1807 1946 1854 sexta
1975 1797 2064 1853 die

494 1887 750 1944 Octobris
784 1887 916 1941 anni
954 1887 1114 1951 l275,
1138 1895 1358 1942 mortuo
1382 1900 1510 1943 ante
1533 1902 1627 1944 sex
1654 1888 1775 1943 dies
1801 1889 1856 1943 in
1888 1888 2067 1943 insula

493 1979 659 2044 Oxea,
694 1979 788 2034 ubi
834 1980 1042 2035 dudum
1094 1980 1405 2043 exsulabat.
1453 1982 1709 2047 Arsenio,
1740 1996 1905 2051 quem
1941 1982 2069 2036 inde

495 2073 853 2142 intelligimus
903 2082 1026 2143 post
1076 2087 1232 2128 suam
1284 2088 1316 2128 e
1373 2075 1623 2129 secundo
1682 2076 2063 2145 patriarchatu

495 2164 823 2235 ejectionem
852 2165 1058 2222 vixisse
1084 2167 1244 2222 annis
1266 2175 1500 2237 septem,
1524 2177 1579 2222 et
1612 2175 1810 2238 quator
1837 2168 2066 2237 insuper

494 2257 800 2314 mensibus.

1098 2372 1324 2432 CAPUT
1374 2374 1464 2430 Vl.

495 2488 848 2562 Chronologia
875 2491 1307 2562 patriarcharum
1337 2490 1610 2557 Germani,
1638 2491 1873 2562 Iosephi,
1899 2500 1949 2545 et
1974 2491 2069 2545 Jo-

565 2562 721 2632 annis
765 2561 933 2632 Vecci,
987 2566 1076 2632 qui
1132 2571 1248 2631 post
1297 2562 1598 2626 Arsenium,
1640 2564 1937 2631 imperante
1966 2563 2069 2616 Mi-

563 2630 739 2683 chaele
802 2630 1139 2704 Palgologo,
1194 2632 1369 2704 sedent
1419 2632 2068 2704 Constantinopoiitanam

563 2711 867 2756 tenuerunt.
892 2702 1115 2773 Tempus
1145 2704 1317 2757 missis
1348 2701 1622 2775 legationis
1650 2705 1718 2757 ad
1757 2701 1976 2775 papam.

569 2814 658 2887 [P.
701 2813 826 2887 5l6]
859 2815 901 2869 l.
931 2816 1057 2870 Post
1082 2825 1326 2871 amotum
1352 2817 1642 2874 Arsenium
1667 2818 1972 2875 Germanus
2001 2836 2068 2876 ex

492 2907 979 2977 Adrianopolitana
998 2908 1127 2964 sede
1144 2910 1199 2963 in
1210 2908 1874 2980 Constantinopolitanam
1890 2921 2070 2969 trans-

492 3002 634 3056 latus
665 3011 721 3055 et
783 3001 1096 3071 patriarcha
1131 3003 1443 3060 declaratus
1468 3013 1551 3060 est
1593 3021 1767 3060 mense
1790 3004 1952 3059 Junio
1980 3006 2067 3061 die

2160 507 2343 562 buerit
2377 509 2673 577 imperator
2729 508 2887 579 longa
2939 523 3059 562 eam
3090 519 3147 563 et
3182 518 3434 563 accurata
3468 507 3775 562 concione‘

2161 615 2513 670 compescere
2568 602 2777 655 conari.
2841 600 3086 669 Denique
3143 611 3330 655 narrat
3385 600 3571 654 datam
3616 614 3744 654 esse

2162 705 2387 760 operam
2420 702 2478 744 ut
2510 691 2707 760 reliqui
2762 691 3071 746 Orientales
3117 691 3468 760 patriarchae,
3507 690 3750 744 Alexan-

2163 781 2357 836 drinus
2390 790 2446 836 et
2468 782 2877 845 ,Antiucbemts,
2928 783 3255 853 ejectioncm
3295 782 3514 837 Arsenii
3545 781 3752 850 proba-

2164 882 2288 927 rent
2315 890 2329 938 ;
2357 890 2520 944 quam
2562 874 2630 929 ad
2663 889 2779 929 rem
2825 873 3124 929 verisimile
3169 874 3241 928 sit
3282 875 3511 929 missum
3540 873 3610 928 ad
3652 889 3752 928 eos

2165 968 2242 1022 rei
2275 966 2430 1022 factae
2458 966 2741 1031 nuntium,
2768 974 2823 1021 et
2853 974 3232 1036 eXSpectatum
3266 965 3524 1022 videlicet
3552 981 3749 1021 eorum

2167 1075 2489 1131 responsum
2527 1076 2586 1114 re
2632 1059 2815 1115 adhuc
2866 1059 3079 1130 integra
3129 1069 3256 1114 ante
3289 1059 3749 1130 subrogationem

2168 1153 2294 1209 novi
2327 1153 2653 1224 patriarcha:
2704 1153 2760 1207 in
2795 1152 2975 1207 locum
3028 1152 3267 1222 expulsi.
3322 1153 3418 1208 liis
3449 1152 3519 1207 de
3563 1154 3752 1209 causis

2169 1246 2571 1316 propenderem
2637 1241 2896 1316 equidem
2943 1245 3011 1301 ad
3068 1245 3432 1303 differendam
3486 1245 3749 1301 Germani

2168 1339 2494 1395 electionem
2531 1340 2585 1393 in
2617 1354 2821 1394 annum
2876 1349 3240 1411 sequentem;
3271 1339 3420 1409 quod
3464 1354 3567 1411 per
3612 1340 3750 1394 cha-

2171 1441 2441 1488 racterem
2477 1433 2582 1487 hoc
2603 1432 2723 1487 loco
2774 1442 3141 1489 memoratum
3189 1433 3339 1489 licet.
3391 1433 3530 1488 Nam
3589 1447 3752 1503 aque

2173 1524 2263 1579 illo
2292 1539 2435 1579 anno
2467 1522 2670 1579 Christi
2716 1525 2876 1587 1267,
2921 1540 3047 1579 cum
3086 1526 3275 1597 cyclus
3298 1570 3299 1573 η
3322 1527 3457 1582 solis
3482 1525 3655 1581 fuerit
3689 1524 3753 1578 l6

2172 1627 2229 1671 et
2256 1617 2398 1673 luna:
2430 1620 2522 1687 ll,
2547 1618 2642 1688 qui
2692 1617 2825 1673 dant
2853 1619 3061 1674 Pascha
3108 1621 3175 1676 l7
3218 1620 3446 1692 Aprilis,
3476 1621 3753 1677 Penteco-

2174 1721 2255 1765 ste
2309 1712 2571 1783 pertingit
2617 1712 2672 1766 in
2725 1728 2969 1768 mensem
3023 1713 3271 1780 Junium,
3317 1713 3581 1784 quintum
3629 1716 3755 1787 ejus

2173 1803 2319 1858 diem
2369 1820 2670 1875 occupans.
2709 1804 2847 1871 Quia
2895 1805 3275 1876 tamen,quod
3325 1806 3510 1861 statim
3552 1815 3753 1862 osten-

2171 1897 2386 1964 demus,
2412 1907 2568 1954 certo
2591 1907 2808 1954 constat
2847 1899 3182 1955 Germanum
3213 1901 3470 1956 eumdem
3503 1901 3752 1971 patriar-

2170 1992 2335 2048 chatu
2374 1992 2607 2049 cessisse
2643 1993 2732 2048 die
2768 1993 2835 2046 M
2873 1993 3217 2063 Septembris
3276 1994 3440 2065 hujus
3492 1996 3752 2065 ejusdem

2170 2086 2302 2143 anni
2352 2087 2509 2150 l267,
2556 2086 2704 2141 unde
2746 2095 2894 2143 esset
2926 2102 3276 2158 consequens
3314 2103 3423 2143 non
3458 2088 3590 2159 plus
3623 2104 3754 2143 eum

2172 2178 2352 2235 tribus
2400 2179 2683 2235 mensibus
2714 2194 2840 2234 cum
2881 2178 3112 2234 dimidio
3147 2180 3202 2234 in
3253 2180 3384 2237 sede
3412 2179 3752 2249 perstitisse,

2170 2274 2216 2327 si
2240 2287 2403 2341 quem
2431 2280 2578 2326 tanta
2606 2271 3004 2341 patriareltatus
3019 2272 3280 2329 Germani
3305 2273 3548 2329 brevitas
3572 2271 3755 2327 oll‘en-

2172 2366 2286 2426 det.
2339 2367 2543 2435 poterit
2573 2366 2619 2419 is
2668 2381 2765 2434 per
2799 2381 2888 2421 me
2916 2366 3145 2421 credere
3175 2366 3365 2421 Patres
3394 2365 3617 2437 synodi.
3643 2381 3756 2436 quo

2172 2468 2421 2527 tempore
2443 2457 2655 2512 Arsenii
2680 2439 2902 2513 causam
2927 2467 3329 2527 cognoverunt.
3358 2456 3756 2527 disquisivisse

2171 2546 2335 2603 simul
2378 2547 2447 2602 de
2481 2562 2823 2613 successore,
2869 2548 2914 2601 si
2960 2548 3124 2612 forte,
3148 2547 3296 2618 quod
3325 2563 3566 2617 pronum
3599 2548 3757 2602 facta

2162 2620 2492 2710 apparebat,
2534 2640 2627 2695 ille
2661 2651 3049 2704 amoveretur;
3099 2654 3272 2711 quare
3313 2639 3499 2695 statim
3522 2654 3599 2711 ac
3625 2653 3757 2694 sea-

2173 2734 2399 2788 tentiam
2452 2733 2507 2786 in
2557 2732 2852 2787 Arsenium
2900 2732 3165 2798 tulerunt,
3196 2731 3456 2803 suﬂ'ragia
3504 2732 3575 2785 ins
3616 2730 3758 2786 Ger-

2173 2828 2322 2882 mani
2351 2826 2678 2882 electionem
2705 2823 2843 2881 dare
2882 2826 3185 2894 potuerint.
3211 2824 3289 2879 De
3315 2823 3556 2879 conﬂato
3588 2823 3759 2878 Arse-

2171 2921 2465 2976 nianorum
2499 2918 2796 2975 schismate
2829 2919 2976 2989 quod
3022 2927 3300 2979 narratur.
3339 2918 3669 2972 inchoatum
3702 2917 3757 2972 id

2171 3016 2451 3085 pendente
2482 3013 2691 3084 judicio
2719 3012 2961 3076 Arsenii,
2984 3024 3247 3068 caeterum
3276 3012 3536 3067 factionis
3558 3008 3760 3093 c’orro-

493 3094 624 3164 festo
658 3097 832 3148 sancti
858 3093 1114 3166 Spiritus,
1137 3106 1200 3152 ut
1229 3097 1477 3167 loquitur
1502 3099 1894 3170 Paehymeres,
1920 3099 1962 3154 l.
1986 3114 2062 3165 tv,
2090 3112 2135 3173 (ι
2172 3106 2520 3163 borationem
2547 3122 2722 3177 usque
2766 3106 2833 3160 ad
2893 3106 3200 3175 periculum
3262 3104 3574 3174 publicum.
3618 3105 3761 3159 licet

491 3204 542 3245 c.
572 3188 638 3243 15
668 3188 885 3259 εΜηνὸς
909 3191 1399 3261 μαιμακτηριῶνος
1420 3194 1477 3244 ὲν
1500 3195 1565 3262 τῇ
1587 3192 1681 3246 τοῦ
1706 3192 1866 3262 ἁγίου
1894 3192 2067 3247 Ilvati-

496 3293 665 3345 ματος
702 3278 888 3348 ἑορτῇ.
941 3278 1206 3333 Libenter
1267 3280 1371 3336 hoc
1418 3280 1700 3349 dilIerrem
1741 3283 1796 3337 in
1855 3299 2061 3351 annum

474 3377 838 3446 sequentem.
864 3369 1001 3424 Nam
1047 3371 1190 3425 inter
1224 3374 1733 3430 exauctorationem
1760 3375 1978 3431 Arscnii
2010 3388 2066 3431 et

490 3464 899 3532 promotionem
930 3462 1189 3520 Germani
1231 3466 1403 3522 multa
1435 3478 1830 3524 commemorat
1862 3469 2066 3541 Pachy-

492 3571 673 3612 meres
702 3557 976 3628 capitibus
1000 3557 1056 3617 9.
1087 3558 1150 3613 10
1175 3567 1232 3613 et
1260 3560 1349 3623 li,
1389 3562 1427 3616 l.
1462 3577 1536 3629 tv,
1562 3577 1683 3632 quae
1703 3564 1757 3617 in
1785 3565 2067 3634 angustias

490 3650 948 3721 paucissimorum
978 3653 1192 3709 dierum
1245 3655 1389 3710 inter
1417 3665 1731 3711 extremum
1767 3657 1967 3712 Maium
2009 3668 2065 3713 et

490 3742 715 3798 Junium
750 3746 1027 3801 ineuntem
1058 3746 1523 3803 intercedendum
1558 3750 1841 3821 aegerrime
1875 3752 2066 3807 viden-

387 3852 403 3864 '
492 3846 579 3892 tur
634 3854 794 3908 posse
846 3839 1145 3909 compingi.
1187 3840 1334 3907 Fuit,
1369 3853 1428 3896 ut
1464 3842 1723 3910 diximus,
1762 3843 1867 3899 hoc
1896 3859 2060 3909 anno,

490 3945 601 4000 quo
627 3939 708 3984 est
738 3940 1128 3988 exauctoratus
1167 3933 1456 4002 Arsenius,
1492 3935 1699 3991 Pascha
1731 3938 1795 3993 l8
1832 3939 2061 4008 Aprilis,

491 4033 545 4081 et
574 4034 981 4097 consequenter
1004 4025 1349 4089 Pentecoste.
1388 4042 1553 4098 quam
1577 4029 1668 4083 hic
1692 4039 1848 4085 vocat
1876 4043 2064 4087 noster

490 4120 686 4191 ἑορτὴν
718 4119 818 4174 τοῦ
871 4121 1026 4189 ἁγίου
1080 4119 1423 4191 Πνεύματος,
1473 4121 1507 4176 6
1556 4120 1725 4177 Junii.
1780 4122 2063 4179 Sententia

491 4211 851 4282 depositionis
909 4213 1115 4282 perlata
1160 4214 1214 4267 in
1268 4213 1561 4268 Arseulum
1613 4225 1670 4269 et
1721 4217 2063 4273 exsecutioni

492 4306 744 4360 mandata
778 4315 862 4361 est
913 4306 1043 4375 περί
1085 4322 1189 4358 που
1223 4307 1294 4358 τὰ
1325 4307 1614 4361 τελευταῖα
1641 4307 1737 4361 τοῦ
1778 4311 2062 4363 πυαντιῶ-

492 4415 598 4461 νος,
623 4399 829 4453 circiter
858 4408 1090 4452 extrema
1129 4400 1319 4453 mensis
1342 4399 1491 4465 Maii,
1516 4412 1575 4455 ιιι
1601 4403 1747 4457 clare
1775 4404 1938 4458 tradit
1970 4419 2065 4459 no-

491 4502 600 4545 ster
630 4508 682 4546 c.
722 4494 775 4554 8,
811 4492 849 4545 Ι.
884 4509 958 4546 tv.
1006 4491 1312 4547 Germanus
1350 4509 1516 4562 porro
1571 4495 1934 4565 inauguratus
1969 4512 2063 4566 pa-

493 4585 752 4649 triarcha,
786 4600 853 4639 ex
899 4585 1091 4640 eodem
1148 4596 1397 4649 auctore,
1442 4598 1527 4641 est
1561 4589 1648 4641 die
1687 4589 2059 4649 Pentecostcs,

492 4680 594 4733 hoc
640 4686 748 4742 est,
804 4691 959 4733 sexto
997 4677 1171 4733 Junii.
1220 4680 1457 4735 Medium
1495 4682 1733 4750 spatium
1793 4697 1899 4734 non
1944 4683 2065 4750 plus

490 4783 613 4825 octo
647 4779 742 4824 aut
769 4771 960 4826 decem
997 4773 1211 4827 dierum
1261 4774 1429 4829 fuisse
1481 4775 1744 4843 oportuit.
1786 4775 1854 4829 Et
1882 4783 2063 4828 tamen

490 4864 651 4919 docet
682 4865 939 4921 indicatis
973 4866 1109 4920 locis
1157 4857 1521 4938 Pachvmercs
1560 4866 1801 4936 primum
1839 4867 2065 4922 electio-

491 4971 612 5009 nem
666 4960 974 5013 successuri
1027 4959 1264 5013 Arseuio
1314 4959 1507 5015 liberis
1541 4960 1820 5031 sulfragiis
1866 4962 2062 5032 synodi

491 5049 732 5103 relictam
767 5051 833 5103 ab
870 5052 1222 5120 imperatore,
1260 5055 1403 5107 unde
1434 5054 1504 5107 sit
1534 5052 1689 5124 731
1717 5069 2065 5125 consequens

489 5156 694 5196 moram
750 5156 1110 5215 congregatos
1177 5146 1365 5201 Patres
1427 5158 1656 5203 matura:
1713 5148 2060 5217 inquisitioni

488 5233 740 5288 idoneam
788 5237 1110 5305 sumpsisse.
1166 5239 1369 5293 Deinde
1409 5239 1501 5293 ubi
1540 5240 1800 5311 suﬂ'ragia
1842 5242 1895 5309 in
1927 5239 2062 5295 Ger-

487 5341 710 5379 manum
753 5328 1163 5393 convenissent,
1214 5345 1498 5387 recusasse
1538 5333 1720 5403 ipsum
1761 5334 2057 5389 admittere

488 5418 780 5481 honorem,
820 5435 921 5474 nec
976 5420 1081 5475 nisi
1129 5424 1455 5493 urgentibus
1506 5435 1561 5479 et
1593 5427 1791 5495 saepius
1846 5428 2059 5482 iteratis

489 5512 837 5581 imperatoris
860 5530 985 5569 eum
1039 5515 1105 5569 ad
1138 5516 1241 5573 hoc
1269 5518 1513 5586 quotidie
1555 5520 1812 5575 adeuntis
1847 5520 2059 5576 instan-

488 5604 580 5655 tiis
616 5604 857 5674 denique
905 5605 1230 5662 inclinatum
1281 5613 1601 5668 assensisse.
1650 5613 1915 5668 Praeterea
1948 5630 2059 5669 me-

487 5693 648 5747 minit
688 5693 763 5747 ibi
798 5706 992 5749 auctor
1019 5694 1277 5750 factionis
1303 5700 1494 5755 valitlze
1531 5702 1782 5757 conﬂata:
1818 5703 2057 5757 Arsenio

484 5780 808 5851 faventium,
858 5803 980 5856 qua:
1031 5796 1143 5843 tam
1190 5788 1548 5846 vehementer
1602 5796 1891 5851 inwtlttcrit
1928 5812 2054 5850 cum

2171 3209 2295 3272 post
2324 3200 2585 3255 Germani
2614 3201 2959 3255 evectionem
2999 3197 3298 3262 exstiterit,
3344 3212 3415 3253 ex
3454 3198 3758 3253 occasione

2169 3308 2269 3362 per
2314 3293 2616 3363 prolepsim
2670 3302 2831 3347 antea
2883 3307 2912 3347 a
2970 3292 3304 3361 Paehymere
3343 3291 3605 3346 relatam.
3652 3290 3759 3345 Po-

2170 3396 2377 3443 stremo
2409 3386 2608 3443 missos
2641 3386 2863 3457 quidem
2918 3386 3104 3442 statim
3136 3385 3364 3440 nuntios
3399 3385 3760 3440 indicaturos

2170 3478 2573 3549 depositionem
2625 3479 2847 3535 Arsenii
2886 3479 2957 3534 ad
2993 3478 3432 3534 Alexandrinum
3467 3486 3526 3532 et
3556 3478 3757 3532 Antio-

2168 3574 2406 3629 cbenum
2442 3571 2808 3643 patriarchas,
2856 3571 2954 3628 sed
3003 3584 3200 3626 eorum
3240 3572 3477 3625 reditum
3523 3568 3758 3624 minime
3804 3581 3827 3591 “

2167 3674 2566 3732 exspectatum.
2592 3664 2711 3719 Non
2744 3662 2891 3719 enim
2923 3663 3000 3739 illi
3030 3660 3369 3741 patriarcha:
3412 3660 3626 3717 habere
3657 3677 3759 3731 pu-

2168 3759 2527 3813 tabanturvin
2565 3757 2656 3812 tali
2702 3758 2926 3827 negotio
2967 3757 3059 3827 jus
3101 3754 3387 3826 suffragii:
3433 3754 3647 3825 alioqui
3685 3769 3754 3808 ne

2166 3851 2454 3907 damnatio
2482 3851 2707 3921 quidem
2742 3861 2869 3905 ante
2915 3859 3111 3903 mttunt
3165 3864 3360 3904 eorum
3415 3848 3754 3919 praecipitari

2167 3947 2468 4012 debuisset,
2501 3946 2648 4015 quod
2678 3947 2881 4000 factum
2914 3954 3098 4000 tamen
3134 3942 3638 3999 constatnSumma
3678 3942 3755 3995 sit

2168 4039 2222 4093 itt
2258 4038 2441 4093 medio
2466 4037 2705 4107 relinqui
2727 4053 2758 4092 a
2788 4052 2874 4093 me
2895 4036 3198 4106 cmperitne
3224 4035 3309 4109 [P.
3331 4036 3461 4108 5l7]
3489 4035 3753 4092 Germani

2166 4110 2576 4203 patriarchatus
2608 4146 2755 4208 anno
2792 4130 2927 4186 l266
2964 4145 3033 4185 an
3078 4131 3373 4200 sequenti;
3401 4131 3753 4199 propendere

2169 4236 2351 4280 tamen
2397 4226 2570 4295 magis
2599 4223 2655 4278 in
2702 4238 2864 4293 quam
2915 4223 3209 4278 maximam
3238 4223 3389 4278 sedis
3412 4222 3535 4293 ejus
3564 4222 3753 4277 brevi-

2171 4328 2360 4382 tatem,
2392 4319 2584 4386 utiquc
2617 4318 2671 4371 itt
2705 4332 2812 4388 qua
2839 4316 3057 4372 facilius
3092 4315 3368 4371 rationem
3396 4314 3627 4370 invenio
3651 4330 3757 4370 cur

2169 4412 2237 4465 ab
2281 4426 2348 4465 eo
2399 4411 2618 4465 volente
2668 4419 2725 4465 et
2784 4418 2979 4480 parato
3026 4408 3331 4479 imperator
3392 4410 3752 4481 anathemate

2171 4504 2307 4558 solvi
2340 4520 2397 4557 se
2427 4521 2535 4558 non
2571 4504 2883 4558 curaverit.

2241 4597 2305 4652 ll.
2346 4598 2537 4651 Finem
2572 4597 2975 4667 patriarchatus
3015 4594 3275 4653 Germani
3299 4595 3552 4665 ejusdem
3583 4595 3752 4666 ponit

2168 4690 2555 4760 Pachymeres,
2572 4691 2611 4743 l.
2631 4706 2705 4753 tv,
2731 4705 2780 4746 c.
2799 4690 2890 4754 21,
2914 4689 3003 4745 die
3027 4689 3168 4745 festo
3183 4689 3532 4744 exaltationis
3548 4697 3751 4744 sanctae

2165 4785 2359 4839 Crucis
2375 4798 2562 4838 mense
2583 4782 2918 4854 Septembri;
2938 4797 3049 4853 quo
3064 4781 3153 4837 die
3164 4781 3241 4836 ait
3257 4781 3412 4836 illum
3432 4780 3750 4847 celebratis,

2170 4891 2228 4931 nt
2260 4877 2582 4933 solemnitas
2616 4876 2896 4945 poscebat,
2928 4875 3133 4931 divinis
3181 4875 3237 4930 in
3296 4873 3502 4946 templo
3528 4875 3748 4941 oﬂieiis,

2167 4970 2271 5024 sub
2302 4984 2586 5039 vesperam
2616 4969 2954 5039 patriarcbio
2986 4969 3298 5036 cedentem,
3329 4970 3400 5025 ad
3449 4986 3582 5026 snas
3610 4986 3750 5041 quas

2166 5064 2327 5135 732
2376 5063 2617 5118 habebat
2674 5063 2728 5118 in
2764 5063 3047 5134 Manganis
3092 5063 3318 5120 cellulas
3345 5077 3407 5119 se
3444 5063 3746 5133 recepisse,

2167 5174 2268 5213 nec
2289 5165 2475 5228 postea
2494 5157 2625 5212 ullis
2649 5172 2707 5211 se
2723 5157 2924 5212 adduci
2962 5157 3223 5226 precibus
3256 5158 3452 5214 sivisse
3474 5158 3545 5212 ad
3574 5159 3744 5212 nilum

2168 5265 2325 5315 usum
2345 5249 2610 5304 abdicata:
2628 5249 2932 5320 dignitatis.
2951 5249 3107 5305 Unde
3123 5250 3188 5303 ad
3207 5251 3550 5306 successoris
3566 5250 3749 5321 inqui-

2165 5344 2419 5399 sitionem
2455 5342 2733 5399 co'nversaa
2758 5359 2879 5398 cum
2915 5345 3262 5414 imperatoris
3283 5354 3398 5398 tum
3426 5345 3744 5399 antistitum

2163 5448 2308 5485 curre
2326 5440 2485 5487 sunt:
2502 5446 2610 5503 quo
2628 5446 2775 5486 anno
2793 5432 2843 5486 id
2862 5435 3172 5503 contigerit.
3196 5450 3261 5489 ex
3277 5435 3613 5490 successoris
3628 5434 3746 5489 ele-

2163 5529 2346 5581 ctione
2377 5526 2533 5581 brevi
2583 5536 2707 5596 post
2759 5539 2948 5582 secuta
3000 5528 3419 5598 intelligendum
3451 5537 3570 5594 est;
3618 5541 3745 5596 quas

2163 5636 2309 5677 cum.
2365 5629 2422 5674 ut
2467 5636 2590 5673 mox
2642 5608 3138 5685 demottstrabitnr,
3177 5632 3395 5690 peracta
3439 5621 3605 5675 fuerit
3649 5621 3743 5675 die

2161 5711 2231 5764 28
2266 5709 2584 5765 Decembris
2622 5712 2753 5773 anni
2787 5711 3091 5765 desinentis
3123 5726 3153 5765 a
3180 5710 3401 5765 Christo
3424 5721 3553 5765 nato
3581 5710 3739 5771 i267.

2166 5817 2263 5861 pro
2295 5804 2566 5857 constanti
2605 5813 2687 5858 est
2717 5804 3028 5859 habendum
3067 5804 3374 5859 perstitisse
3401 5803 3742 5858 Germanum
