4016 6534
291 347 430 414 1189

291 565 553 621 quartum
610 552 883 606 decimum
920 548 1266 618 Septembris
1303 547 1432 600 anni
1467 546 1601 599 1267
1645 561 1742 613 per
1774 559 1873 596 an-

295 663 423 700 num
451 661 622 698 unum
657 653 710 697 ct
747 657 960 696 menses
989 635 1251 711 prietei’ca
1281 649 1517 708 quatuor
1541 654 1666 692 cum
1701 637 1872 692 dimi-

291 736 405 795 dio,
456 736 539 786 vel
593 751 620 787 a
668 734 862 800 quinto
891 731 1038 786 Junii
1071 732 1200 786 anni
1238 731 1373 784 £267
1405 730 1469 783 ad
1508 729 1574 783 14
1616 728 1871 797 Septem-

293 826 445 876 brem
470 824 714 892 ejusdem
746 823 874 875 anni
911 839 1007 891 per
1034 829 1249 877 menses
1278 833 1387 875 tres
1420 833 1476 875 et
1501 822 1620 875 dies
1648 835 1871 874 novem.

294 917 532 984 Pnstqttc
585 916 757 984 ipsius
810 925 1169 983 spontaneum
1220 915 1628 968 abdicationem
1683 913 1871 968 sedem

291 1025 517 1063 vacasse
559 1009 736 1063 tribus
775 1009 1076 1071 mensibus,
1125 1016 1180 1060 et
1217 1006 1412 1062 diebus
1444 1016 1706 1076 praeterea
1739 1023 1874 1076 qua—

295 1102 624 1164 tuordccim,
677 1117 849 1171 usque
908 1101 975 1156 ad
1013 1101 1449 1170 designationem
1496 1100 1868 1165 successoris;

292 1195 693 1264 septemdecim
721 1209 851 1247 vero
884 1209 1056 1262 usque
1099 1193 1164 1246 ad
1200 1192 1446 1262 ejusdem
1493 1191 1871 1261 inauguratio-

295 1305 448 1352 nem,
475 1305 596 1357 quze
633 1288 886 1342 Kalendis
913 1288 1188 1342 Januariis
1233 1287 1362 1340 anni
1411 1287 1543 1341 1268
1595 1287 1871 1342 celebrata

295 1383 402 1436 rite
459 1392 561 1446 est,
601 1389 762 1450 prout
797 1382 1058 1448 deinceps
1111 1383 1489 1436 ostendemus.
1540 1382 1741 1436 Scribit
1769 1396 1872 1434 no~

293 1484 435 1536 ster,
467 1490 518 1528 c.
549 1475 640 1538 23,
671 1477 707 1530 l.
738 1490 816 1537 tv.
849 1475 1152 1543 Joscphum
1179 1475 1492 1528 monasterii
1513 1474 1708 1529 Galesii
1738 1489 1875 1542 prae-

297 1567 506 1620 fectum
553 1567 951 1638 confessarium
1001 1567 1351 1635 imperatoris
1392 1568 1638 1637 legitimo
1669 1567 1873 1622 suffra-

295 1661 512 1728 giorum
584 1675 818 1714 numero
875 1661 1112 1737 electum
1161 1660 1436 1730 probante
1495 1675 1558 1713 ac
1615 1661 1870 1713 studente

295 1755 537 1809 maxime
564 1755 914 1823 imperatore,
934 1753 1278 1822 designatum
1307 1754 1474 1807 fuisse
1504 1754 1866 1822 patriarcham

298 1847 492 1915 μηνὸς·
526 1849 992 1918 σκιρροφοριὼνος
1022 1849 1242 1917 εἰκοστῇ
1279 1848 1437 1918 ὁγδοῇ
1490 1850 1588 1915 τῆς
1634 1847 1869 1915 δεκάτης

293 1941 680 2008 ἐπινεμήσεως
713 1940 805 1992 τοῦ
834 1939 1198 2008 ςφοέὲτους,
1235 1941 1422 1992 mensis
1462 1939 1756 1992 Decembris
1797 1941 1872 1992 vi-

293 2034 490 2086 cesima
524 2042 731 2098 octava,
756 2033 968 2087 decima?
997 2033 1317 2097 indictionis,
1358 2034 1486 2085 anni
1514 2032 1690 2097 6775;
1723 2049 1874 2086 mox-

297 2139 408 2193 que
453 2122 610 2176 addit
663 2123 831 2177 fuisse
892 2124 1204 2177 ordinatum
1255 2123 1372 2176 Kal.
1408 2122 1686 2177 Januariis
1741 2123 1873 2177 anni

295 2213 607 2281 sequentis,
625 2213 1068 2282 ἑκατομϐαιῶνος
1089 2213 1143 2266 δὲ
1175 2214 1446 2282 νουμηνίᾳ
1475 2211 1875 2280 χειροτονηθεὶς

297 2308 381 2371 εἰς
418 2307 717 2376 ἀρχιερέας
743 2305 1077 2358 τετέλεσται.
1129 2305 1322 2358 Annus
1351 2320 1474 2358 ante
1501 2303 1689 2357 mundi
1721 2302 1873 2372 Grae-

298 2414 495 2454 corum
527 2399 810 2453 reducltur
859 2398 925 2451 ad
952 2397 1230 2467 vulgarem
1269 2413 1390 2452 rene
1423 2407 1621 2450 nostra:
1665 2395 1872 2450 Christi

298 2493 648 2565 detractione
679 2490 840 2546 5508.
874 2490 1000 2544 Fuit
1031 2505 1161 2560 ergo
1195 2490 1239 2545 is
1268 2505 1447 2543 annus
1475 2487 1679 2544 Christi
1711 2487 1871 2552 1267,

298 2584 517 2654 periodi
578 2599 711 2636 vero
757 2581 987 2636 Juliance
1014 2581 1154 2636 5980
1196 2600 1208 2635 :
1247 2582 1340 2650 qui
1369 2595 1636 2634 numerus
1663 2579 1876 2634 divisus

301 2678 357 2732 in
395 2677 713 2747 quindecim
746 2675 950 2730 indicat
986 2674 1342 2728 indictionem
1375 2673 1494 2742 ejus
1523 2672 1650 2725 anni
1682 2672 1874 2726 chara-

299 2770 658 2830 cteristicam.
695 2769 988 2831 decimam,
1035 2775 1198 2835 prout
1239 2767 1601 2837 Pachymeres
1638 2765 1870 2820 notavit.

300 2860 457 2915 Unde
495 2859 718 2913 dubitnn
767 2874 888 2930 esse
934 2873 1042 2911 non
1082 2866 1263 2925 potest
1289 2857 1422 2925 quin
1472 2857 1876 2924 patriarchatus

298 2949 526 3019 Joscphi
560 2948 760 3004 Galesii
791 2964 820 3004 a
867 2949 989 3002 Kal.
1019 2946 1267 3002 Januarii
1319 2947 1447 2998 anni
1497 2945 1698 3001 Christi
1740 2946 1876 2998 1268

301 3045 582 3113 proci-dat.

1611 341 1708 399 CH
1723 339 2072 400 BONOLOG
2090 343 2156 403 lC
2171 343 2284 403 US.

293 480 347 517 In
404 458 774 530 patriarchatu
831 457 916 511 vel
959 473 988 510 a
1041 461 1195 511 sexto
1246 453 1396 509 Junii
1444 453 1570 522 anni
1633 450 1769 505 1266
1801 451 1866 504 ad
1905 456 1946 508 Α

3420 350 3558 418 1190

2047 453 2132 507 IV.
2166 455 2236 507 De
2255 455 2479 508 Joannis
2502 456 2658 510 V'ccci
2688 457 2928 526 Joscpho
2953 459 3231 530 stiltrogati
3259 462 3553 526 electione,

1976 559 2138 611 quam
2191 554 2247 598 et
2275 548 2458 600 statim
2509 549 2817 602 inchoatam
2857 562 2978 618 post
3038 552 3338 618 legatorum
3383 552 3553 607 lioma

1976 636 2216 689 reditum
2253 645 2313 691 et
2347 639 2604 693 celeriter
2637 649 2969 696 transactam
3009 653 3257 712 apparet.
3293 644 3371 698 sic
3417 647 3554 700 scri—

1977 728 2054 781 hit
2097 729 2480 799 Pachymeres,
2517 746 2565 784 tr.
2609 734 2699 796 24,
2756 735 2791 786 Ι.
2839 751 2918 788 v:
2964 737 3024 787 Ὀ
3080 737 3283 808 Βέκκος
3331 738 3550 808 εἰκοστῇ

1979 821 2078 890 μὲν
2108 822 2205 874 καὶ
2257 823 2392 892 ἕκτῃ
2442 824 2825 894 Πυανεψιῶνος
2888 828 3058 898 μηνὸς
3107 827 3194 899 [Ρ.
3233 805 3360 899 518]
3409 805 3553 884 κατά

1974 914 2075 981 τὴν
2099 914 2294 984 ἑορτὴν
2336 916 2445 967 τῶν
2480 916 2653 984 ἁγίων
2689 918 2946 988 Πατέρων
2977 920 3082 972 τῶν
3117 922 3175 972 ἐν
3210 922 3415 991 Νικαέα
3450 939 3555 974 πα-

1974 1006 2240 1076 τριάρχης
2268 1007 2665 1079 προϐέϐληται.
2695 1013 2941 1083 Δευτέρᾳ.
2971 1013 3026 1064 δὲ
3053 1014 3553 1084 Μαιμακτηριῶνος

1974 1099 2040 1166 τῇ
2074 1101 2300 1171 ἐπιούσῃ
2337 1106 2597 1170 κυριακῇ,
2633 1105 2690 1154 ἐν
2723 1106 2982 1174 ἐπισήμῳ
3013 1107 3198 1178 ἡμέρᾳ
3238 1107 3333 1160 τοῦ
3385 1110 3556 1161 Ilvati-

1981 1206 2173 1255 ματος,
2225 1195 2293 1245 τὰ
2343 1191 2438 1244 τοῦ
2506 1193 2822 1263 Πνεύματος
2854 1195 3066 1265 δέχεται
3104 1199 3200 1250 καὶ
3249 1199 3552 1252 τελειοῦται

1976 1277 2266 1349 ἀρχιερεύς
2286 1300 2299 1315 ο
2355 1281 2542 1338 Veccus
2566 1295 2716 1339 sexta
2745 1295 2793 1338 et
2818 1288 3063 1341 vicesima
3100 1286 3236 1343 Maii
3261 1293 3471 1353 mensis,
3497 1293 3552 1344 in

1977 1373 2108 1440 festo
2138 1383 2440 1428 sanctorum
2471 1376 2696 1430 Patrum
2722 1379 3071 1433 Nicreensium
3109 1383 3414 1450 patriarcha
3446 1383 3555 1436 ete-

1977 1475 2088 1518 ctus
2125 1476 2220 1520 est.
2263 1467 2502 1521 Secunda
2551 1486 2670 1524 vero
2709 1471 2860 1524 Junii
2905 1471 3178 1526 Dominica
3219 1475 3558 1529 hebdomadis

1977 1561 2243 1621 vertentis,
2272 1561 2464 1630 insigni
2494 1565 2578 1616 die
2600 1567 2772 1618 sancti
2807 1565 3038 1636 Spiritus
3062 1570 3294 1637 gratiam
3322 1567 3551 1638 Spiritus

1976 1655 2222 1722 percepit,
2255 1655 2529 1709 ordinatus
2584 1660 2683 1711 rite
2730 1661 3061 1728 patriarcha.
3108 1660 3170 1713 Hi
3204 1663 3554 1717 characteres

1978 1744 2137 1798 unice
2175 1746 2462 1816 designant
2497 1765 2701 1804 annum
2753 1751 2957 1807 Christi
2990 1754 3148 1820 1275,
3203 1758 3415 1824 periodi
3449 1759 3549 1812 Ju-

1978 1837 2134 1891 lianre
2165 1839 2321 1903 5988,
2364 1857 2474 1909 quo
2504 1844 2690 1914 cyclus
2717 1845 2848 1924 solis
2880 1857 3201 1903 numeratus
3237 1860 3320 1903 est
3348 1851 3439 1915 2-1,
3467 1851 3551 1908 lit.

1975 1929 2329 1986 Dominicalis
2376 1933 2479 1986 fuit
2525 1935 2585 1999 F,
2638 1937 2824 2005 cyclus
2866 1937 3010 1992 lunae
3051 1941 3310 1996 currebat
3341 1942 3394 2004 5,
3431 1959 3553 2013 qua:

1975 2035 2118 2076 nuta:
2155 2023 2352 2103 festum
2380 2023 2600 2081 Pascha:
2641 2028 2934 2084 conferunt
2969 2031 3023 2084 in
3075 2032 3139 2085 14
3190 2033 3416 2101 Aprilis,
3448 2035 3554 2088 Do-

1976 2115 2234 2168 minicam
2268 2131 2399 2170 vero
2425 2117 2777 2175 Pentecostes
2803 2123 2859 2174 in
2893 2122 2927 2175 2
2955 2122 3127 2176 Junii.
3169 2123 3322 2178 Unde
3355 2135 3501 2194 patet
3523 2142 3553 2180 a

1975 2208 2150 2277 prima
2179 2213 2528 2266 successione
2555 2213 2780 2282 Josephi
2838 2214 2904 2268 ad
2937 2215 3136 2268 initum
3181 2231 3211 2269 a
3253 2216 3426 2271 Vccco
3460 2233 3553 2288 pa-

1977 2301 2335 2356 triarchatum
2368 2302 2748 2361 intercessisse
2790 2322 3011 2362 menses
3033 2308 3239 2362 solidos
3267 2294 3551 2363 sexdecim

1976 2409 2101 2448 cum
2152 2394 2350 2449 diebus
2391 2397 2722 2453 octodecim.
2780 2399 2939 2454 Anno
2984 2401 3310 2470 praecedenti
3345 2403 3554 2458 Christi

1978 2488 2116 2540 1274
2167 2489 2210 2540 si
2264 2489 2391 2556 quis
2447 2490 2716 2560 suspicari
2786 2491 2946 2547 vellet
3006 2492 3163 2547 Vecci
3219 2497 3555 2551 creationem

1977 2579 2197 2642 factam,
2227 2581 2429 2636 frustra
2459 2585 2605 2637 esset
2644 2584 2714 2638 ob
2739 2584 3078 2640 characteres
3111 2585 3514 2643 diversissimos
3541 2607 3557 2643 :

1977 2690 2102 2727 nam
2140 2676 2324 2744 cyclos
2370 2677 2415 2730 is
2459 2693 2638 2733 annus
2677 2679 2871 2734 habuit
2902 2680 3035 2735 solis
3060 2681 3150 2747 25,
3199 2683 3341 2736 lunae
3366 2683 3419 2748 2,
3461 2683 3556 2752 qui

1977 2765 2110 2818 dant
2142 2767 2350 2820 Pascha
2391 2769 2411 2820 1
2468 2769 2674 2837 Aprilis
2717 2779 2772 2823 et
2823 2770 3187 2827 Pentecosten
3218 2773 3286 2827 20
3321 2775 3468 2837 Maii,
3502 2783 3559 2828 et

1978 2857 2158 2911 littera
2192 2859 2546 2913 Dominicalis
2574 2861 2820 2931 ejusdem
2851 2864 2977 2916 anni
3001 2862 3044 2916 G
3075 2863 3219 2918 diem
3253 2866 3558 2921 secundum

1978 2950 2127 3005 Junii
2160 2951 2291 3004 facit
2326 2950 2650 3015 Sahhatum,
2681 2969 2805 3008 cum
2838 2953 3177 3009 Dominicam
3209 2956 3376 3011 fuisse
3402 2973 3562 3025 opor-

1983 3043 2152 3097 tuerit
2180 3059 2290 3113 quo
2326 3059 2470 3098 anno
2501 3053 2587 3098 est
2641 3043 2848 3099 Veccus
2873 3046 2927 3099 in
2967 3047 3386 3115 patriarchalem
3414 3050 3560 3104 Con-

375 3136 466 3189 lll.
497 3134 875 3200 bbidcsicrit,
911 3131 1072 3188 modo
1114 3130 1393 3188 deﬁniam.
1437 3130 1621 3185 Refert
1665 3131 1871 3202 Pachy-
1907 3144 1948 3202 (ζ
1983 3137 2418 3206 stantinopoleos
2470 3148 2693 3193 evectus
2745 3138 2953 3194 sedem.
3009 3139 3180 3209 llnjus
3229 3141 3373 3207 ﬁnis,
3417 3159 3559 3211 quo-

305 3247 506 3294 mcrcs,
544 3231 581 3283 l.
616 3245 669 3294 v,
703 3244 754 3282 c.
791 3229 878 3290 17,
906 3226 1230 3294 Josephum,
1277 3224 1370 3293 qui
1402 3239 1460 3278 se
1517 3227 1878 3296 promulgatis

305 3328 486 3396 palam
539 3323 737 3377 litteris
784 3319 1146 3392 jurejurando
1201 3317 1587 3373 obstrinxisset
1633 3318 1699 3372 ad
1737 3334 1880 3371 nun-

303 3438 470 3492 quam
511 3420 920 3476 assentiendum
952 3419 1327 3475 conciliationi
1377 3435 1502 3472 cum
1544 3419 1775 3484 Latinis,
1813 3421 1880 3474 ab

305 3518 641 3586 imperatore
669 3530 811 3585 nigro
839 3515 891 3568 id
918 3513 1129 3568 ferente
1160 3527 1483 3589 persuasum
1521 3513 1758 3582 migrare
1788 3529 1880 3582 pa-

309 3608 700 3664 triarchalihus
753 3605 986 3667 aedibus,
1037 3604 1332 3657 secessisse
1387 3605 1438 3656 in
1487 3604 1878 3657 monasterium

306 3700 632 3770 Pcrihlcpti,
681 3698 983 3768 pollicitum
1034 3710 1090 3748 se
1147 3695 1592 3748 renuntiaturum
1645 3698 1880 3764 patriar-

306 3795 519 3857 chatui,
549 3794 594 3848 si
628 3793 695 3846 de
727 3789 1018 3845 concordia
1055 3789 1426 3843 Ecclesiarum
1462 3790 1649 3842 Romae
1676 3803 1873 3843 conve-

308 3889 522 3942 niretur
561 3903 589 3938 a
639 3885 830 3954 legatis
859 3899 924 3937 eo
970 3884 1033 3936 ad
1071 3884 1174 3937 hoc
1215 3883 1430 3947 missis;
1467 3883 1688 3935 interim
1725 3883 1879 3952 quasi

310 3982 583 4051 privatum
629 3979 925 4032 victurum.
974 3977 1165 4029 Postea
1203 3990 1328 4028 cum
1364 3975 1526 4045 legati
1566 3990 1696 4043 pace
1727 3990 1881 4028 com-

310 4075 486 4144 posita
541 4071 848 4131 redissent,
899 4067 1203 4138 judicatutn
1263 4083 1386 4120 esse
1458 4067 1631 4120 videri
1695 4068 1882 4121 sedem

310 4176 531 4229 vacare,
559 4162 807 4217 cessione
837 4159 1210 4215 conditionata
1243 4159 1466 4226 Josephi
1494 4160 1605 4228 jam
1636 4159 1689 4212 in
1717 4159 1881 4212 abso-

306 4261 481 4314 lutam
515 4263 854 4317 transeunte,
881 4251 1154 4322 positione
1187 4251 1517 4304 conditionis
1559 4251 1703 4305 unde
1751 4267 1885 4320 pcn-

308 4353 498 4406 dcbat.
536 4346 800 4414 Quocirca
835 4345 968 4398 itum
996 4343 1049 4396 in
1085 4342 1342 4411 suffragia
1387 4360 1540 4396 novat
1571 4344 1879 4398 eleCtionis.

311 4447 416 4500 Iste
451 4456 700 4495 secessus
731 4437 1055 4506 patriarcha:
1079 4434 1304 4502 Joscphi
1333 4433 1581 4504 contigit,
1611 4444 1667 4486 ut
1697 4443 1884 4488 noster

313 4535 391 4588 ibi
433 4533 692 4585 distincte
735 4527 921 4590 tradit,
956 4523 1042 4578 die
1088 4524 1146 4575 11
1182 4523 1447 4584 Januarii,
1501 4522 1754 4576 secundm
1797 4522 1881 4574 in-

311 4626 592 4687 dictionis,
616 4621 741 4676 anni
764 4619 923 4682 6782,
955 4617 1216 4686 ἑνδεκάτῃ
1251 4617 1413 4685 μηνὸς
1442 4615 1886 4684 ἑκατομϐαιῶνος

307 4722 569 4788 δευτέροις
615 4714 992 4782 ἐπινεμήσεως
1041 4709 1136 4762 τοῦ
1179 4710 1368 4781 ιςψπξν
1399 4709 1570 4772 ἔτους.
1626 4709 1752 4763 Fuit
1794 4710 1885 4765 hic

307 4829 491 4868 annus
515 4808 717 4864 Christi
751 4805 903 4868 1271,
935 4820 1050 4874 per.
1085 4802 1196 4857 Jul.
1223 4802 1380 4864 5987.
1427 4803 1522 4863 qui
1561 4818 1754 4856 revera
1782 4816 1886 4854 nu-

309 4906 547 4962 meravit
579 4900 932 4956 indictionem
968 4896 1128 4967 733
1153 4881 1474 4953 secundam,
1509 4895 1727 4964 qualem
1761 4895 1886 4948 nul-

304 5003 396 5055 lus
453 5015 518 5051 es
583 4987 1000 5064 quatuordecim
1054 4986 1489 5057 praecedentibus
1548 4995 1602 5039 et
1657 4986 1884 5039 totidem

307 5087 520 5146 secutis
553 5086 754 5139 habere
788 5081 990 5151 potuit,
1027 5088 1085 5134 ut
1134 5078 1440 5146 periculum
1470 5077 1681 5130 nullum
1717 5078 1788 5130 sit
1817 5092 1885 5131 ne

309 5194 492 5236 annus
549 5187 654 5230 tam
714 5175 815 5244 ipsi
869 5173 1088 5242 propria
1122 5170 1416 5239 insignitus
1448 5179 1577 5223 nota
1609 5185 1736 5222 cum
1779 5171 1888 5223 alio

309 5275 572 5343 quapiam
605 5267 975 5322 confundatur
1028 5277 1124 5320 aut
1155 5275 1421 5319 mutetur.
1457 5265 1515 5318 In
1565 5265 1666 5318 ista
1717 5279 1884 5332 porro

308 5362 676 5431 suspensione
721 5376 806 5413 res
841 5359 1063 5412 fuerunt
1114 5357 1286 5410 ferme
1319 5371 1415 5425 per
1449 5371 1674 5418 annum,
1703 5353 1884 5425 quoad

307 5457 508 5524 legatis
535 5468 723 5533 pace_m
755 5467 783 5505 ει
823 5453 1068 5504 Romano
1105 5448 1360 5517 pontilice
1404 5463 1732 5503 conrcnzam
1785 5448 1886 5500 sti-

312 5547 667 5615 pulatamque
701 5541 1090 5602 referentibus,
1115 5538 1335 5594 comitia
1357 5537 1496 5591 sunt‘
1517 5538 1718 5590 indicta
1747 5553 1887 5591 novo

312 5637 558 5694 creando
593 5633 937 5705 patriarclue.
996 5632 1150 5698 Quod
1196 5640 1302 5684 n'on
1357 5629 1586 5698 contigit
1627 5638 1751 5682 ante
1797 5645 1885 5682 se-

309 5739 570 5800 qnentcm
599 5743 826 5785 annum,
860 5735 918 5778 ut
948 5725 1105 5776 docet
1132 5740 1230 5777 nos
1261 5723 1504 5776 historici
1536 5722 1706 5775 nostri
1735 5723 1886 5774 locus

311 5824 477 5880 modo
512 5820 968 5877 Considerandus.

1982 3232 2129 3285 niam
2177 3231 2458 3286 Michaelis
2503 3233 2792 3303 Palmologi
2844 3234 3041 3289 iuuere
3092 3238 3366 3306 posterior
3402 3249 3555 3292 extra

1985 3325 2148 3395 hujus
2182 3326 2429 3384 historize
2472 3327 2702 3381 limitem
2735 3328 2869 3394 exit,
2913 3338 3114 3384 nostra:
3161 3332 3562 3386 consideratio-

1986 3416 2071 3470 nis
2103 3433 2249 3471 nunc
2278 3418 2502 3485 quidem
2539 3433 2643 3472 non
2686 3418 2797 3472 cst.‘

2054 3510 2115 3564 ν.
2148 3509 2339 3563 Restat
2393 3511 2644 3564 ultimum
2682 3513 2828 3582 quod
2885 3520 3272 3582 proposuimus
3327 3517 3415 3570 hic
3455 3526 3563 3571 Ira--

1984 3603 2265 3657 ctandum.
2315 3603 2556 3672 Tempus
2617 3620 2727 3672 quo
2764 3606 2928 3659 missa
2978 3598 3324 3662 Romam’cst
3384 3626 3412 3663 a
3465 3611 3563 3664 Mi-

1984 3696 2172 3751 chaele
2206 3695 2452 3768 Augusto
2506 3697 2744 3765 insignis
2799 3699 2999 3768 legatio
3051 3700 3116 3753 ad
3169 3701 3560 3757 absolvendum

1987 3788 2266 3858 negdtium
2299 3789 2703 3844 conciliationis
2758 3792 3153 3856 Ecclesiarum,
3191 3810 3297 3862 qua
3332 3795 3562 3848 Germa-

1984 3893 2088 3931 nus
2133 3879 2518 3947 expatriarcha
2551 3887 2605 3931 et
2642 3880 2908 3950 Georgius
2954 3881 3263 3950 Acropolita
3328 3882 3563 3937 feliciter

1985 3972 2156 4027 functi
2187 3981 2335 4035 sunt,
2363 3971 2684 4026 charactere
2722 3988 2829 4026 non
2873 3973 3044 4025 duhio
3076 3973 3396 4044 in~ignitum
3431 3975 3564 4044 logi-

1989 4075 2075 4118 tur
2107 4079 2156 4116 c.
2200 4063 2291 4125 21,
2317 4063 2354 4116 l.
2394 4079 2444 4115 v.
2492 4061 2584 4116 Ait
2615 4062 2728 4116 illic
2761 4063 3061 4117 historicus
3092 4065 3319 4118 solvisse
3351 4066 3565 4120 duabus

1987 4156 2310 4210 triremibus
2348 4155 2556 4224 legatos
2586 4155 2701 4224 paci
2739 4156 3095 4210 conﬁcienda:
3120 4156 3440 4218 destinatos,
3472 4175 3568 4228 pa—

1986 4249 2124 4302 ratis
2147 4249 2258 4316 jam
2292 4249 2357 4302 ad
2385 4263 2506 4300 eam
2535 4263 2599 4300 ex
2647 4258 2801 4316 parte
2833 4248 3148 4302 Graecorum
3183 4253 3459 4304 omnibus.
3500 4253 3564 4306 lli

1991 4341 2235 4406 fuerunt,
2299 4349 2360 4392 ut
2393 4356 2442 4395 c.
2505 4341 2568 4393 17
2601 4341 2856 4409 superius
2893 4341 3127 4404 dixerat,
3162 4344 3357 4412 partim
3391 4346 3569 4398 cccle-

1992 4433 2226 4492 siastici.
2257 4435 2455 4501 partim
2488 4433 2773 4488 senatorii.
2820 4434 3032 4488 Priorcs
3061 4435 3367 4490 Germanus
3392 4452 3568 4506 nuper

1995 4527 2305 4596 patriarcha
2347 4538 2402 4581 et
2447 4528 2740 4596 episr-opus
2787 4527 2980 4581 Niczraz
3033 4527 3427 4598 Theophanes,
3473 4530 3566 4583 alii

1993 4635 2219 4687 magnus
2248 4619 2524 4688 logothcta
2563 4619 2896 4687 Acropolita,
2940 4635 3140 4689 prmscs
3176 4621 3421 4675 vestiarii
3457 4622 3564 4675 Pa-

1991 4721 2215 4764 naretus
2262 4720 2317 4765 et
2378 4727 2608 4780 magnus
2655 4713 2926 4781 interpres
2981 4713 3330 4769 Berrhmota.
3384 4715 3567 4780 Trire-

1991 4805 2159 4857 inium
2194 4805 2354 4875 734
2400 4805 2626 4858 alteram
2667 4806 3109 4860 conscenderunt
3157 4807 3458 4861 Panaretus
3508 4817 3566 4863 et

1995 4899 2310 4952 lterrhtnota
2351 4915 2475 4952 cum
2520 4899 2681 4952 donis
2721 4899 3070 4968 imperatoris
3113 4900 3178 4954 ad
3223 4902 3565 4970 pontificem,

1992 4989 2047 5043 in
2098 4990 2267 5042 altera
2327 4990 2437 5042 duo
2491 4989 2734 5058 episcopi
2786 5005 2912 5042 cum
2960 4990 3273 5058 Acropolita
3312 4991 3560 5045 fuerunt.

1991 5083 2176 5135 Altum
2221 5082 2525 5150 petierunt,
2567 5082 2642 5134 ait
2671 5082 2792 5135 loco
2829 5081 3048 5134 laudato
3095 5093 3281 5135 noster
3316 5096 3366 5134 c.
3401 5083 3494 5145 2|,
3528 5084 3565 5136 Ι.

1994 5191 2045 5237 v,
2087 5174 2318 5244 Κρονίου
2361 5175 2663 5244 ἀρχομένου
2713 5175 2901 5242 μηνῦς.
2948 5175 3041 5227 Est
3071 5175 3210 5227 haud
3245 5175 3412 5228 dubie
3462 5178 3568 5229 Pn-

1993 5268 2235 5340 chytucri
2283 5269 2514 5336 Κρόνιος
2549 5266 2797 5330 Martius,
2852 5277 3018 5333 prout
3054 5276 3137 5319 est
3187 5267 3349 5337 hujus
3381 5269 3416 5320 l.
3455 5286 3502 5322 c.
3539 5269 3562 5321 1

1995 5358 2452 5412 demonstratum.
2491 5359 2674 5427 Pergit
2721 5358 2904 5411 dicere
2954 5358 3298 5410 conﬂictatus
3346 5372 3441 5411 eos
3471 5373 3569 5428 pa-

1994 5465 2113 5502 rmn
2149 5463 2407 5516 prospera
2453 5456 2776 5514 tempestate.
2809 5447 3125 5516 pervenisse
3159 5449 3211 5499 in
3253 5447 3431 5500 sinum
3467 5447 3572 5500 La-

1992 5541 2265 5601 eonicum,
2307 5539 2397 5591 tibi
2446 5550 2526 5592 est
2583 5540 3019 5608 promontorium
3065 5540 3269 5604 Malea,
3301 5540 3564 5609 λήγοντος

1991 5633 2084 5683 τοῦ
2121 5646 2307 5701 μηνος,
2339 5632 2441 5685 hoc
2467 5641 2552 5685 est
2589 5633 2779 5686 eodem
2813 5648 2998 5686 mense
3032 5627 3339 5698 desinendi,
3374 5633 3564 5688 ultima

1992 5725 2110 5793 ejus
2141 5723 2345 5776 det-ade
2383 5742 2394 5776 :
2431 5731 2620 5776 notum
2649 5734 2734 5778 est
2762 5725 2907 5776 enim
2938 5725 3156 5779 Gnecos
3188 5726 3379 5794 partiri
3413 5723 3568 5779 men-

1995 5831 2083 5868 ses
2136 5816 2188 5868 in
2257 5825 2363 5870 trcs
2425 5817 2678 5873 dccadas.
2740 5818 2971 5872 Primam
3017 5833 3213 5873 vocant
3262 5819 3565 5889 ἀρχομένου
