4016 6554
557 338 686 402 1191

1393 336 1782 397 P.POSSINI
1811 337 2463 399 OBSERVATIONUM
2515 341 2660 400 LIB.
2709 341 2823 404 ΠΙ.

3649 344 3771 409 1192

551 455 666 510 sive
731 447 1058 520 ἱσταμένου,
1127 449 1426 506 secundam
1503 451 1833 519 μεσοῦντος,
1902 451 2122 506 tertiam

2232 451 2532 521 Palmologo
2583 451 2913 506 solutionem
2977 455 3344 510 anathematis
3407 472 3518 526 quo
3585 455 3774 511 dudum

551 546 830 615 φθίνοντος
862 542 999 607 sive,
1031 550 1092 596 ut
1124 542 1214 597 hic
1247 551 1458 606 noster,
1498 542 1757 611 λήγοντος
1786 543 1978 612 μηνός.
2019 543 2132 596 Ad-

551 637 634 692 dit
673 635 748 690 ibi
786 634 1100 689 vehementi
1135 635 1370 705 jactatas
1393 635 1632 704 procella
1659 636 1913 689 triremes
1941 635 2130 690 ambas

552 727 793 797 primum
825 725 1150 780 dissociatas
1180 726 1230 779 vi
1256 729 1404 780 venti
1433 725 1624 790 fuisse,
1654 726 1854 782 deinde
1898 727 2128 781 alteram

555 820 794 883 illarum,
858 835 963 888 qua
1007 819 1310 874 Panaretus
1352 830 1407 875 et
1453 819 1774 875 Berrhmota
1828 821 2126 885 vehebant,

553 912 752 966 misere
786 911 1017 965 fractam
1052 922 1107 966 et
1133 911 1500 975 submersam,
1533 913 1693 965 aliam
1725 912 1928 966 salvam
1959 928 2130 982 appu-

497 1063 505 1079 ε
550 1003 682 1058 lisse
707 1002 772 1056 ad
804 1003 1074 1058 Methona:
1100 1012 1350 1072 portum;
1383 1003 1547 1072 idque
1581 1003 1874 1072 contigisse
1905 1004 2129 1077 πέμπτῃ

559 1098 794 1170 μεγάλῃ,
831 1098 936 1152 hoc
969 1108 1056 1151 est
1082 1095 1222 1151 feria
1247 1096 1436 1165 quinta
1485 1096 1843 1150 hebdomada:
1882 1096 2126 1165 majoris,

555 1205 662 1259 qua
696 1205 852 1245 cmna
901 1189 1117 1244 Domini
1169 1188 1480 1244 celebratur
1511 1188 1578 1243 ab
1610 1188 1876 1244 Ecclesia.
1927 1189 2000 1242 Ex
2040 1189 2128 1242 his

552 1281 802 1350 oportuit
834 1282 928 1336 illo
958 1296 1103 1335 anno
1129 1281 1321 1335 feriam
1351 1282 1613 1348 quintam
1647 1280 1702 1334 in
1731 1295 1888 1335 cmua
1916 1279 2128 1333 Domini

554 1386 743 1426 mense
773 1367 968 1426 Martio
1000 1371 1192 1436 fuisse,
1225 1371 1523 1441 etquidem
1561 1373 1748 1442 aliquo
1791 1373 1880 1427 die
1904 1372 2128 1427 decadis

555 1462 760 1518 ultima:
808 1464 1014 1518 mensis
1060 1463 1243 1518 istius.
1277 1463 1395 1518 Non
1437 1466 1617 1534 potuit
1668 1466 1758 1520 ille
1787 1482 1969 1521 anuus
2005 1481 2127 1521 esse

550 1556 694 1611 alius
732 1557 801 1610 ab
838 1572 984 1610 anno
1029 1556 1234 1612 Christi
1263 1558 1420 1626 juxta
1447 1559 1725 1627 vulgarem
1755 1575 1918 1616 teram
1963 1559 2124 1613 1173.

551 1649 898 1702 Manifestum
927 1649 1032 1702 hoc
1056 1657 1139 1704 est
1174 1665 1239 1703 ex
1265 1650 1407 1704 serie
1438 1661 1787 1704 narratarum
1817 1651 1920 1704 hae
1954 1650 2128 1705 histo-

552 1740 634 1795 ria
675 1755 895 1802 rerum;
933 1757 1058 1794 nam
1095 1741 1367 1811 superiori
1423 1741 1628 1796 Christi
1657 1742 1796 1797 1272
1843 1743 2012 1813 coepit
2040 1758 2126 1797 se-

2232 542 2413 596 fuerat
2461 543 2529 596 ab
2561 543 2790 598 Arsenio
2831 544 3122 600 devinctus
3177 549 3246 602 ob
3276 557 3604 603 excaecatum
3633 548 3767 604 Joan-

2231 647 2356 685 nem
2387 633 2682 701 pupillum.
2715 625 2928 699 scribit,
2959 635 3208 704 inquam,
3243 639 3296 693 in
3331 639 3478 694 hunc
3517 639 3725 694 modum
3760 661 3774 695 :

2232 725 2388 778 Κατὰ
2421 725 2608 778 τοῦτον
2661 729 2752 780 τὸν
2785 729 2976 798 χρόνον
3007 731 3379 799 ὲπεσκότησεν
3421 733 3453 801 ἡ
3484 732 3673 800 σελήνη
3702 733 3776 784 τὴν

2231 816 2381 885 ἥλιον
2408 818 2531 886 ἄρτι
2555 819 2655 886 τὴν
2684 817 2794 871 τῶν
2823 819 3077 888 Διδύμων
3113 821 3380 892 τετάρτην
3405 824 3766 893 παραλλάττον

2229 924 2319 973 τα,
2345 909 2472 976 περὶ
2500 906 2651 976 ὥραν
2693 911 2799 979 πρὸ
2849 910 3194 980 μεσημϐρίας
3219 915 3405 990 τρίτην
3424 913 3527 977 τῆς
3554 913 3776 981 εἰκοστῆς

2232 1003 2494 1072 πέμπτης
2530 1003 2744 1071 ἡμέρας
2777 1002 2871 1055 τοῦ
2906 1004 3092 1073 ualeo,
3140 1004 3234 1057 τοῦ
3262 1006 3450 1076 ,ςψοέ
3482 1007 3655 1068 ἔτους.
3687 1003 3776 1062 Ἦν

2229 1095 2331 1164 μὲν
2360 1091 2455 1148 οὖν
2485 1096 2519 1164 ἠ
2553 1096 2702 1149 πᾶσα
2726 1095 2970 1166 ἔκλειψις
3005 1097 3284 1150 δακτύλων
3309 1096 3540 1166 ἔγγιστα
3562 1099 3774 1152 δυωκαξο

2227 1185 2381 1252 δέκα,
2440 1185 2694 1239 τοσοῦτον
2725 1187 2782 1239 δὲ
2819 1188 2960 1240 κατὰ
3016 1187 3110 1242 τὸν
3163 1189 3324 1258 μέσον
3375 1189 3478 1256 τῆς
3510 1189 3775 1258 ἐκλείψεως

2229 1278 2424 1348 χρόνον
2455 1279 2698 1347 ἐγεγόνει
2727 1278 2788 1330 τὸ
2817 1280 3006 1342 σκότος
3039 1284 3168 1350 περὶ
3194 1281 3294 1350 τὴν
3319 1282 3424 1350 γῆν
3452 1281 3528 1339 ὡς
3553 1286 3641 1333 καὶ
3665 1284 3772 1334 πολ-

2229 1368 2354 1431 λοὺς
2382 1372 2493 1420 τῶν
2518 1370 2765 1438 ἀστέρων
2805 1370 3066 1438 φανῆναι.
3111 1370 3216 1424 Sub
3247 1372 3342 1424 hoc
3389 1381 3592 1441 tempus
3620 1373 3776 1426 obscuo

2230 1462 2367 1514 ravit
2399 1459 2526 1514 luna
2560 1461 2721 1514 solem
2757 1473 3007 1537 quartum
3053 1463 3393 1537 Geminorum
3436 1469 3774 1518 transmitten-

2229 1563 2332 1607 tem
2375 1555 2618 1624 gradum,
2673 1556 2817 1608 circa
2860 1558 3048 1610 horam
3099 1566 3222 1610 ante
3266 1558 3545 1611 meridiem
3592 1561 3774 1614 tertiam

2230 1650 2431 1718 quintae
2458 1659 2510 1701 et
2540 1649 2798 1702 vicesima:
2825 1650 2932 1703 diei
2961 1649 3116 1712 Maii,
3149 1652 3279 1704 anni
3307 1651 3472 1705 6785.
3509 1651 3621 1704 Fuit
3643 1669 3774 1720 porro

2231 1750 2342 1794 tota
2401 1739 2606 1811 eclipsis
2650 1742 2933 1811 digitorum
2983 1745 3224 1810 proxime
3272 1743 3565 1797 duodecim.
3618 1743 3776 1798 Tanta:

553 1831 685 1886 dere
717 1831 1012 1901 Gregorius
1051 1832 1119 1895 Χ,
1161 1834 1256 1902 qui
1287 1834 1502 1903 primus
1532 1834 1866 1890 mentionem
1899 1849 2128 1889 concor-
2157 1825 2197 1880 Β
2228 1845 2405 1886 autent
2435 1835 2530 1887 sub
2585 1835 2811 1888 medium
2867 1834 3082 1903 deliquii
3129 1845 3330 1905 tempus
3386 1837 3610 1892 tenebra-
3658 1839 3774 1894 circa

552 1921 657 1975 diae
686 1921 970 1984 intulerat,
1004 1931 1294 1992 postquam
1322 1923 1376 1976 in
1403 1922 1561 1995 Syria
1585 1923 1820 1979 electum
1847 1939 1904 1978 se
1932 1924 2130 1978 absens

551 2023 664 2067 tem
704 2030 732 2067 a
774 2015 1148 2068 cardinalibus
1181 2015 1458 2084 cognovit.
1497 2014 1704 2069 Deinde
1735 2015 1845 2084 jam
1888 2030 2126 2069 corona-

555 2118 646 2160 tus
681 2105 891 2174 legatos
937 2104 1472 2174 Constantinopolim
1526 2104 1594 2160 ad
1637 2105 1694 2160 id
1723 2105 2004 2175 negotium
2037 2121 2129 2158 ur-

551 2198 793 2269 gendum
846 2196 1091 2253 miserat.
1150 2196 1217 2253 Hi
1271 2207 1496 2252 strenue
1555 2214 1669 2253 rem
1721 2205 1972 2268 egerunt,
2027 2212 2127 2267 pro

550 2287 700 2342 virili
755 2289 1000 2358 Augusto
1051 2295 1415 2356 cooperante;
1473 2303 1596 2357 qua:
1649 2287 1967 2342 referuntur
2022 2287 2127 2340 hoc

550 2378 697 2434 libro
727 2395 756 2433 a
788 2393 839 2435 c.
881 2379 936 2431 ti
979 2379 1047 2433 ad
1081 2379 1164 2434 l7.
1212 2378 1339 2434 Haec
1365 2394 1569 2433 annum
1615 2379 1775 2434 facile
1804 2379 2051 2449 Gregorii
2083 2380 2125 2442 Ι,

549 2467 758 2522 Christi
815 2468 976 2532 1272,
1023 2469 1407 2538 expleverunt.
1469 2469 1764 2538 Dispositis
1848 2479 2128 2539 utcunque

550 2559 811 2616 omnibus
838 2577 902 2616 ex
932 2572 1086 2631 parte
1123 2562 1440 2618 Graecorum
1491 2561 1642 2616 missi
1671 2572 1799 2617 sunt
1831 2563 2019 2632 legati,
2060 2562 2129 2618 de

550 2653 758 2723 quibus
781 2654 1016 2725 agimus,
1047 2656 1195 2710 circa
1226 2655 1443 2710 initium
1479 2656 1631 2722 anni,
1659 2655 1909 2726 Gregorii
1940 2657 2127 2725 pontiv

552 2746 751 2801 ﬁeatus
797 2747 1048 2811 secundi,
1075 2745 1280 2802 Christi
1334 2745 1510 2813 1273;
1539 2763 1641 2802 nec
1693 2748 1904 2803 tardius
1932 2757 2131 2818 potue-

551 2848 683 2892 runt
705 2857 719 2892 :
739 2822 945 2908 alioqui
967 2839 1290 2910 Gregorium
1314 2856 1425 2895 non
1447 2841 1785 2910 reperissent
1803 2842 2009 2905 Romae,
2035 2842 2130 2910 qui

548 2931 657 2987 hoc
671 2947 819 2987 anno
838 2932 965 2988 inde
990 2934 1247 2989 discessit
1273 2934 1724 2999 vcrsusGalliam,
1749 2943 1810 2989 ut
1832 2934 1908 2989 ibi
1940 2938 2130 2989 conci-

523 3024 684 3101 Ilium
710 3027 1113 3081 mcumenicum
1142 3026 1390 3097 Lugduni
1421 3028 1748 3084 celebraret.
1771 3025 1998 3099 [P.5l9]
2025 3027 2132 3082 Ha-

549 3116 726 3172 bitum
758 3119 811 3174 id
849 3119 1142 3174 concilium
1173 3129 1258 3175 est
1281 3135 1428 3174 anno
1457 3120 1708 3190 sequenti
1739 3109 1941 3176 Christi
1970 3121 2126 3184 1276,

447 3238 452 3243 ο
549 3221 820 3280 praesente
853 3211 965 3266 illic
995 3211 1280 3280 pontiﬁce,
1327 3222 1386 3267 et
1436 3214 1629 3284 legatis
1657 3213 1974 3269 Graecorum
2016 3213 2128 3283 jam

549 3319 674 3358 cum
707 3304 950 3358 Ecclesia
980 3304 1226 3359 Romana
1258 3306 1684 3360 conciliaturum
1733 3305 1941 3361 ibidem
1981 3323 2132 3361 com-

547 3397 894 3466 parentibus.
921 3395 1054 3461 Quae
1083 3396 1408 3452 conciliatio
1435 3413 1560 3452 cum
1602 3414 1702 3468 per
1739 3397 1882 3452 hanc
1907 3399 2132 3469 legatio-

547 3503 676 3542 nem
703 3495 1017 3557 perpetrata
1044 3485 1235 3554 fuerit,
1279 3488 1512 3544 evidens
1557 3499 1642 3544 est
1673 3505 1792 3543 eam
1824 3491 1978 3560 prius
2011 3490 2134 3544 obi-

548 3590 663 3635 tam
705 3588 762 3635 et
791 3580 1166 3634 renuntiatam
1224 3581 1711 3653 Constantinopoli
1763 3583 1936 3639 fuisse
1964 3599 2132 3654 quam

548 3688 704 3729 sacra
739 3672 986 3744 synodus
1035 3672 1288 3743 Lugduni
1339 3673 1714 3729 inchoaretur.
1757 3675 2000 3741 Quadrat
2029 3691 2132 3730 au-

548 3779 660 3822 tem
694 3768 857 3822 unice
900 3766 966 3819 :.d
1010 3766 1115 3821 hoc
1145 3766 1326 3836 ipsum
1358 3767 1649 3823 character
1688 3749 1794 3824 hoc
1828 3768 1952 3822 loco
1983 3771 2129 3823 indi-

547 3869 706 3914 catus
734 3859 886 3914 feriae
913 3859 1120 3929 quintae
1170 3859 1397 3928 majoris
1429 3860 1791 3916 hebdomadas
1837 3860 2132 3915 incidentis

547 3953 606 4006 in
665 3963 974 4022 postremos
1026 3952 1147 4008 dies
1193 3951 1424 4017 Martii,
1473 3953 1748 4023 siquidem
1805 3954 1896 4010 hic
1950 3970 2131 4009 annus

546 4042 752 4099 Christi
805 4044 945 4099 1275
987 4043 1092 4098 fuit
1151 4044 1367 4114 periodi
1415 4046 1645 4101 Iuliana:
1704 4047 1861 4111 5986,
1916 4050 2128 4120 eyclum

546 4137 681 4192 solis
712 4137 922 4192 habens
945 4137 1036 4203 22,
1065 4139 1277 4209 cyclum
1306 4153 1436 4193 vero
1466 4139 1609 4194 luna:
1627 4140 1743 4195 sive
1764 4156 1996 4195 aureum
2027 4157 2131 4196 nu-

546 4244 759 4284 merum
789 4230 846 4294 2,
887 4229 1126 4284 litteram
1150 4231 1543 4286 Dominicalem
1577 4233 1649 4297 A;
1691 4249 1814 4302 qua:
1842 4243 1984 4287 uota:
2031 4235 2132 4289 Pa-

547 4324 679 4379 scha
707 4324 855 4378 illius
877 4323 1007 4379 anni
1035 4323 1356 4394 deﬁguntin
1381 4323 1451 4378 26
1483 4323 1682 4378 Martii.
1721 4325 1846 4379 Fuit
1880 4341 2008 4396 ergo
2051 4328 2130 4381 fe-

547 4417 627 4471 ria
662 4417 855 4485 quinta
898 4417 953 4470 in
990 4415 1159 4471 Coena
1191 4417 1407 4470 Domini
1433 4417 1523 4472 die
1550 4416 1619 4471 25
1647 4418 1824 4471 Martii
1853 4418 2125 4488 ejusdem.

546 4509 726 4576 Quare
743 4525 908 4564 verax
924 4518 979 4564 et
997 4520 1185 4564 exacta
1207 4510 1640 4585 deprehenditur
1667 4511 1912 4566 historici
1943 4527 2130 4565 narra-
2161 4525 2207 4583 ῃ

550 4605 654 4668 tio,
687 4612 742 4655 et
766 4602 1123 4673 cbrouologia
1154 4613 1342 4657 nostra
1373 4603 1755 4658 conﬁrmatur.

1044 4739 1204 4810 735
1243 4739 1468 4796 CAPUT
1516 4743 1629 4798 vn.
1688 4803 1692 4812 ,

548 4875 626 4929 lie
655 4874 832 4946 eclipsi
868 4873 992 4929 solis
1035 4893 1067 4928 a
1109 4874 1341 4944 Cregora
1381 4886 1710 4933 memorata.
1748 4895 1854 4945 qua
1889 4877 2128 4932 stabilita

871 4950 1122 5000 hactenus
1163 4947 1504 5018 chronologia
1535 4946 1808 5014 ﬁrmatur.

620 5059 660 5112 l.
703 5059 980 5112 llaetcnus
1029 5058 1448 5130 chronologiam
1505 5069 1750 5115 nostram
1803 5060 2057 5129 iudicatis
2099 5079 2129 5117 a

548 5151 883 5222 Pachymere
909 5152 1348 5213 characteribus,
1379 5161 1647 5221 quantum
1676 5153 1852 5216 licuit,
1887 5154 2134 5208 munivi-

549 5262 690 5298 tuus.
723 5245 842 5298 Non
873 5255 957 5298 est
982 5256 1166 5299 autem
1199 5245 1520 5315 negligenda
1554 5248 1942 5314 opportunitas
1966 5264 2128 5316 quam

549 5337 710 5389 nobis
748 5336 1039 5404 benignam
1070 5338 1234 5390 oﬂ'ert
1269 5338 1498 5406 insignis
1533 5337 1828 5406 Nicephori
1873 5339 2130 5408 Grcgora:

548 5429 704 5482 locus
731 5428 978 5498 ejusdem
1009 5429 1220 5483 emicsti
1263 5447 1485 5499 quoque
1527 5431 1723 5485 solaris
1771 5433 1994 5485 maximi
2029 5432 2130 5487 de-

550 5519 706 5589 liquii
731 5520 1000 5590 saliragiu
1033 5522 1381 5575 roborandus.
1417 5522 1620 5577 Scribit
1647 5523 1693 5576 is
1726 5534 1918 5578 auctor
1950 5522 2133 5578 liisto~

552 5614 648 5667 ria:
681 5629 791 5668 sua:
816 5615 855 5669 l.
897 5631 970 5677 tv,
1013 5632 1066 5685 p.
1105 5616 1166 5669 51
1201 5617 1291 5670 ed.
1331 5617 1524 5680 Basil.,
1567 5628 1858 5687 postquam
1883 5618 2132 5671 narravit

551 5705 964 5761 abdicationem
1007 5708 1291 5775 Germani,
1322 5709 1546 5778 Joscphi
1592 5709 2039 5780 subrogationcm
2079 5712 2133 5763 in

553 5803 675 5873 ejus
702 5799 907 5865 locum,
932 5810 986 5856 et
1014 5802 1080 5858 ab
1108 5802 1211 5858 hoc
1242 5802 1515 5858 indultam
1538 5804 1856 5873 imperatori
1882 5804 2133 5860 Michacli

2229 1935 2428 1981 terram
2479 1929 2818 1992 exstiterunt,
2849 1938 2904 1980 ut
2933 1939 2983 1982 et
3036 1929 3216 1984 multa:
3254 1930 3540 1984 stellarum
3576 1917 3774 2002 appare-

2228 2030 2367 2074 rent.
2421 2020 2500 2074 lta
2547 2019 2819 2089 Gregoras
2867 2022 3136 2076 describit
3177 2023 3456 2092 insignem
3498 2036 3708 2092 prorsus
3731 2036 3777 2079 et

2230 2111 2561 2166 horrendam
2606 2113 2740 2167 solis
2795 2113 3162 2168 defeetiouem
3215 2116 3686 2186 Constantinopoli
3711 2119 3776 2173 vi-

2232 2218 2346 2255 sam
2388 2204 2553 2269 paulo
2591 2217 2887 2274 antequam
2915 2214 3363 2261 exauctoraretur
3393 2207 3712 2273 Germanus,
3731 2223 3775 2266 et

2230 2293 2501 2362 Josephus
2535 2295 2592 2348 in
2640 2297 2764 2365 ejus
2795 2297 2976 2350 locum
3022 2297 3447 2353 substituendus
3491 2300 3772 2369 eligeretur.

2230 2387 2386 2452 Quod
2421 2398 2714 2458 utrumque
2747 2389 2842 2443 illo
2879 2405 3027 2443 anno
3059 2405 3090 2444 a
3139 2390 3383 2461 Gregora
3422 2391 3656 2446 indicato
3676 2409 3774 2448 sane

2229 2480 2544 2535 Grmcorum
2570 2481 2731 2546 6785,
2759 2482 2864 2537 hoc
2882 2491 2966 2536 est
2994 2498 3122 2537 atrae
3145 2496 3348 2538 nostra:
3366 2483 3528 2546 1267,
3557 2485 3775 2540 evenisse

2231 2590 2334 2628 nos
2367 2589 2586 2644 quoque
2610 2575 2953 2630 ostendimus
2981 2577 3335 2646 superius,'n.
3373 2579 3433 2643 2,
3467 2594 3516 2633 c.
3553 2580 3603 2632 ti.
3626 2579 3776 2644 Quare

2233 2667 2277 2720 si
2321 2666 2708 2721 demonstrare
2751 2667 3098 2736 potuerimus
3131 2669 3237 2732 [ide
3287 2670 3600 2724 tabularum
3630 2679 3680 2724 et
3708 2687 3776 2724 ra-

2235 2759 2479 2812 tiociniis
2509 2759 2897 2814 astronomicis
2923 2762 3058 2815 solis
3095 2761 3399 2832 deliquium
3436 2773 3544 2816 tam
3569 2763 3775 2817 notabile

2235 2851 2288 2903 in
2321 2851 2455 2904 urbe
2487 2859 2595 2903 tam
2644 2853 2917 2920 frequenti
2960 2869 3104 2908 circa
3142 2855 3432 2909 meridiem
3485 2864 3772 2925 spectatum,

2233 2959 2359 2998 cum
2409 2943 2668 2998 omnibus
2718 2945 3038 3000 memoratis
3077 2946 3534 3012 circumstantiis,
3577 2948 3662 3000 illo
3708 2962 3776 3000 re-

2234 3051 2361 3090 vera
2385 3036 2551 3091 fuisse
2575 3037 2929 3091 commissum
2967 3053 3134 3104 anno,
3166 3055 3328 3094 nemo
3366 3056 3479 3094 non
3519 3039 3657 3094 videt
3680 3055 3776 3092 ma-

2236 3143 2402 3198 gnum
2434 3128 2561 3182 inde
2589 3128 2995 3183 ﬁrmamentum
3029 3145 3384 3185 accessurum
3423 3142 3481 3186 et
3507 3132 3775 3186 ratiocinii:

2235 3223 2439 3274 nostris
2465 3233 2521 3274 et
2571 3221 2693 3275 ﬁdei
2753 3223 3144 3277 historicorum
3200 3241 3437 3294 quorum
3489 3225 3774 3279 auctoritate

2235 3313 2486 3366 nitimur.
2536 3311 2661 3367 llazc
2701 3329 2787 3368 me
2831 3330 2959 3384 spes
3000 3315 3220 3384 impulit
3270 3317 3336 3369 ad
3373 3318 3665 3386 rogandum
3697 3331 3774 3384 per

2234 3404 2450 3459 litteras
2482 3404 2548 3459 li.
2585 3406 2644 3460 Ρ.
2679 3406 2944 3477 Iacobum
2975 3407 3258 3462 Grantami
3287 3410 3568 3463 societatis
3587 3418 3772 3472 nostrae,

2236 3498 2466 3552 Lutetia:
2502 3498 2842 3554 Parisiorum
2874 3499 3188 3569 degentem,
3221 3510 3282 3554 ut
3308 3501 3776 3571 dignareturistius

2233 3590 2459 3656 eclipsis
2491 3591 2737 3644 calculos
2767 3607 2995 3660 ponere.
3041 3593 3192 3647 Fecit
3219 3594 3309 3647 ille
3342 3609 3444 3662 pro
3479 3610 3573 3648 sua
3596 3603 3646 3647 et
3668 3608 3774 3646 er:-

2233 3683 2442 3737 ditione
2481 3690 2538 3736 et
2569 3682 2916 3738 humanitate
2953 3687 3341 3753 prazstantibus
3367 3687 3771 3758 diligentissimo,

2235 3789 2491 3848 proutex
2521 3779 2641 3849 ejus
2691 3779 2757 3832 ad
2805 3795 2892 3834 me
2947 3781 3133 3846 missa,
3169 3797 3336 3850 quam
3375 3782 3466 3837 hic
3513 3782 3774 3843 ascribam,

2232 3868 2627 3923 exercitatione
2659 3870 3030 3923 astronomica
3060 3871 3289 3939 patebit.

2306 3959 2370 4012 ll.
2404 3959 2595 4014 Jacobi
2623 3959 2903 4014 Grantami
2941 3975 2973 4014 e
3003 3960 3266 4016 societate
3296 3961 3426 4017 Jesu
3457 3962 3775 4032 epilogismus

2232 4049 2506 4104 novilunii
2533 4050 2775 4115 ecliptiei
2805 4065 2951 4104 anno
2973 4052 3181 4106 Christi
3207 4052 3365 4116 1267,
3392 4053 3467 4108 25
3496 4054 3632 4112 Maii.
3650 4054 3774 4122 juxta

2237 4142 2453 4196 tabulas
2495 4141 2857 4195 subsidiarias
2914 4142 3257 4207 Rudoltluas,
3315 4143 3382 4198 ad
3443 4145 3772 4198 meridianum

2230 4234 2896 4302 Constantinopolitanum
2933 4242 3241 4289 revocatas.
3269 4234 3466 4291 Annus
3489 4238 3534 4291 is
3553 4244 3631 4291 est
3653 4250 3777 4289 com-

2234 4326 2439 4390 munis,
2477 4342 2584 4378 non
2618 4325 2939 4379 bissextilis.

2478 4457 2641 4528 736
2689 4456 2906 4522 [P.520]
2951 4455 3263 4509 Novilunium
3321 4456 3549 4509 medium.

3190 4576 3253 4626 D.
3380 4577 3442 4627 Η.

2479 4661 2585 4710 Maii
3195 4661 3257 4706 24
3386 4661 3447 4708 10
3571 4659 3627 4706 50
3736 4658 3777 4704 15

3189 4720 3250 4769 D.
3383 4720 3444 4768 ΙΙ.

2235 4792 2597 4853 tempusapog.
2626 4783 2718 4831 sol.
2744 4783 2864 4853 .J_un.
3383 4781 3444 4853 η

2232 4841 2609 4895 ἱιιιρῖὙδΗιῖηῖδ
2644 4845 2869 4894 novilun.
3201 4843 3257 4891 ‘21
3418 4845 3448 4892 0
3568 4846 3621 4894 41
3729 4841 3776 4890 δι

2233 4916 2397 4955 motus
2421 4907 2682 4957 intervallo
2710 4905 3021 4968 respondens
3044 4905 3141 4955 tol-
3205 4906 3261 4954 S.
3389 4905 3428 4953 G

2298 4970 2476 5016 lendus
2797 4963 2808 4968 ⁷
3228 4968 3258 5014 0
3385 4969 3447 5015 20
3570 4966 3624 5016 15
3728 4963 3777 5010 58

2232 5031 2372 5093 locus
2392 5032 2578 5093 apogaai
2612 5029 2732 5079 solis
3224 5031 3253 5077 5
3415 5030 3445 5093 ι)
3578 5027 3620 5093 7

2235 5086 2433 5153 ιιι-ἰηιυέ
2452 5086 2588 5140 Ιοῖσυε
2614 5093 2731 5140 solis
3083 5152 3090 5153 ί
3227 5093 3258 5138 2
3415 5089 3447 5138 9
3568 5091 3623 5139 45
3727 5086 3774 5133 58

2236 5152 2386 5215 prima
2422 5156 2654 5203 distantia
2684 5154 2996 5215 luguinarium
3021 5152 3135 5202 sole

2303 5215 2495 5276 longius
2525 5207 2786 5276 progresso
3226 5213 3256 5262 0
3386 5213 3444 5276 ,ἐς
3563 5213 3615 5261 27
3723 5210 3770 5256 ιδ

2234 5274 2430 5338 tempus
2453 5274 2640 5338 δρύεψί
2663 5283 2790 5325 inme
3210 5277 3290 5338 _D.
3383 5274 3428 5325 Η

2302 5329 2579 5399 ιιῖοχὶιιῖιιιῖι
2606 5341 2860 5388 uovitunio
3167 5336 3259 5388 165
3415 5339 3442 5387 7
3567 5335 3614 5385 51
3726 5329 3772 5378 27

2302 5401 2551 5448 ιρισνιιὶιιιιη
3225 5401 3252 5449 7
3413 5401 3444 5448 6
3565 5398 3612 5445 21
3725 5392 3776 5440 72

2235 5412 2551 5448 Intervallum

2237 5470 2399 5509 motus
2423 5461 2688 5511 intervallo
2715 5461 3023 5524 respondens
3238 5460 3292 5524 S.
3391 5462 3448 5512 G.

2234 5525 2488 5571 atldendus
2801 5513 2813 5524 ’
3231 5523 3262 5570 5
3419 5524 3448 5571 0
3567 5522 3621 5566 ιδ
3726 5513 3772 5560 ιὲ

2236 5587 2376 5632 locus
2401 5583 2585 5646 υνυςᾶῆ
2607 5586 2742 5634 luna:
3198 5583 3252 5633 11
3414 5585 3442 5632 5

2235 5635 2589 5706 primus'loi-us
2614 5650 2745 5695 lunm
3225 5647 3256 5692 2
3416 5646 3444 5690 4
3567 5643 3621 5693 18
3727 5635 3774 5685 15

2239 5717 2434 5772 tempus
2458 5711 2981 5772 prosthapinereticum
3386 5707 3447 5772 Β·
3577 5733 3614 5772 .2

2237 5754 2675 5820 addéxidu'iuv'm‘
2802 5754 2867 5760 ”’
2888 5754 2979 5760 mm
3387 5754 3444 5816 ﬁt"
3567 5763 3618 5812 t1
3728 5754 3775 5810 ίο
