4016 6526
546 366 684 430 1195
1447 357 1510 417 Ρ.
1547 351 1847 414 POSSINI
1893 346 2152 409 OBSER‘

2248 343 2537 407 I‘IONUM
2583 346 2727 410 LIB.
2775 344 2893 407 ΙΙΙ.
3630 347 3751 412 1196

1036 471 1231 530 Integra
1255 468 1447 518 duraiio
1507 528 1529 530 _
1693 466 1754 530 {$7
1881 461 1936 510 t7
2153 464 2198 519 Α
2229 457 2292 511 Et
2326 471 2456 511 vero
2501 466 2705 526 quanta
2750 472 2811 511 ea
2852 452 3038 519 fuerit,
3089 452 3159 507 ad
3209 451 3366 507 (idem
3422 453 3650 512 historia
3677 465 3749 512 aut

546 600 746 650 lnmum
1146 527 1173 530 Ἠ
1502 528 1570 637 gl;
1691 527 1756 636 H9
1879 584 1942 634 δι
2064 584 2125 630 23
2234 549 2499 648 temporis
2529 538 2794 650 rationem
2840 545 2976 600 nihil
3024 544 3222 650 refert,
3240 543 3482 615 probatis
3519 545 3633 601 aliis
3655 562 3737 602 cer

788 658 991 720 eclipsis
1019 654 1128 705 Maii
1511 633 1574 697 2ῑῖ
1702 633 1758 696 10
1918 646 1938 693 1
2065 645 2126 692 5t)
2192 642 2201 647 ’
2231 639 2463 691 tissiinis
2495 638 2660 690 uotis.
2695 635 2894 690 Verum
2924 650 2991 690 ne
3014 650 3077 689 ea
3109 633 3176 688 ad
3209 634 3480 705 integrum
3505 644 3752 691 exactum-

547 724 658 770 ﬂuis
1510 712 1572 760 25
1702 712 1755 758 10
1880 710 1942 755 5⁴3
2073 708 2127 752 10
2228 746 2334 770 mm
2395 731 2776 770 pnilm-iumnnt
2850 728 3217 770 ιίρςίιίρνριιιν-
3278 742 3468 770 manus
3517 728 3752 770 lliiionnlia

547 725 658 772 ﬁnis
1510 725 1572 760 zu
1702 725 1755 758 IU
1880 725 1908 755 ο

2228 746 2334 798 que
2395 731 2776 798 epilogisntum
2850 728 3220 792 desideretur,
3278 742 3469 797 magna
3517 728 3755 798 diligentia

2229 839 2347 876 eam
2391 824 2729 892 euitsignavi.
2779 822 2845 876 Et
2878 838 2945 876 ne
2976 822 3103 891 quis
3136 820 3463 876 brevitatem
3500 837 3604 875 non
3635 824 3755 875 inte-

2227 932 2337 984 gra:
2389 916 2537 968 hora:
2595 914 2646 967 in
2688 914 2877 984 eclipsi
2936 928 3106 983 prope
3156 913 3307 968 totali
3357 913 3575 966 nimiam
3604 929 3757 982 repre-

2228 1005 2474 1067 hendat.
2530 1006 2939 1060 velocissimum
2997 1007 3142 1062 luna;
3191 1015 3397 1060 motum
3446 1015 3757 1073 apparentem

2231 1100 2377 1153 circa
2409 1099 2441 1152 3
2475 1100 2809 1169 parallaxem
2842 1099 3226 1170 longitudinis,
3271 1109 3380 1152 tam
3415 1097 3469 1151 in
3502 1097 3758 1152 incidentia

2231 1190 2533 1243 crescendo
2566 1189 2721 1244 valde
2756 1192 2809 1243 in
2860 1189 3167 1259 quadrante
3204 1187 3468 1245 Orientali
3507 1188 3759 1257 ecliptica,

2232 1264 2395 1347 qnhm
2429 1280 2482 1333 in
2536 1281 2849 1335 emersione
2889 1282 3124 1335 multum
3155 1280 3530 1336 decrescendo
3558 1282 3608 1336 in
3648 1297 3760 1351 qua-

2233 1371 2428 1424 drante
2498 1370 2851 1435 Occidentali,
2921 1388 3114 1441 quaeso
3166 1384 3225 1428 ut
3278 1389 3496 1429 mecum
3530 1375 3759 1435 attendat,

2236 1462 2320 1534 [P.
2350 1462 2477 1535 5'25]
2506 1472 2562 1518 et
2609 1464 2824 1519 desinet
2864 1465 3074 1518 mirari.
3104 1464 3229 1520 Haec
3266 1466 3323 1520 in
3374 1467 3597 1537 gratiam
3632 1467 3689 1521 R.
3713 1468 3759 1522 P.

2235 1554 2486 1620 Possini;
2528 1554 2623 1625 qui
2660 1555 2761 1609 viri
2787 1557 2947 1610 amici
2977 1556 3224 1612 laborem
3256 1570 3494 1628 gratum.
3528 1558 3572 1612 si
3596 1559 3763 1627 placet,

2239 1646 2507 1711 habebit,
2539 1657 2594 1701 et
2625 1662 2751 1702 eum
2810 1646 2918 1702 Deo
2949 1648 3004 1702 in
3037 1649 3153 1702 suis
3179 1649 3528 1704 orationibus
3569 1659 3621 1704 et
3662 1665 3762 1705 san-

545 780 963 841 ConstantinOpuli
990 784 1100 841 post
1127 778 1339 827 mediam
1359 783 1574 823 noctem.

697 886 912 935 emersit)
939 884 1023 932 Al)
1196 883 1482 943 Septentrio
1668 875 1938 926 incidentia
1958 874 2035 923 At)

1902 963 2021 1023 \

590 1098 613 1137 χ’
1209 1136 1212 1137 ,

856 1174 867 1195 ι
1277 1162 1280 1164 -
1805 1143 1845 1195 C

568 970 2123 1555 “

857 1328 1032 1373 ()i'tctis
1429 1325 1595 1404 μὴν
1728 1321 1967 1390 Occidens

1201 1565 1435 1615 Meridies

1140 1689 1309 1751 Tyrus
1327 1685 1399 1737 ecl
1403 1686 1558 1749 ipseos

861 1780 911 1827 in
936 1777 1187 1840 trianguli)
1214 1777 1335 1828 ΑΒΕ
1355 1775 1653 1840 rectangulo
1676 1773 1727 1840 in
1752 1779 1809 1828 Α.
1876 1837 1913 1840 __
2052 1838 2074 1840 _
2096 1837 2115 1840 Α
2147 1803 2152 1812 ι

2248 1685 2466 1701 ..αυυυη
2492 1687 2507 1711 ,
2539 1685 2594 1701 υ.
2626 1685 2751 1702 νυ...
2810 1685 2918 1702 νυν
3038 1685 3153 1702 su...
3179 1685 3528 1704 υιαιινηιυιη
3570 1685 3587 1704 ι

2248 1741 2503 1794 etissimis
2553 1738 2840 1794 sacriliciis
2863 1741 3301 1796 commendatum
3341 1733 3587 1798 habebit.

556 1844 628 1891 Ex
652 1803 1653 1890 summaIsetiiidihlinlel’ro‘rbm'“uuam”
1863 1837 1917 1886 Μ
2050 1803 2197 1887 BCB
2295 1829 2386 1884 IV.
2442 1831 2722 1885 Hactenus
2788 1831 2856 1885 ﬂ.
2910 1832 2971 1886 P.
3029 1831 3269 1887 Jacohus
3316 1831 3615 1887 Grantami.
3684 1833 3763 1889 Cui

556 1905 1492 2026 bz‘bgsa'sgrlippnltld:rigidi:durationis
1661 1902 1732 2011 bal
2225 1923 2514 2026 :dj'r'gafn
2565 1922 2713 1992 quod
2732 1924 3057 2026 "consul"?
3098 1939 3126 1975 ³
3161 1938 3249 2026 "te
3279 1925 3347 1978 de
3395 1924 3582 1993 θειίΡδί
3608 1923 3767 1979 eadem

2229 2011 2297 2066 R.
2334 2011 2390 2066 P.
2444 2013 2681 2068 Joannes
2732 2011 2974 2082 Baptista
3010 2012 3311 2078 Ricciolus,
3349 2014 3533 2068 statim
3612 2013 3767 2067 huma-

2231 2105 2453 2159 nissime
2501 2104 2784 2175 respondit
2819 2105 2966 2159 hisce
3002 2106 3163 2174 plane
3192 2105 3404 2162 verbis.

2306 2198 2436 2251 [Era
2518 2197 3120 2267 Constantinopolitana
3196 2199 3464 2269 supponit
3511 2196 3770 2267 completos

2232 2290 2401 2346 fuisse
2461 2291 2652 2345 mundi
2708 2306 2881 2346 annos
2926 2291 3065 2345 5503
3122 2301 3250 2345 ante
3306 2290 3563 2347 usitatam
3603 2289 3770 2345 Christi

2233 2399 2416 2440 eram.
2451 2384 2628 2450 Quare
2655 2400 2834 2439 annus
2870 2385 3011 2439 6775
3037 2401 3157 2437 ιρι-ιθ
3187 2384 3772 2452 Constantinopolitn:

2235 2486 2320 2532 est
2369 2492 2490 2530 atrae
2520 2476 2844 2531 Chrislianze
2890 2477 3052 2530 1267.
3363 2479 3368 2484 ’

628 2091 717 2146 111.
747 2091 824 2145 Ex
866 2090 971 2144 hoc
1001 2089 1326 2159 epilogismo
1357 2088 1731 2145 clarissimum
1763 2089 1821 2144 lit
1854 2089 1909 2144 in
1933 2089 2126 2159 eclipsi

556 2182 834 2252 descripta
857 2182 1089 2251 reperiri
1126 2181 1479 2236 characteres
1505 2199 1535 2235 a
1553 2181 1864 2250 Nicephoro
1888 2180 2130 2251 Gregora

559 2275 900 2343 designatos.
928 2288 1131 2326 annum
1156 2289 1187 2326 a
1240 2272 1445 2327 mundo
1479 2273 1702 2328 condito
1737 2273 1898 2337 6775,
1944 2274 1995 2328 id
2046 2281 2132 2329 est

558 2369 765 2423 Christi
811 2367 968 2432 1207,
1001 2365 1124 2420 Maii
1152 2366 1298 2419 diem
1324 2364 1416 2429 25.
1449 2365 1641 2422 horam
1680 2375 1809 2421 ante
1842 2366 2130 2422 meridiem

559 2463 613 2524 5,
648 2475 701 2514 et
737 2460 941 2528 digitos
972 2473 1145 2528 prope
1200 2459 1263 2512 12
1286 2496 1301 2519 ,
1340 2457 1486 2513 unde
1534 2467 1684 2512 tanta
1726 2458 2042 2513 obscuritas
2075 2459 2134 2514 in

564 2555 722 2627 741
753 2564 900 2609 terra
944 2560 1003 2607 ut
1038 2552 1214 2607 stella:
1252 2552 1308 2605 in
1350 2550 1491 2607 coelo
1528 2559 1880 2620 apparerent.
1913 2551 1982 2607 At
2004 2552 2140 2607 deli-

2311 2570 2471 2641 7&2
2503 2569 2659 2623 Anno
2689 2569 2892 2623 Christi
2925 2569 3062 2623 1267
3093 2569 3278 2640 cyelns
3302 2569 3449 2622 lunae
3487 2584 3578 2621 seu
3607 2581 3775 2619 aureus

564 2651 643 2704 cit
673 2666 780 2703 una
812 2647 1067 2709 illustris,
1094 2656 1223 2700 nota
1263 2643 1371 2699 loci
1398 2645 1536 2699 solis
1576 2644 1629 2697 in
1661 2643 1902 2699 Zodiaco
1934 2661 1951 2698 :
1982 2644 2139 2714 ponit

2248 2678 2504 2717 numerus
2539 2661 2641 2715 fuit
2689 2660 2774 2725 11,
2804 2671 2995 2730 epacta
3022 2662 3077 2726 5,
3123 2660 3473 2714 novilnnium
3514 2658 3664 2712 civile
3709 2658 3774 2709 in-

562 2742 710 2796 οηίιη
761 2740 1108 2809 Νεοθριιοτιιε
1158 2738 1388 2810 Fadum
1437 2735 1471 2791 4
1515 2736 1901 2808 Geminorum,
1951 2747 2140 2792 "05m"
2243 2769 2326 2811 ter
2365 2756 2435 2809 25
2465 2764 2515 2808 et
2547 2753 2617 2806 26
2652 2752 2799 2807 Maii.
2832 2752 3027 2823 Cyclus
3069 2753 3203 2806 solis
3227 2753 3331 2805 luit
3377 2750 3469 2814 10,
3498 2749 3663 2803 littera
3701 2748 3777 2799 ilo-

567 2843 750 2889 autem
798 2833 1046 2888 calculus
1098 2831 1185 2885 10.
1218 2830 1326 2886 Sed
1371 2830 1429 2885 in
1479 2845 1548 2885 eo
1586 2828 1936 2899 Nicephorus
1969 2831 2145 2884 mani-

2248 2847 2518 2902 minicalis
2568 2845 2628 2909 B,
2691 2853 2747 2899 et
2785 2844 2903 2898 dies
2945 2844 3017 2897 25
3081 2842 3206 2897 Maii
3257 2841 3456 2897 incidit
3516 2840 3568 2893 in
3619 2839 3777 2893 feriant

563 2927 707 2981 feste
732 2924 1131 2985 halluciuatur,
1151 2932 1378 2977 secutus
1404 2936 1515 2976 non
1540 2921 1945 2976 astronomicas
1967 2922 2139 2991 leges.
2247 2949 2520 3010 quanam

554 3019 663 3074 sed
717 3018 1041 3089 popularem
1098 3013 1330 3085 putandi
1372 3014 1647 3068 rationem
1690 3022 1749 3068 et
1789 3028 2141 3068 communem

2319 3038 2478 3088 Anno
2519 3029 2709 3084 eodem
2746 3026 2906 3090 126⁸7.
2936 3026 3026 3080 die
3058 3025 3127 3080 25
3168 3024 3315 3082 Maii.
3351 3024 3684 3079 noviiunium
3709 3037 3782 3077 ve-

566 3126 813 3166 errorem
863 3109 1217 3180 iungentium
1260 3107 1655 3177 aequinoctium
1704 3121 1938 3162 vernum
1968 3147 1983 3171 ,
2037 3121 2134 3160 seu

2248 3144 2362 3185 rum
2399 3119 2871 3189 Constantinopoli
2930 3117 3033 3172 fuit
3079 3117 3409 3187 sesquihora
3470 3127 3593 3171 ante
3651 3116 3779 3169 meri.

572 3206 807 3273 "fimum
861 3204 1089 3273 gradum
1127 3200 1358 3263 Ατίθιίθν
1394 3215 1522 3254 cum
1583 3199 1649 3252 Ἡ
1699 3198 1917 3255 nam“
1948 3214 2138 3268 quem'
2167 3198 2208 3215 υ
2244 3221 2390 3276 diem
2424 3235 2437 3270 :
2469 3214 2563 3269 sed
2595 3213 2666 3267 ob
2704 3210 3024 3282 parallaxim
3062 3209 3432 3280 longitudinis
3464 3210 3565 3263 fuit
3598 3209 3714 3262 hora
3738 3207 3782 3269 3,

570 3296 866 3351 admoau'"
891 3296 1004 3363 iam
1057 3308 1088 3348 ³
1139 3292 1376 3347 “meum
1409 3291 1631 3346 Νίθπεηθ
1661 3291 1715 3344 in
1746 3307 1849 3345 "9“
1894 3290 1947 3344 id
1996 3303 2137 3353 9""!
2247 3309 2476 3367 minutis
2503 3307 2555 3367 5,
2586 3314 2711 3358 ante
2757 3301 3046 3357 meridiem
3079 3302 3194 3355 sole
3220 3311 3277 3355 et
3312 3301 3447 3355 luna
3476 3300 3785 3355 versantibus

575 3404 682 3442 non
722 3387 1036 3449 observato,
1089 3384 1285 3438 saltem
1342 3399 1452 3437 non
1507 3391 1779 3446 correcto,
1810 3382 1945 3435 vitio
1990 3393 2142 3435 ante-
2249 3403 2304 3456 in
2335 3399 2507 3471 gradu
2552 3395 2619 3449 η
2659 3393 3042 3448 Geminorum.
3090 3391 3352 3446 Lamum,
3394 3392 3543 3446 [una
3584 3389 3785 3445 hom“,

575 3481 845 3537 cessionis
867 3477 1192 3546 asquinoctii
1218 3492 1414 3531 versus
1450 3475 1668 3530 initium
1694 3476 1937 3530 Januarii
1977 3478 2144 3529 unius
2244 3504 2299 3548 ει
2336 3506 2464 3545 vera
2509 3487 2613 3542 τυίι
2644 3489 2981 3540 minutorum
3033 3482 3119 3548 19,
3152 3484 3219 3550 ες
3266 3484 3364 3538 sed
3421 3500 3683 3554 apparens
3723 3481 3777 3534 ob

577 3575 685 3630 diei
717 3589 814 3645 per
836 3580 1062 3628 centum
1093 3571 1318 3641 triginta
1353 3569 1580 3625 circiter
1622 3583 1817 3623 annos.
1851 3567 1954 3633 Qui
1985 3583 2144 3621 error

578 3676 767 3736 postea
820 3672 1103 3720 correctus
1150 3673 1235 3718 est
1284 3677 1429 3717 anno
1460 3659 1665 3716 Christi
1717 3658 1878 3720 1582,
1914 3658 2148 3713 sublatis

580 3760 646 3813 10
673 3756 889 3820 diebus,
916 3755 1121 3825 quibus
1176 3752 1393 3809 initium
1442 3751 1647 3807 Arietis
1716 3749 1895 3805 Martii
1947 3749 2147 3804 vicesi-

582 3865 730 3904 mum
771 3849 1008 3918 primum
1069 3851 1447 3915 praecesserat.
1478 3842 1547 3897 Et
1584 3856 1779 3896 revera
1836 3855 1867 3894 a
1907 3840 2149 3895 concilio

583 3924 809 3994 Nicseno'
835 3937 1026 4005 habito
1057 3952 1202 3990 anno
1233 3933 1440 3989 Christi
1470 3932 1577 3986 325
1604 3945 1780 4000 usque
1830 3928 1897 3983 ad
1932 3936 2151 3999 tempus

584 4033 749 4100 huius
783 4030 1007 4099 eclipsis
1057 4043 1204 4083 anno
1254 4024 1461 4080 Christi
1517 4023 1653 4079 1207
1712 4022 1842 4075 anni
1872 4018 2147 4075 ﬂuxerunt

578 4124 706 4197 942,
740 4139 841 4193 pro
875 4121 1080 4195 quibus
1130 4119 1478 4187 Nicephorus
1513 4131 1610 4171 sex
1654 4114 1861 4185 gradus
1903 4121 2155 4167 anteces-

582 4215 757 4269 sionis
793 4212 1151 4269 Geminorum
1204 4208 1513 4278 usurpavit,
1552 4222 1676 4262 cum
1711 4205 1914 4260 merito
1941 4214 2150 4274 septem

590 4308 835 4371 integros
866 4315 1164 4358 numerare
1198 4299 1493 4377 potuisset.
1541 4291 1744 4351 Sethus
1776 4294 2048 4351 Calvisius
2096 4294 2159 4347 in

584 4396 920 4464 Chronolog.
958 4407 1104 4447 anno
1142 4390 1349 4447 Christi
1382 4388 1517 4443 1267
1544 4388 1686 4443 hanc
1715 4387 1964 4456 eclipsim
1996 4393 2154 4441 uota-

2248 3579 2565 3651 parallaxim
2610 3574 2915 3629 latitudinis
2945 3574 3048 3627 fuit
3080 3573 3337 3626 australis
3382 3585 3443 3627 et
3477 3573 3779 3627 minutorum

2251 3674 2305 3737 3,
2340 3671 2408 3730 8:
2454 3684 2666 3724 summa
2698 3675 2881 3720 autem
2920 3664 3464 3718 semidiamctroruin
3493 3664 3621 3718 solis
3647 3674 3696 3719 et
3720 3663 3786 3716 lu-

2252 3780 2335 3820 nae
2379 3762 2484 3817 fuit
2527 3762 2866 3816 minutorum
2911 3758 3002 3820 50,
3033 3757 3137 3820 4ος
3171 3767 3225 3810 et
3257 3757 3387 3809 solis
3428 3756 3685 3811 diameter
3724 3755 3788 3807 in.

2253 3868 2403 3927 tegra
2457 3855 2795 3909 minutorum
2829 3851 2920 3914 3i,
2963 3849 3059 3913 38;
3108 3848 3341 3917 ideoque
3386 3848 3544 3918 digiti
3584 3845 3788 3916 ecliptiei

2256 3951 2343 4013 11,
2369 3948 2461 4003 25.
2498 3946 2603 4001 Sed
2649 3961 2717 4000 eo
2765 3941 2911 4013 quod
2945 3940 3079 3995 radii
3111 3941 3239 3995 solis
3268 3940 3495 4009 oblique
3540 3938 3593 3994 in
3624 3948 3790 3993 terrain

2255 4039 2561 4097 incidentes
2604 4036 2865 4091 aliorsum
2911 4033 3103 4103 procul
3144 4047 3172 4085 a
3208 4031 3413 4085 vertice
3447 4029 3795 4086 Constantino-

2257 4132 2398 4205 polis
2429 4130 2865 4189 relieeterentur,
2904 4139 3007 4181 nec
3053 4125 3284 4177 multum
3319 4138 3505 4177 aerem
3539 4138 3689 4193 supra
3719 4137 3796 4192 po-

2256 4221 2423 4276 situm
2464 4220 2823 4281 illustrarent,
2850 4215 2965 4269 visa
2998 4222 3081 4268 est
3109 4212 3334 4281 eclipsis
3371 4229 3513 4284 pene
3553 4211 3797 4273 totalis,et

2257 4314 2429 4371 stellze
2458 4308 2735 4367 horizonti
2783 4306 3071 4378 propiores
3099 4305 3329 4374 aliaeque
3358 4305 3599 4377 conspici
3632 4314 3795 4371 potue-

2258 4415 2408 4461 ιύηι.

584 4498 684 4551 vit,
714 4486 908 4541 eodem
937 4499 1082 4538 anno
1110 4493 1167 4537 et
1195 4480 1284 4537 die
1328 4495 1441 4551 quo
1483 4480 1826 4549 Nicephorius
1856 4494 1871 4543 ;
1917 4490 2152 4546 eumque

2332 4497 2409 4551 Ex
2446 4511 2563 4550 mea
2590 4494 2930 4565 Geographia
2965 4492 3259 4548 reformata
3307 4474 3559 4561 suppono
3586 4484 3798 4542 altitudi-

587 4580 737 4631 circa
792 4575 1089 4645 igradum
1146 4570 1508 4627 Geminorum
1565 4569 1690 4640 jure
1750 4566 1978 4637 corrigit
2014 4582 2027 4617 :
2060 4565 2154 4619 sed

589 4669 888 4740 contigisse
920 4666 999 4721 ait
1023 4666 1159 4720 hora
1191 4667 1277 4729 11,
1306 4663 1472 4727 9,21,
1503 4661 1883 4732 postmediam
1915 4667 2153 4720 noctem,

590 4762 802 4815 tardius
836 4760 1009 4814 multo
1045 4772 1210 4826 quam
1267 4756 1397 4811 velit
1441 4754 1791 4823 Nicephorus
1814 4752 1909 4822 qui
1964 4752 1997 4805 3
2031 4759 2158 4805 ante

590 4843 878 4906 nicridiem
912 4850 1143 4916 scribit;
1186 4864 1312 4903 cum
1345 4862 1456 4918 quo
1511 4846 1656 4901 belle
1696 4844 1943 4899 calculus
1970 4854 2160 4897 noster

589 4948 868 4999 Convenit.
906 4944 1171 4999 Numerat
1201 4950 1386 4996 autem
1422 4940 1694 4996 Calvisius
1721 4938 1922 5009 digitos
1955 4938 2159 4991 obscu-

591 5042 820 5093 rationis
853 5038 938 5101 ll,
978 5038 1066 5098 52.
1096 5036 1212 5091 fere
1236 5045 1295 5089 ut
1322 5049 1424 5088 nos
1462 5042 1517 5088 et
1539 5031 1887 5101 Nicephorus
1912 5033 2161 5100 proxime

590 5134 657 5186 ad
694 5133 953 5194 totalem;
988 5129 1180 5183 feriam
1216 5140 1435 5196 quoque
1476 5132 1728 5195 quartam
1755 5123 1857 5176 rite
1886 5121 2160 5185 designat,

588 5233 645 5276 ct
687 5222 884 5291 probat
928 5220 1117 5292 cyclus
1162 5220 1296 5273 solis
1346 5219 1433 5280 l6,
1494 5217 1678 5271 littera
1720 5215 1782 5268 B.
1810 5214 2075 5282 Keplerus
2105 5215 2161 5265 in

595 5316 796 5368 tabulis
832 5313 1137 5368 liudoil‘tnis
1188 5328 1243 5382 p.
1301 5311 1369 5366 98
1423 5308 1672 5381 ejusdem
1704 5306 1973 5375 eclipseos
2006 5319 2162 5358 men-

596 5409 801 5461 tionem
836 5406 903 5459 la;
924 5405 988 5470 it,
1019 5412 1073 5459 et
1101 5403 1345 5458 ostendit
1375 5409 1525 5457 recte
1551 5416 1583 5454 a
1604 5398 1843 5453 Calvisio
1887 5397 2161 5467 Nicepho-

568 5516 718 5553 rum
767 5497 1099 5568 reprehendi
1131 5538 1146 5562 ,
1193 5508 1249 5550 et
1296 5510 1421 5550 cum
1461 5509 1528 5549 eo
1581 5492 1738 5563 ponit
1780 5489 1935 5560 grad.
1976 5490 2061 5553 l0,
2096 5488 2165 5543 59

596 5592 989 5655 Geminorum,
1044 5588 1206 5658 paulo
1256 5585 1540 5641 liberalior
1596 5584 1652 5638 in
1713 5582 1961 5637 minutis.
1996 5581 2166 5635 Porro

598 5686 664 5739 de
719 5684 1011 5737 duratione
1091 5681 1257 5753 hujus
1307 5677 1531 5748 eclipsis
1587 5690 1768 5745 neque
1822 5675 2167 5743 Nicephorus

597 5794 776 5847 neque
800 5775 1070 5832 Calvisius
1104 5783 1200 5831 aut
1228 5774 1493 5843 chlerns
1536 5770 1839 5841 quidquam
1867 5769 2164 5826 aﬂirmant.

2261 4602 2385 4639 nem
2410 4585 2520 4654 poli
2542 4584 3044 4653 Constantinopolis
3072 4598 3191 4637 esse
3215 4581 3371 4652 grad.
3396 4582 3489 4643 42,
3517 4580 3605 4639 56.
3629 4589 3681 4633 et
3701 4576 3797 4631 lon-

2260 4676 2561 4749 gitudinem
2592 4691 2622 4729 a
2650 4676 2836 4730 Palma
2862 4675 3042 4729 insula
3065 4673 3496 4728 Fortunatarum
3522 4686 3603 4741 gr.
3626 4669 3705 4731 51,
3724 4669 3797 4721 56.

2333 4768 2474 4834 Quid
2509 4768 2612 4823 sibi
2647 4768 2775 4821 velit
2804 4767 3099 4837 Gregoras,
3130 4773 3225 4819 aut
3251 4765 3455 4835 quibus
3484 4778 3550 4818 ex
3578 4762 3803 4831 epheme-

2262 4861 2474 4915 ridibus
2499 4860 2749 4914 hauserit
2779 4860 2953 4914 solem
2984 4858 3154 4912 fuisse
3183 4866 3315 4911 tunc
3348 4858 3402 4911 in
3434 4865 3628 4927 quarto
3654 4850 3797 4923 gradu

2264 4967 2358 5007 seu
2394 4961 2546 5021 parte
2584 4950 2963 5014 Geminorum,
3002 4950 3223 5019 penitus
3259 4950 3466 5018 ignoro.
3502 4947 3649 5001 Licet
3675 4943 3797 4998 enim

2265 5045 2462 5099 tabula:
2521 5041 2898 5098 astronomica:
2959 5041 3251 5110 insignium
3325 5040 3799 5094 mathematicorum

2266 5136 2454 5205 paucis
2506 5134 2718 5202 aliquot
2781 5134 3008 5188 minutis
3046 5132 3317 5187 dissidere
3379 5132 3587 5202 possint
3615 5148 3643 5183 a
3670 5127 3799 5188 meis,

2267 5226 2455 5279 multis
2485 5236 2664 5280 tamen
2699 5224 2962 5294 gradibus
2991 5224 3171 5278 nullae.
3203 5221 3365 5277 Certe
3397 5222 3543 5276 enim
3570 5233 3703 5273 anno
3725 5214 3801 5269 illo

2269 5315 2406 5370 1267
2456 5317 2537 5371 sol
2574 5316 2989 5386 ingrediebatur
3035 5315 3089 5368 in
3131 5316 3281 5384 signa
3314 5312 3529 5367 Zodiaci
3577 5304 3804 5365 diebus?!

2268 5417 2363 5462 aut
2410 5410 2473 5462 10
2506 5409 2671 5463 citius
2702 5425 2867 5479 quam
2912 5424 3060 5463 nunc
3104 5418 3228 5477 post
3276 5406 3665 5461 correctionem
3690 5399 3805 5455 Gre-

2267 5501 2548 5569 gorianam
2596 5502 2931 5556 Kalendarii.
2981 5500 3140 5556 Nunc
3173 5509 3356 5553 autem
3394 5497 3691 5567 ingreditur
3722 5492 3808 5546 Gr-

2268 5592 2449 5648 niinos
2478 5593 2568 5648 die
2596 5593 2667 5647 22
2695 5603 2789 5649 aut
2817 5595 2887 5649 25
2917 5595 3064 5649 Maii.
3101 5594 3242 5663 Ergo
3285 5601 3415 5647 tunc
3431 5590 3517 5643 die
3556 5588 3620 5641 15
3646 5594 3730 5638 aut
3756 5578 3809 5634 11

2269 5682 2509 5738 circiter.
2562 5685 2742 5755 Atque
2778 5685 2917 5740 adeo
2964 5685 3052 5740 die
3089 5685 3159 5740 25
3192 5683 3312 5738 Maii
3361 5691 3477 5738 erat
3507 5679 3617 5751 jam
3666 5676 3717 5729 in
3758 5670 3805 5725 ll

2270 5773 2357 5827 vel
2402 5774 2471 5829 12
2500 5775 2673 5844 gradu
2719 5776 3100 5832 Geminorum.
3412 5788 3417 5793 ‘
