4016 6542
264 339 397 404 ili)"

1571 337 2032 400 CliliONOLOG
2049 339 2246 400 lCUS.

3387 353 3521 413 119$

333 435 789 521 iiaactlleJiabcs,
812 455 1003 523 lector,
1025 456 1528 513 eruditissimorum
1552 456 1837 508 hominum
1873 464 1911 514 Α
1943 461 2180 520 quatuor
2229 459 2284 506 et
2335 451 2522 522 vigiui
2576 454 2715 522 patri
2768 455 3027 512 morienti
3077 461 3429 516 successisse.
3465 464 3524 519 Si

260 553 315 598 ct
375 551 755 615 priestantium
814 559 1256 604 astronamorum
1315 551 1460 605 circa
1514 550 1759 620 eclipsim
1812 565 1842 602 a

265 637 578 708 Nicephoro
603 642 841 710 Gregora
871 650 1226 696 memoratam
1270 641 1475 714 judicia
1520 651 1574 696 et
1621 640 1844 696 ratioci-

264 730 376 794 nia,
417 745 540 798 quae
576 741 780 784 tantam
813 734 931 803 ejus
975 735 1223 788 notitiam
1255 735 1608 804 suppeditant
1639 744 1843 802 quanta

263 820 442 887 optari
478 819 594 875 fere
647 833 847 890 potest,
897 833 1044 876 certe
1093 840 1215 892 qua:
1249 823 1467 878 abunde
1496 823 1730 878 sniIiciat
1776 825 1841 877 ad

265 927 426 964 usum
447 921 698 966 nostrum
734 913 1063 984 insigniendi
1097 917 1220 970 anni
1255 931 1364 986 quo
1391 915 1662 970 Germano
1689 918 1844 970 abdi-

261 1015 422 1058 caute
453 1005 726 1075 Josephus
760 1009 1070 1076 patriarcha
1101 1019 1184 1065 est
1253 1019 1491 1076 creatus,
1541 1019 1647 1065 tam
1686 1012 1845 1066 lucu-

258 1094 413 1151 lento
462 1096 803 1164 charactere,
838 1109 896 1152 ut
930 1101 984 1154 in
1035 1116 1103 1156 eo
1146 1117 1178 1156 a
1221 1102 1438 1158 caeteris
1479 1102 1842 1158 discernendo

259 1187 370 1241 labi
414 1187 680 1259 deinceps
713 1203 807 1246 aut
859 1193 943 1248 vel
980 1193 1218 1250 titubare
1249 1197 1537 1267 quisquam
1588 1208 1837 1268 nequeat.

849 1306 1080 1363 CAPUT
1118 1308 1256 1366 Vill.

260 1419 575 1495 Andronici,
617 1424 706 1495 qui
754 1421 1004 1475 Michaeli
1063 1424 1298 1493 Augusto
1344 1425 1742 1495 primogenitus.
1788 1427 1842 1479 in

336 1493 556 1559 imperio
589 1492 791 1574 college
824 1501 874 1546 et
899 1502 1012 1561 post
1038 1492 1161 1574 ejus
1189 1492 1386 1574 obitu-nt
1425 1492 1689 1574 successor
1719 1496 1840 1566 fuit,

331 1571 484 1624 a’tns,
530 1565 762 1633 conjugii
805 1573 854 1638 et
889 1566 1161 1618 evectionis
1206 1565 1274 1638 in
1299 1567 1576 1638 imperium
1618 1565 1840 1638 tempus,

330 1642 748 1704 ceterorumque
780 1635 894 1704 ejus
935 1643 1175 1688 actorum
1227 1636 1593 1707 chronologia.

330 1742 373 1796 ι.
430 1743 681 1797 Michaeli
713 1743 1014 1813 Palzeologo
1047 1745 1140 1814 qui
1194 1747 1459 1799 successit
1512 1746 1564 1800 in
1613 1748 1846 1816 imperio

266 1835 648 1901 Andronicus,
685 1841 870 1891 senior
894 1837 962 1891 ab
991 1839 1267 1892 historicis
1303 1841 1702 1908 posterioribus
1733 1839 1847 1893 dic—
1880 1863 1920 1917 Β

260 1940 350 1983 tus
379 1930 447 1983 ex
477 1931 892 1998 comparatione
927 1947 1052 1984 cum
1087 1931 1259 2000 ipsius
1288 1945 1486 2002 nepote
1529 1933 1845 1987 Andronico

254 2019 501 2090 juniore,
574 2019 660 2074 avi
740 2021 795 2074 in
864 2021 1096 2091 imperio
1143 2021 1372 2092 collega,
1420 2023 1636 2093 quicum
1686 2023 1846 2096 7,43

259 2129 456 2183 graves
485 2122 542 2167 et
579 2113 656 2167 rei
693 2113 950 2168 Romanae
998 2114 1494 2184 perniciosissimas
1524 2115 1846 2172 inimicitias

259 2207 534 2270 exercuit,
566 2207 620 2260 in
648 2206 1018 2260 Cantacuzeni
1050 2207 1352 2276 praesertim
1398 2207 1622 2262 historia
1654 2225 1850 2264 narra-

223 2357 226 2361 .
263 2309 367 2363 tas,
400 2297 486 2370 [P.
514 2298 643 2371 5‘26]
673 2298 1046 2366 Andronicus,
1069 2299 1312 2369 inquam,
1350 2299 1538 2354 senior
1568 2301 1848 2356 Michaelis

264 2390 554 2460 Palarologi
596 2389 797 2460 prioris
849 2390 1272 2462 primogenitus,
1311 2390 1529 2460 imperii
1557 2393 1762 2464 collega
1793 2403 1848 2448 et

262 2492 387 2550 post
414 2483 584 2552 patris
604 2494 841 2537 mortem
868 2498 1175 2547 successor,
1202 2483 1424 2553 quando
1442 2491 1604 2538 natus
1623 2485 1714 2546 sit,
1741 2500 1849 2554 qua

257 2582 422 2628 aetate
459 2589 683 2628 uxorem
736 2575 977 2638 duxerit,
1025 2590 1131 2645 quo
1157 2591 1305 2630 anno
1350 2577 1627 2646 particeps
1671 2576 1849 2632 factus

262 2667 433 2720 fuerit
465 2665 725 2736 Augustae
762 2666 1074 2737 potestatis,
1107 2667 1378 2722 incertum
1427 2667 1637 2725 faciunt
1684 2672 1849 2724 varite

260 2773 326 2812 ac
374 2759 516 2812 male
573 2759 720 2813 inter
765 2774 887 2813 sese
937 2759 1283 2813 cohaerentes
1325 2773 1451 2813 cum
1501 2759 1850 2831 Pachymeris

264 2861 381 2905 tum
407 2850 665 2922 Grcgora:
691 2861 746 2906 et
775 2852 1009 2906 aliorum
1040 2853 1134 2921 qui
1159 2851 1227 2906 de
1258 2851 1406 2906 illius
1430 2850 1594 2905 rebus
1615 2852 1851 2921 scripse-

267 2956 401 3000 runt
441 2947 848 3000 aﬂirmationes.
889 2947 1070 3011 Quare
1120 2960 1302 3015 operae
1336 2943 1580 3014 pretium
1640 2960 1728 3000 me
1770 2944 1853 2998 fa-

259 3047 480 3090 cturum
511 3038 699 3103 statui,
731 3037 775 3091 si
804 3037 1118 3092 evolvendaa
1148 3053 1215 3092 ex
1246 3036 1568 3106 ambagibus
1593 3044 1649 3090 et
1677 3046 1848 3096 certo,

259 3131 448 3200 quoad
483 3131 689 3198 licebit,
726 3131 1037 3199 digerendae
1083 3129 1280 3184 ordine
1327 3146 1509 3184 rerum
1541 3129 1718 3200 ipsius
1749 3129 1851 3183 hac

1945 544 2090 597 enim
2121 545 2166 597 is
2207 555 2359 614 patre
2406 546 2507 612 jam
2539 545 2867 616 imperante,
2894 557 2950 604 et
2991 552 3214 620 quidem
3245 557 3526 610 secundus

1948 645 2067 704 post
2117 636 2421 690 Manttelcm
2470 638 2522 690 in
2573 639 2802 694 infantia
2854 651 3165 710 mortuum,
3201 656 3364 702 natus
3417 659 3522 712 est,

1947 744 2072 782 cum
2111 729 2363 792 Michael,
2395 739 2454 782 ut
2479 739 2564 784 est
2595 731 3055 802 demonstratum,
3087 736 3356 806 imperare
3411 756 3525 794 cm-

1949 822 2090 889 perit
2142 821 2258 874 Kal.
2309 821 2538 874 Junuar.
2597 823 2725 877 anni
2787 826 2991 881 Christi
3037 828 3196 891 1260,
3232 831 3422 887 venire
3468 834 3522 886 in

1949 913 2128 966 lucem
2165 928 2272 966 non
2308 913 2484 981 potuit
2506 922 2632 966 ante
2654 928 2856 968 annum
2884 915 3085 973 Christi
3125 921 3275 986 tam,
3302 921 3519 993 imperii

1945 1002 2234 1074 Palaeologi
2295 1005 2638 1069 secundum;
2713 1014 2770 1061 et
2823 1023 3248 1080 consequenter,
3299 1021 3522 1084 quando

1946 1097 2091 1150 idem
2143 1098 2481 1170 Palasologus
2515 1099 2744 1154 Michael
2797 1116 2964 1169 anno,
2998 1115 3058 1158 ut
3101 1121 3221 1177 cap.
3265 1111 3518 1178 sequenti
3560 1129 3579 1172 ξ.
3647 1119 3650 1121 ’

1945 1190 2435 1258 demonstrabitur,
2471 1193 2677 1250 Christi
2711 1196 2852 1252 1282
2881 1209 3133 1255 mortuus
3166 1212 3270 1268 est,
3297 1202 3518 1258 Andro-

1945 1283 2102 1337 uicus
2131 1299 2240 1338 non
2275 1285 2382 1340 nisi
2427 1302 2701 1342 annorum
2745 1290 2915 1346 unius
2946 1300 3002 1346 et
3027 1292 3222 1363 viginti
3263 1308 3384 1348 esse
3422 1311 3519 1360 νος
3556 1279 3595 1323 (-

1947 1371 2162 1426 tuisset.
2217 1373 2432 1444 Pugnat
2473 1375 2526 1429 id
2571 1378 2737 1432 etiam
2789 1395 2917 1434 cum
2964 1395 3032 1437 eo
3073 1382 3219 1452 quod
3253 1382 3525 1450 Grcgoras

1945 1465 2140 1520 scribit
2198 1467 2236 1520 l.
2323 1467 2411 1534 IV,
2464 1485 2522 1538 p.
2571 1470 2660 1537 40,
2711 1472 3236 1536 Michaelem.'cum
3293 1478 3523 1532 solemni

1945 1572 2142 1627 pompa
2197 1559 2730 1632 Constantinopolim
2786 1580 2817 1619 a
2862 1569 2978 1619 suis
3031 1579 3411 1636 recuperatam
3444 1571 3527 1624 in-

1944 1665 2164 1717 gressus
2193 1662 2295 1715 est,
2318 1653 2693 1710 Andronicum
2725 1657 2896 1710 lilium
2939 1659 3050 1727 jam
3109 1669 3223 1713 tum
3256 1662 3522 1716 himulum

1945 1741 2166 1797 duxisse
2198 1761 2212 1798 :
2253 1745 2410 1798 Ἰἐναι
2448 1747 2583 1815 πρὸς
2612 1746 2710 1818 τὴν
2753 1748 3004 1818 βασιλίδα
3035 1751 3144 1802 τῶν
3174 1753 3381 1805 πόλεων
3407 1754 3526 1823 ἅμα
3571 1772 3575 1776 ·

1948 1837 2015 1905 τῇ
2049 1835 2270 1908 συζύγῳ
2303 1837 2564 1912 δεσποίνῃ
2588 1841 2682 1894 καὶ
2703 1841 2780 1909 τῷ
2812 1841 2912 1912 υἱῷ
2950 1844 3279 1914 Ἀνδρονίκῳ
3319 1847 3397 1915 τῷ
3419 1849 3524 1916 νέῳ

1952 1925 2169 1995 βασιλεί
2209 1928 2616 2000 δεύτερον-ἔτος
2663 1933 2854 2000 ἄγοντι
2891 1935 2990 2004 τῆς
3044 1936 3285 2005 ἡλικίας.
3315 1937 3528 1993 Certis-

1949 2021 2090 2075 simo
2144 2023 2292 2076 enim
2352 2024 2646 2079 statuimus
2698 2027 2956 2095 superius
3011 2026 3316 2096 ingressum
3363 2030 3528 2102 744

1950 2111 2271 2176 Michaelem
2308 2116 2668 2186 Palwologum
2719 2119 2912 2173 urbem
2959 2119 3124 2188 paulo
3173 2121 3325 2190 prius
3351 2139 3379 2176 a
3409 2124 3530 2178 suis

1949 2214 2165 2274 captam
2194 2206 2282 2260 die
2312 2207 2378 2261 15
2414 2207 2645 2277 Augusti
2674 2208 2803 2262 anni
2837 2208 3043 2262 Christi
3075 2212 3230 2275 1261,
3257 2227 3368 2281 quo
3392 2221 3530 2268 tetu-

1950 2313 2085 2367 pore
2116 2308 2173 2352 ut
2203 2299 2438 2354 duorum
2473 2315 2744 2354 annorum
2793 2317 2932 2370 puer
2961 2302 3310 2359 Andronicus
3341 2304 3528 2368 tuerit.
3591 2296 3601 2306 ’

1951 2390 2193 2458 oportuit
2214 2407 2339 2444 eum
2375 2401 2559 2446 natum
2587 2393 2781 2447 saltem
2810 2393 2972 2447 initio
2996 2395 3345 2450 anniChristi
3370 2397 3530 2454 1260.

1951 2482 2105 2548 Quod
2140 2483 2248 2537 dici
2285 2485 2499 2554 nequit,
2531 2500 2657 2538 cum
2685 2494 2813 2540 ante
2851 2487 3007 2540 illum
3041 2489 3186 2555 patri
3213 2489 3324 2558 jam
3354 2489 3528 2560 impe-

1951 2574 2098 2627 ranti
2150 2585 2310 2630 natus
2359 2575 2527 2632 fuerit
2572 2578 2976 2647 printogenitus
3023 2581 3162 2650 ejus,
3208 2581 3422 2636 Manus]
3477 2581 3534 2637 in

1951 2666 2108 2720 cunis
2139 2676 2410 2722 mortuus.
2445 2669 2776 2724 Necessaria
2813 2670 2983 2740 igitur
3012 2673 3362 2742 agnoscenda
3399 2676 3536 2744 πρό-

1953 2756 2120 2826 ληψις
2160 2767 2244 2812 est
2301 2759 2353 2812 in
2388 2760 2499 2814 illis
2555 2761 2739 2817 verbis
2787 2762 2879 2814 ὑπ’
2913 2763 3070 2833 ἀνδρὶ⁵
3093 2763 3171 2833 τῷ
3205 2763 3440 2832 βασιλεῖ,
3475 2775 3537 2820 ut

1953 2865 2301 2920 nequaquam
2331 2851 2620 2906 Theodora
2667 2853 2981 2923 signiﬁcare
3029 2855 3270 2928 yoluerit
3315 2871 3374 2911 se
3412 2857 3532 2912 viro

1953 2956 2054 2994 suo
2085 2943 2196 3012 jam
2247 2943 2540 3011 imperanti
2586 2945 2892 3000 Manuelem
2921 2958 2975 3001 et
3015 2946 3391 3001 Andronicum
3431 2963 3534 3017 pe-

1955 3034 2163 3102 perisse
2199 3053 2212 3090 :
2251 3034 2347 3088 sed
2400 3035 2828 3105 appellationem
2876 3037 3249 3107 imperatoris,
3285 3055 3408 3108 quae
3432 3054 3534 3094 suo

1959 3127 2154 3179 marito
2191 3135 2320 3181 tunc
2348 3142 2473 3182 cum
2501 3127 2591 3182 illa
2635 3131 2753 3183 haec
2804 3128 3024 3184 dicebat
3059 3131 3407 3196 conveniret,
3435 3133 3536 3186 tri-

262 3225 498 3278 historia
543 3233 967 3277 memoratarum
1012 3222 1383 3291 chronologia‘.
1431 3222 1629 3292 capitis
1680 3222 1846 3294 hujus
1880 3206 1924 3263 (ἶ
1959 3218 2167 3283 buisse,
2201 3218 2333 3273 licet
2365 3219 2454 3273 illa
2486 3235 2596 3274 non
2629 3220 2934 3290 pertineret
2967 3221 3036 3275 ad
3071 3221 3125 3276 id
3165 3229 3385 3292 tempus
3422 3238 3536 3294 quo

261 3330 488 3383 operam
522 3315 920 3383 impenderam.
958 3315 1137 3368 Prima
1165 3316 1412 3368 omnium
1445 3314 1737 3370 statuenda
1765 3324 1849 3370 est

262 3407 482 3475 cpocha
508 3407 705 3462 natalis
727 3407 1026 3462 Andronici
1055 3408 1240 3478 hujus,
1261 3399 1537 3476 perplexis
1561 3408 1849 3479 Pachyme-

264 3501 344 3554 ris
375 3509 431 3553 et
450 3500 704 3569 Gregora:
729 3501 1132 3556 assertionibus
1157 3510 1376 3554 nutans.
1408 3500 1615 3556 Scribit
1643 3501 1851 3573 Pachy—

262 3611 467 3660 meres,
512 3595 550 3649 l.
598 3610 679 3658 ιιι,
710 3595 821 3659 c.7,
850 3594 1194 3650 Theodoram
1238 3594 1519 3649 Michaelis
1562 3594 1847 3664 Palatologi

273 3703 525 3752 morem,
559 3703 687 3744 cum
721 3689 1081 3757 comperisset
1115 3687 1292 3740 virum
1325 3701 1484 3740 suum
1513 3687 1756 3757 cogitare
1781 3687 1851 3742 de

265 3797 326 3835 se
360 3780 702 3850 repudianda
729 3780 1159 3850 ascichndaque
1189 3780 1310 3834 loco
1332 3780 1451 3850 ejus
1479 3781 1531 3834 in
1559 3779 1849 3850 conjugem

263 3874 425 3924 Anna
447 3871 710 3924 Alamana
736 3869 962 3926 Joannis
991 3870 1224 3924 Batatzze
1249 3868 1378 3923 olim
1403 3870 1634 3940 Augusti
1661 3873 1848 3931 vidua,

261 3965 528 4034 graviter,
548 3972 609 4017 ut
631 3979 729 4034 par
747 3972 887 4030 erat,
917 3964 969 4018 id
991 3963 1282 4030 ferentem,
1307 3965 1684 4034 expostulasse
1700 3964 1849 4035 quod

262 4075 323 4112 se
357 4069 678 4113 coronatam
705 4056 817 4128 jam
849 4057 1150 4128 Augustam
1191 4059 1310 4113 sine
1339 4059 1448 4112 ulla
1475 4073 1639 4114 causa
1672 4058 1852 4128 impe-

264 4161 418 4203 rator
444 4149 610 4204 vellet
633 4150 937 4215 dimittere,
963 4159 1252 4221 postquam
1277 4151 1327 4206 ei
1352 4150 1464 4220 jam
1485 4150 1732 4222 Augusto
1758 4167 1853 4222 pe-

262 4243 502 4310 perisset
531 4241 696 4306 ﬁlios,
739 4244 978 4312 primum
1007 4242 1231 4312 quidem
1263 4242 1569 4298 Manuelem
1611 4243 1705 4313 qui
1741 4246 1850 4298 cito

267 4334 536 4404 perierat,
573 4335 774 4390 deinde
824 4351 957 4391 vero
1002 4336 1382 4391 Andronicum
1430 4335 1611 4390 adhuc
1655 4351 1849 4405 super-

260 4428 475 4491 stitem,
495 4443 656 4497 quem
682 4436 838 4498 pater
862 4429 1014 4498 regie
1044 4428 1344 4492 nutriebat,
1370 4427 1606 4496 denique
1629 4426 1848 4481 tertium

261 4527 556 4588 postquam
595 4519 650 4572 in
681 4520 873 4574 urbem
905 4519 1491 4588 Constantinopolime
1518 4518 1728 4574 Latinis
1755 4534 1846 4572 re-
1878 4556 1923 4610 Β

261 4619 482 4679 ceptam
513 4609 810 4679 imperator
841 4611 1196 4681 migraverat,
1235 4611 1346 4665 illic
1379 4611 1434 4663 in
1471 4626 1714 4680 purpura
1745 4626 1846 4664 na-

263 4711 384 4752 tum
415 4698 832 4754 Constantinum
860 4703 1104 4767 nomine,
1137 4711 1502 4771 cognomento
1531 4702 1848 4772 Porphyro-

257 4791 512 4860 genitum
545 4808 560 4845 :
598 4791 661 4842 'H
693 4791 901 4860 βασιλὶς
933 4791 1184 4862 Θεοδὼρα
1219 4791 1473 4860 χαλεπῶς
1515 4787 1661 4861 εἶχεν
1695 4796 1848 4858 ἐνέγ-

265 4902 390 4948 και,
433 4885 481 4936 εἰ
511 4885 770 4938 δέσποινα
801 4885 1113 4956 ἐστεμμένη
1146 4885 1277 4937 οὖσα
1310 4888 1401 4950 xui
1443 4888 1641 4955 γνησία
1684 4888 1844 4957 γυνὴ,

266 4977 362 5030 ὑπ’
387 4978 541 5048 ἀνδρί
569 4995 629 5031 τε
652 4978 730 5049 τῷ
760 4979 969 5049 βασιλεί
995 4979 1231 5032 τεκοῦσα
1259 4981 1475 5045 παῖδας,
1508 4982 1602 5032 καὶ
1627 4981 1847 5049 πρῶτον

219 5109 232 5118 ι
269 5076 374 5144 μὲν
403 5073 768 5145 ἀποιχόμενον
812 5074 994 5139 ἄλλον,
1027 5076 1117 5126 τὸν
1153 5074 1431 5143 Μανουὴλ,
1485 5070 1604 5125 εἶτα
1650 5073 1706 5124 δὲ
1758 5074 1852 5126 καὶ

257 5168 354 5220 τὸν
385 5170 645 5236 περιόντα
673 5167 1034 5238 Ἀνδρόνικον,
1067 5168 1125 5220 ὃν
1157 5169 1450 5238 βασιλικῶ,
1475 5169 1502 5220 ὁ
1527 5170 1707 5237 πειτὴρ
1730 5168 1853 5235 τρέ-

260 5277 380 5329 φοι.
413 5261 492 5315 Ex
523 5262 608 5314 his
655 5261 876 5315 videtur
906 5276 1064 5332 posse
1117 5262 1299 5332 colligi
1360 5262 1598 5316 sensisse
1648 5259 1856 5330 Pachy-

258 5369 472 5409 lnercm
524 5354 923 5418 Andronicum,
976 5355 1086 5408 imo
1133 5365 1189 5410 et
1223 5365 1490 5423 przetcrea
1545 5354 1852 5408 Manuelem

264 5450 426 5519 prius
475 5457 774 5511 mortuum,
821 5460 944 5517 post
971 5448 1168 5501 initum
1198 5463 1227 5500 a
1258 5448 1519 5502 Micltaele
1551 5447 1854 5514 Palwologo

261 5540 559 5607 imperium
592 5550 769 5602 natos,
801 5550 859 5591 ut
890 5540 968 5594 sic
1005 5540 1127 5592 illos
1161 5549 1335 5592 mater
1369 5553 1561 5590 eorum
1597 5535 1856 5590 Theodo-

261 5649 321 5686 ra
353 5632 594 5702 virojam
635 5632 951 5700 imperanti,
984 5631 1138 5700 ἀνδρὶ
1175 5631 1252 5699 τῷ
1287 5630 1518 5700 βασιλεῖ,
1557 5629 1854 5698 pepererit.

338 5723 400 5777 H.
448 5726 611 5794 Atqui
663 5724 768 5776 hoc
830 5723 1050 5793 quidem
1124 5731 1396 5792 repugnat
1454 5721 1557 5792 ipsi
1613 5721 1852 5790 primum

265 5814 590 5873 l’achvtneri
643 5814 942 5868 aitirmanti
1001 5811 1380 5869 Andronicum
1435 5825 1610 5865 annos
1664 5818 1853 5863 natum

1955 3311 2048 3364 illa
2080 3311 2387 3366 Manuclcm
2416 3324 2471 3366 et
2497 3312 2878 3368 Andronicum
2902 3314 3064 3369 enixa
3087 3314 3286 3369 fuerat.

2025 3404 2114 3457 lll.
2157 3403 2264 3458 Sed
2298 3405 2505 3475 aliquid
2533 3407 2742 3482 certius
2771 3407 2841 3461 de
2867 3423 3012 3461 anno
3038 3408 3203 3462 natali
3234 3407 3536 3462 Andronici

1953 3496 2191 3550 senioris
2248 3505 2493 3550 statuere
2531 3483 2721 3551 licebit
2751 3514 2817 3552 ex
2848 3507 3094 3568 tempore
3125 3499 3300 3569 ipsius
3330 3501 3537 3564 obitus,

1953 3589 2129 3643 sicubi
2177 3589 2309 3644 satis
2339 3599 2494 3643 certo
2538 3589 2592 3643 id
2643 3589 2934 3644 delin'tum
2984 3591 3230 3661 reperire
3282 3592 3538 3660 potueri-

1955 3697 2100 3734 mus.
2183 3680 2444 3750 Legimus
2515 3681 2662 3751 apud
2731 3681 2994 3737 Joannem
3083 3682 3535 3737 Cantacuzenum

1956 3776 2013 3845 (Ι.
2043 3791 2102 3836 n,
2137 3789 2187 3829 c.
2214 3775 2304 3839 28,
2340 3791 2394 3844 p.
2423 3774 2528 3827 228
2556 3774 2644 3828 ed.
2678 3775 2837 3846 Reg.)
2859 3775 3008 3829 hunc
3027 3775 3422 3842 Andronicum,
3443 3775 3538 3844 qui

1953 3865 2208 3918 abdicato
2241 3865 2476 3934 imperio
2514 3865 2690 3920 factus
2721 3865 3032 3919 monachus
3057 3865 3281 3919 AntOuii
3333 3880 3534 3920 nomen

1953 3967 2354 4027 assumpserat,
2393 3959 2448 4012 in
2497 3957 2836 4012 monasterio
2888 3969 3167 4022 mortuum
3209 3973 3333 4012 esse
3363 3973 3541 4010 mense

1956 4046 2274 4113 Februario,
2307 4050 2591 4103 indictione
2634 4050 2732 4114 15,
2768 4066 2912 4104 anno
2941 4051 3347 4120 quadragesimo
3375 4067 3540 4120 supra

1951 4143 2122 4195 sexies
2153 4140 2496 4195 millesimum
2519 4149 2568 4194 et
2597 4142 3112 4212 octingentesimum,
3145 4151 3335 4196 natum
3368 4159 3539 4196 annos

1953 4237 2298 4305 septuaginta
2339 4235 2492 4311 ciues.
2526 4235 2582 4290 Si
2613 4251 2680 4289 cx
2728 4250 2967 4290 numero
2992 4236 3133 4290 68w
3167 4251 3438 4290 annorum
3472 4236 3543 4289 7‘2

1953 4328 2142 4382 demas
2171 4343 2366 4390 annos,
2389 4328 2860 4396 supereritannus
2880 4343 3003 4382 aera:
3035 4327 3351 4382 Graecorum
3375 4328 3535 4386 6768.

1953 4437 2064 4492 quo
2091 4421 2262 4475 fuisse
2293 4430 2484 4475 natutn
2513 4424 2762 4490 oportuit
2810 4435 2939 4475 eum
2983 4420 3078 4489 qui
3121 4422 3286 4474 annis
3317 4418 3540 4472 duobus

1955 4512 2133 4581 major
2191 4512 2614 4582 septuagenario
2669 4526 2816 4566 anno
2855 4547 2858 4550 ~
2891 4511 3034 4565 6848
3105 4512 3251 4567 diem
3309 4511 3538 4566 obierit.

1957 4605 2041 4677 [Ρ.
2070 4604 2195 4678 527]
2226 4606 2318 4659 Est
2358 4605 2450 4659 hic
2490 4622 2670 4661 annus
2699 4606 2842 4660 6768
2875 4605 3065 4660 mundi
3125 4609 3278 4676 juxta
3321 4605 3543 4659 Graecos

1955 4699 2101 4753 idem
2156 4713 2320 4768 quem
2375 4715 2476 4753 nos
2529 4700 2584 4752 in
2651 4715 2758 4754 aera
2815 4699 3132 4753 Christiana
3179 4713 3541 4752 numeramus

1956 4792 2096 4844 i260
2118 4808 2132 4856 ;
2157 4792 2250 4860 qui
2284 4790 2408 4853 fuit,
2437 4803 2495 4844 ιιι
2520 4790 2780 4855 vidimus,
2819 4791 3031 4859 primus
3053 4790 3270 4858 imperii
3303 4789 3542 4842 Michae-

1955 4884 2043 4936 lis.
2074 4884 2205 4954 Ejus
2237 4884 2365 4937 anni
2400 4883 2672 4953 principio
2702 4883 2746 4937 si
2778 4883 2963 4936 editus
3000 4883 3052 4936 in
3101 4882 3280 4935 lucem
3317 4881 3538 4934 Andro-

1958 4981 2116 5030 nicus
2147 4987 2250 5042 est,
2289 4976 2493 5030 habere
2523 4978 2701 5030 locum
2747 4984 3029 5045 utcunque
3081 4985 3262 5044 potest
3295 4973 3442 5043 quod
3474 4989 3541 5029 ex

1957 5067 2197 5136 Gregora
2257 5068 2581 5128 retulimus,
2661 5082 2727 5120 eo
2780 5066 3012 5129 himulo,
3051 5067 3168 5119 sive
3231 5064 3536 5121 secundum

1957 5160 2136 5215 atatis
2159 5176 2364 5214 annum
2400 5170 2615 5230 agente,
2649 5159 2902 5229 δεύτερον
2932 5159 3051 5224 ἔτος
3088 5161 3274 5225 ἄγοντι
3299 5158 3541 5229 τῆςή).ι-

1959 5253 2108 5317 κίεις,
2147 5253 2444 5323 contigisse
2480 5254 2786 5322 ingressum
2840 5252 3230 5322 triumphalem
3261 5249 3544 5306 Michaelis

1959 5348 2080 5417 ejus
2117 5347 2288 5415 patris
2325 5347 2379 5398 in
2415 5345 2608 5398 urbem
2653 5345 2856 5414 regiam
2882 5345 3044 5414 paulo
3079 5353 3207 5398 ante
3231 5343 3300 5397 de
3331 5343 3543 5397 Latinis

1961 5451 2265 5508 receptum.
2303 5440 2408 5494 Sed
2449 5454 2557 5491 non
2591 5449 2766 5508 potest
2800 5454 2922 5492 cum
2963 5439 3065 5494 hoc
3087 5437 3367 5508 quadrare
3395 5439 3542 5507 quod

1962 5534 2158 5588 scribit
2189 5532 2557 5602 Pacltymcrcs
2611 5532 2664 5584 in
2718 5531 2955 5585 Historia
2988 5532 3198 5601 imperii
3234 5531 3544 5586 Andronici.

1962 5625 2000 5678 l.
2036 5641 2074 5686 ι,
2099 5640 2149 5676 c.
2173 5623 2223 5687 1,
2249 5638 2374 5676 cum
2411 5622 2633 5690 quando
2663 5623 2803 5690 patri
2840 5623 3130 5688 successit,
3171 5637 3346 5676 annos
3367 5621 3545 5675 aetatis

1965 5729 2288 5768 numerasse
2350 5724 2589 5783 quatuor
2644 5729 2811 5784 supra
2843 5714 3058 5784 viginti.
3087 5713 3258 5769 V'erha
3302 5720 3434 5767 sunt
3474 5712 3548 5766 de

1967 5808 2057 5862 illo
2104 5805 2453 5878 l‘achymeris
2508 5807 2626 5864 hac
2685 5806 2803 5878 ipsa
2835 5825 2850 5866 :
2884 5807 2927 5860 Τ
2933 5808 2976 5878 ᾧ
3006 5825 3090 5862 τοι
3131 5810 3226 5863 καὶ
3252 5807 3372 5875 νέος
3409 5805 3484 5860 ὦν
3520 5810 3547 5861 6
