  <div class='ocr_page' id='page_1' title='image "/cluster/home/n/w/nwhite01/storage/ocr_20150623/143/hvd.32044019208321/647.png"; bbox 0 0 4016 6536; ppageno 0'>
   <div class='ocr_carea' id='block_1_1' title="bbox 539 350 677 417">
    <p class='ocr_par' dir='ltr' id='par_1_1' title="bbox 539 350 677 417">
     <span class='ocr_line' id='line_1_1' title="bbox 539 350 677 417; baseline -0.014 0"><span class='ocrx_word' id='word_1_1' title='bbox 539 350 677 417; x_wconf 70' lang='grc'>1199</span> 
     </span>
    </p>
   </div>
   <div class='ocr_carea' id='block_1_2' title="bbox 1462 348 2896 418">
    <p class='ocr_par' dir='ltr' id='par_1_2' title="bbox 1462 348 2896 418">
     <span class='ocr_line' id='line_1_2' title="bbox 1462 348 2896 418; baseline 0.005 -7"><span class='ocrx_word' id='word_1_2' title='bbox 1462 352 1526 413; x_wconf 88' lang='grc' dir='ltr'><strong>Ρ.</strong></span> <span class='ocrx_word' id='word_1_3' title='bbox 1571 348 1872 412; x_wconf 87' lang='lat' dir='ltr'><strong>POSSINl</strong></span> <span class='ocrx_word' id='word_1_4' title='bbox 1905 351 2560 413; x_wconf 69' lang='lat' dir='ltr'><strong>OBSERVATIUNUM</strong></span> <span class='ocrx_word' id='word_1_5' title='bbox 2587 354 2734 414; x_wconf 85' lang='lat' dir='ltr'><strong>LIB.</strong></span> <span class='ocrx_word' id='word_1_6' title='bbox 2777 354 2896 418; x_wconf 81' lang='lat' dir='ltr'><strong>III.</strong></span> 
     </span>
    </p>
   </div>
   <div class='ocr_carea' id='block_1_3' title="bbox 3644 335 3873 426">
    <p class='ocr_par' dir='ltr' id='par_1_3' title="bbox 3644 335 3873 426">
     <span class='ocr_line' id='line_1_3' title="bbox 3644 335 3873 426; baseline -0.013 0"><span class='ocrx_word' id='word_1_7' title='bbox 3644 335 3873 426; x_wconf 76' lang='lat'><strong>1200&#39;</strong></span> 
     </span>
    </p>
   </div>
   <div class='ocr_carea' id='block_1_4' title="bbox 536 464 2088 545">
    <p class='ocr_par' dir='ltr' id='par_1_4' title="bbox 536 464 2088 539">
     <span class='ocr_line' id='line_1_4' title="bbox 536 464 2088 539; baseline -0.007 -16"><span class='ocrx_word' id='word_1_8' title='bbox 536 468 883 539; x_wconf 62' lang='grc' dir='ltr'><strong>ὑπολειφῦεὲς</strong></span> <span class='ocrx_word' id='word_1_9' title='bbox 930 466 1205 536; x_wconf 73' lang='grc' dir='ltr'><strong>βασιλεὺς,</strong></span> <span class='ocrx_word' id='word_1_10' title='bbox 1250 464 1344 536; x_wconf 81' lang='grc' dir='ltr'><strong>ἔτη</strong></span> <span class='ocrx_word' id='word_1_11' title='bbox 1405 464 1648 534; x_wconf 75' lang='grc' dir='ltr'><strong>γεγονὼς</strong></span> <span class='ocrx_word' id='word_1_12' title='bbox 1685 469 1930 535; x_wconf 81' lang='grc' dir='ltr'><strong>τέσσαρα</strong></span> <span class='ocrx_word' id='word_1_13' title='bbox 1973 464 2088 536; x_wconf 72' lang='grc' dir='ltr'><strong>πρὸ.</strong></span> 
     </span>
    </p>
   </div>
   <div class='ocr_carea' id='block_1_5' title="bbox 2194 464 3796 545">
    <p class='ocr_par' dir='ltr' id='par_1_5' title="bbox 2215 466 3796 545">
     <span class='ocr_line' id='line_1_5' title="bbox 2215 466 3796 545; baseline 0.009 -28"><span class='ocrx_word' id='word_1_14' title='bbox 2215 480 2335 518; x_wconf 88' lang='lat' dir='ltr'><strong>rum</strong></span> <span class='ocrx_word' id='word_1_15' title='bbox 2390 466 2519 521; x_wconf 74' lang='lat' dir='ltr'><strong>vitae</strong></span> <span class='ocrx_word' id='word_1_16' title='bbox 2575 467 2770 537; x_wconf 86' lang='lat' dir='ltr'><strong>ipsius.</strong></span> <span class='ocrx_word' id='word_1_17' title='bbox 2808 477 2866 523; x_wconf 93' lang='lat' dir='ltr'><strong>ut</strong></span> <span class='ocrx_word' id='word_1_18' title='bbox 2897 470 3118 541; x_wconf 89' lang='lat' dir='ltr'><strong>scripsit</strong></span> <span class='ocrx_word' id='word_1_19' title='bbox 3150 472 3442 545; x_wconf 86' lang='lat' dir='ltr'><strong>Gregoras,</strong></span> <span class='ocrx_word' id='word_1_20' title='bbox 3480 478 3645 532; x_wconf 87' lang='lat' dir='ltr'><strong>tacite</strong></span> <span class='ocrx_word' id='word_1_21' title='bbox 3702 478 3796 533; x_wconf 91' lang='lat' dir='ltr'><strong>hic</strong></span> 
     </span>
    </p>
   </div>
   <div class='ocr_carea' id='block_1_6' title="bbox 530 557 2104 629">
    <p class='ocr_par' dir='ltr' id='par_1_6' title="bbox 530 557 2104 629">
     <span class='ocr_line' id='line_1_6' title="bbox 530 557 2104 629; baseline 0 -18"><span class='ocrx_word' id='word_1_22' title='bbox 530 566 644 626; x_wconf 77' lang='grc' dir='ltr'><strong>τοῖς</strong></span> <span class='ocrx_word' id='word_1_23' title='bbox 694 564 870 614; x_wconf 67' lang='grc' dir='ltr'><strong>εἴκοςι</strong></span> <span class='ocrx_word' id='word_1_24' title='bbox 918 560 1361 629; x_wconf 70' lang='grc' dir='ltr'><strong>τηνικάδε.Ν3ηὶ</strong></span> <span class='ocrx_word' id='word_1_25' title='bbox 1421 575 1545 614; x_wconf 92' lang='lat' dir='ltr'><strong>cum</strong></span> <span class='ocrx_word' id='word_1_26' title='bbox 1602 560 1671 614; x_wconf 86' lang='lat' dir='ltr'><strong>ab</strong></span> <span class='ocrx_word' id='word_1_27' title='bbox 1720 575 1866 615; x_wconf 88' lang='lat' dir='ltr'><strong>anno</strong></span> <span class='ocrx_word' id='word_1_28' title='bbox 1899 557 2104 614; x_wconf 93' lang='lat' dir='ltr'><strong>Christi</strong></span> 
     </span>
    </p>
   </div>
   <div class='ocr_carea' id='block_1_7' title="bbox 536 652 2100 723">
    <p class='ocr_par' dir='ltr' id='par_1_7' title="bbox 536 652 2100 723">
     <span class='ocr_line' id='line_1_7' title="bbox 536 652 2100 723; baseline -0.004 -14"><span class='ocrx_word' id='word_1_29' title='bbox 536 657 672 709; x_wconf 73' lang='lat'><strong>1260</strong></span> <span class='ocrx_word' id='word_1_30' title='bbox 697 656 761 709; x_wconf 90' lang='lat' dir='ltr'><strong>ad</strong></span> <span class='ocrx_word' id='word_1_31' title='bbox 803 654 960 713; x_wconf 71' lang='lat'><strong>1282,</strong></span> <span class='ocrx_word' id='word_1_32' title='bbox 1003 668 1236 723; x_wconf 89' lang='lat' dir='ltr'><strong>quorum</strong></span> <span class='ocrx_word' id='word_1_33' title='bbox 1270 653 1443 723; x_wconf 83' lang='lat' dir='ltr'><strong>priori</strong></span> <span class='ocrx_word' id='word_1_34' title='bbox 1514 655 1746 722; x_wconf 76' lang='lat' dir='ltr'><strong>coepisse</strong></span> <span class='ocrx_word' id='word_1_35' title='bbox 1804 652 2100 721; x_wconf 91' lang='lat' dir='ltr'><strong>imperare,</strong></span> 
     </span>
    </p>
   </div>
   <div class='ocr_carea' id='block_1_8' title="bbox 532 744 2103 820">
    <p class='ocr_par' dir='ltr' id='par_1_8' title="bbox 532 744 2103 820">
     <span class='ocr_line' id='line_1_8' title="bbox 532 744 2103 820; baseline -0.004 -16"><span class='ocrx_word' id='word_1_36' title='bbox 532 749 821 820; x_wconf 79' lang='lat' dir='ltr'><strong>poSteriori</strong></span> <span class='ocrx_word' id='word_1_37' title='bbox 878 748 1083 801; x_wconf 84' lang='lat' dir='ltr'><strong>obiisse</strong></span> <span class='ocrx_word' id='word_1_38' title='bbox 1148 745 1465 800; x_wconf 81' lang='lat' dir='ltr'><strong>Michaelem</strong></span> <span class='ocrx_word' id='word_1_39' title='bbox 1516 744 1885 813; x_wconf 66' lang='lat' dir='ltr'><strong>Palaeologum</strong></span> <span class='ocrx_word' id='word_1_40' title='bbox 1948 752 2103 797; x_wconf 89' lang='lat' dir='ltr'><strong>certo</strong></span> 
     </span>
    </p>
   </div>
   <div class='ocr_carea' id='block_1_9' title="bbox 531 833 2103 904">
    <p class='ocr_par' dir='ltr' id='par_1_9' title="bbox 531 833 2103 904">
     <span class='ocr_line' id='line_1_9' title="bbox 531 833 2103 904; baseline -0.004 -10"><span class='ocrx_word' id='word_1_41' title='bbox 531 840 1052 904; x_wconf 77' lang='lat' dir='ltr'><strong>demonstravimus,</strong></span> <span class='ocrx_word' id='word_1_42' title='bbox 1081 833 1433 892; x_wconf 84' lang='lat' dir='ltr'><strong>manifestum</strong></span> <span class='ocrx_word' id='word_1_43' title='bbox 1457 837 1528 891; x_wconf 81' lang='lat' dir='ltr'><strong>sit</strong></span> <span class='ocrx_word' id='word_1_44' title='bbox 1559 836 1902 890; x_wconf 89' lang='lat' dir='ltr'><strong>intercedere</strong></span> <span class='ocrx_word' id='word_1_45' title='bbox 1930 850 2103 888; x_wconf 89' lang='lat' dir='ltr'><strong>annos</strong></span> 
     </span>
    </p>
   </div>
   <div class='ocr_carea' id='block_1_10' title="bbox 530 928 2101 1000">
    <p class='ocr_par' dir='ltr' id='par_1_10' title="bbox 530 928 2101 1000">
     <span class='ocr_line' id='line_1_10' title="bbox 530 928 2101 1000; baseline -0.004 -14"><span class='ocrx_word' id='word_1_46' title='bbox 530 936 797 988; x_wconf 75' lang='lat' dir='ltr'><strong>duntaxat</strong></span> <span class='ocrx_word' id='word_1_47' title='bbox 863 933 1002 986; x_wconf 87' lang='lat' dir='ltr'><strong>duos</strong></span> <span class='ocrx_word' id='word_1_48' title='bbox 1062 941 1119 985; x_wconf 88' lang='lat' dir='ltr'><strong>et</strong></span> <span class='ocrx_word' id='word_1_49' title='bbox 1167 930 1396 1000; x_wconf 88' lang='lat' dir='ltr'><strong>viginti,</strong></span> <span class='ocrx_word' id='word_1_50' title='bbox 1463 939 1610 998; x_wconf 86' lang='lat' dir='ltr'><strong>patet</strong></span> <span class='ocrx_word' id='word_1_51' title='bbox 1668 928 2101 997; x_wconf 88' lang='lat' dir='ltr'><strong>promovendum</strong></span> 
     </span>
    </p>
   </div>
   <div class='ocr_carea' id='block_1_11' title="bbox 531 1020 2103 1081">
    <p class='ocr_par' dir='ltr' id='par_1_11' title="bbox 531 1020 2103 1081">
     <span class='ocr_line' id='line_1_11' title="bbox 531 1020 2103 1081; baseline -0.003 -4"><span class='ocrx_word' id='word_1_52' title='bbox 531 1026 762 1081; x_wconf 79' lang='lat' dir='ltr'><strong>ulterius</strong></span> <span class='ocrx_word' id='word_1_53' title='bbox 786 1034 900 1080; x_wconf 89' lang='lat' dir='ltr'><strong>toto</strong></span> <span class='ocrx_word' id='word_1_54' title='bbox 925 1024 1146 1077; x_wconf 87' lang='lat' dir='ltr'><strong>biennio</strong></span> <span class='ocrx_word' id='word_1_55' title='bbox 1184 1023 1419 1077; x_wconf 88' lang='lat' dir='ltr'><strong>natalem</strong></span> <span class='ocrx_word' id='word_1_56' title='bbox 1450 1021 1751 1076; x_wconf 83' lang='lat' dir='ltr'><strong>Andronici</strong></span> <span class='ocrx_word' id='word_1_57' title='bbox 1791 1020 2103 1074; x_wconf 83' lang='lat' dir='ltr'><strong>necessario</strong></span> 
     </span>
    </p>
   </div>
   <div class='ocr_carea' id='block_1_12' title="bbox 527 1110 2099 1187">
    <p class='ocr_par' dir='ltr' id='par_1_12' title="bbox 527 1110 2099 1187">
     <span class='ocr_line' id='line_1_12' title="bbox 527 1110 2099 1187; baseline -0.006 -13"><span class='ocrx_word' id='word_1_58' title='bbox 527 1135 673 1185; x_wconf 88' lang='lat' dir='ltr'><strong>esse,</strong></span> <span class='ocrx_word' id='word_1_59' title='bbox 701 1119 748 1173; x_wconf 89' lang='lat' dir='ltr'><strong>si</strong></span> <span class='ocrx_word' id='word_1_60' title='bbox 792 1132 919 1172; x_wconf 87' lang='lat' dir='ltr'><strong>vera</strong></span> <span class='ocrx_word' id='word_1_61' title='bbox 972 1117 1037 1171; x_wconf 82' lang='lat' dir='ltr'><strong>de</strong></span> <span class='ocrx_word' id='word_1_62' title='bbox 1073 1116 1267 1187; x_wconf 87' lang='lat' dir='ltr'><strong>ipsius,</strong></span> <span class='ocrx_word' id='word_1_63' title='bbox 1298 1113 1518 1184; x_wconf 84' lang='lat' dir='ltr'><strong>quando</strong></span> <span class='ocrx_word' id='word_1_64' title='bbox 1561 1110 1855 1182; x_wconf 78' lang='lat' dir='ltr'><strong>capessivit</strong></span> <span class='ocrx_word' id='word_1_65' title='bbox 1884 1111 2099 1181; x_wconf 89' lang='lat' dir='ltr'><strong>imperii</strong></span> 
     </span>
    </p>
   </div>
   <div class='ocr_carea' id='block_1_13' title="bbox 526 1200 2098 1277">
    <p class='ocr_par' dir='ltr' id='par_1_13' title="bbox 526 1200 2098 1277">
     <span class='ocr_line' id='line_1_13' title="bbox 526 1200 2098 1277; baseline -0.009 -8"><span class='ocrx_word' id='word_1_66' title='bbox 526 1213 770 1269; x_wconf 79' lang='lat' dir='ltr'><strong>habenas</strong></span> <span class='ocrx_word' id='word_1_67' title='bbox 821 1211 991 1273; x_wconf 91' lang='lat' dir='ltr'><strong>solus,</strong></span> <span class='ocrx_word' id='word_1_68' title='bbox 1034 1218 1193 1263; x_wconf 79' lang='lat' dir='ltr'><strong>aetate</strong></span> <span class='ocrx_word' id='word_1_69' title='bbox 1236 1200 1596 1277; x_wconf 27' lang='lat' dir='ltr'><strong>Pachyni-eros</strong></span> <span class='ocrx_word' id='word_1_70' title='bbox 1636 1206 1938 1274; x_wconf 79' lang='lat' dir='ltr'><strong>scripserit.</strong></span> <span class='ocrx_word' id='word_1_71' title='bbox 1963 1203 2098 1257; x_wconf 87' lang='lat' dir='ltr'><strong>Nam</strong></span> 
     </span>
    </p>
   </div>
   <div class='ocr_carea' id='block_1_14' title="bbox 434 1297 2100 1375">
    <p class='ocr_par' dir='ltr' id='par_1_14' title="bbox 434 1297 2100 1375">
     <span class='ocr_line' id='line_1_14' title="bbox 434 1297 2100 1375; baseline -0.007 -15"><span class='ocrx_word' id='word_1_72' title='bbox 434 1322 438 1326; x_wconf 68' lang='lat'>‘</span> <span class='ocrx_word' id='word_1_73' title='bbox 526 1304 672 1375; x_wconf 78' lang='lat' dir='ltr'><strong>quod</strong></span> <span class='ocrx_word' id='word_1_74' title='bbox 708 1303 853 1358; x_wconf 91' lang='lat' dir='ltr'><strong>idem</strong></span> <span class='ocrx_word' id='word_1_75' title='bbox 891 1317 942 1356; x_wconf 91' lang='lat' dir='ltr'><strong>c.</strong></span> <span class='ocrx_word' id='word_1_76' title='bbox 975 1301 1075 1355; x_wconf 90' lang='lat' dir='ltr'><strong>ult.</strong></span> <span class='ocrx_word' id='word_1_77' title='bbox 1103 1300 1140 1353; x_wconf 92' lang='lat' dir='ltr'><strong>I.</strong></span> <span class='ocrx_word' id='word_1_78' title='bbox 1178 1315 1251 1362; x_wconf 82' lang='lat' dir='ltr'><strong>vi,</strong></span> <span class='ocrx_word' id='word_1_79' title='bbox 1286 1299 1451 1367; x_wconf 92' lang='lat' dir='ltr'><strong>hujus</strong></span> <span class='ocrx_word' id='word_1_80' title='bbox 1495 1314 1658 1367; x_wconf 87' lang='lat' dir='ltr'><strong>quam</strong></span> <span class='ocrx_word' id='word_1_81' title='bbox 1701 1313 1843 1350; x_wconf 89' lang='lat' dir='ltr'><strong>nunc</strong></span> <span class='ocrx_word' id='word_1_82' title='bbox 1882 1297 2100 1350; x_wconf 89' lang='lat' dir='ltr'><strong>edimus</strong></span> 
     </span>
    </p>
   </div>
   <div class='ocr_carea' id='block_1_15' title="bbox 524 1391 2097 1458">
    <p class='ocr_par' dir='ltr' id='par_1_15' title="bbox 524 1391 2097 1458">
     <span class='ocr_line' id='line_1_15' title="bbox 524 1391 2097 1458; baseline -0.006 -6"><span class='ocrx_word' id='word_1_83' title='bbox 524 1398 781 1452; x_wconf 73' lang='lat' dir='ltr'><strong>Historiae</strong></span> <span class='ocrx_word' id='word_1_84' title='bbox 830 1394 1147 1449; x_wconf 86' lang='lat' dir='ltr'><strong>Michaelem</strong></span> <span class='ocrx_word' id='word_1_85' title='bbox 1182 1392 1543 1458; x_wconf 61' lang='lat' dir='ltr'><strong>Palicologum</strong></span> <span class='ocrx_word' id='word_1_86' title='bbox 1588 1391 1755 1444; x_wconf 87' lang='lat' dir='ltr'><strong>tradit</strong></span> <span class='ocrx_word' id='word_1_87' title='bbox 1795 1392 2097 1456; x_wconf 73' lang='lat' dir='ltr'><strong>imperasse</strong></span> 
     </span>
    </p>
   </div>
   <div class='ocr_carea' id='block_1_16' title="bbox 522 1481 2099 1557">
    <p class='ocr_par' dir='ltr' id='par_1_16' title="bbox 522 1481 2099 1557">
     <span class='ocr_line' id='line_1_16' title="bbox 522 1481 2099 1557; baseline -0.008 -11"><span class='ocrx_word' id='word_1_88' title='bbox 522 1491 685 1546; x_wconf 90' lang='lat' dir='ltr'><strong>annis</strong></span> <span class='ocrx_word' id='word_1_89' title='bbox 731 1488 923 1557; x_wconf 81' lang='lat' dir='ltr'><strong>viginti</strong></span> <span class='ocrx_word' id='word_1_90' title='bbox 956 1495 1220 1557; x_wconf 82' lang='lat' dir='ltr'><strong>quatuor,</strong></span> <span class='ocrx_word' id='word_1_91' title='bbox 1249 1484 1654 1537; x_wconf 85' lang='lat' dir='ltr'><strong>accommodari</strong></span> <span class='ocrx_word' id='word_1_92' title='bbox 1695 1484 1832 1536; x_wconf 79' lang='lat' dir='ltr'><strong>forte</strong></span> <span class='ocrx_word' id='word_1_93' title='bbox 1860 1481 1928 1535; x_wconf 91' lang='lat' dir='ltr'><strong>ad</strong></span> <span class='ocrx_word' id='word_1_94' title='bbox 1957 1482 2099 1534; x_wconf 76' lang='lat' dir='ltr'><strong>\eri-</strong></span> 
     </span>
    </p>
   </div>
   <div class='ocr_carea' id='block_1_17' title="bbox 524 1576 2094 1652">
    <p class='ocr_par' dir='ltr' id='par_1_17' title="bbox 524 1576 2094 1652">
     <span class='ocr_line' id='line_1_17' title="bbox 524 1576 2094 1652; baseline -0.008 -13"><span class='ocrx_word' id='word_1_95' title='bbox 524 1595 692 1640; x_wconf 87' lang='lat' dir='ltr'><strong>tatem</strong></span> <span class='ocrx_word' id='word_1_96' title='bbox 749 1584 799 1637; x_wconf 91' lang='lat' dir='ltr'><strong>id</strong></span> <span class='ocrx_word' id='word_1_97' title='bbox 847 1589 1031 1652; x_wconf 88' lang='lat' dir='ltr'><strong>posset</strong></span> <span class='ocrx_word' id='word_1_98' title='bbox 1070 1578 1154 1632; x_wconf 88' lang='lat' dir='ltr'><strong>vel</strong></span> <span class='ocrx_word' id='word_1_99' title='bbox 1189 1593 1253 1632; x_wconf 90' lang='lat' dir='ltr'><strong>ea</strong></span> <span class='ocrx_word' id='word_1_100' title='bbox 1294 1579 1504 1632; x_wconf 87' lang='lat' dir='ltr'><strong>ratione</strong></span> <span class='ocrx_word' id='word_1_101' title='bbox 1538 1592 1700 1646; x_wconf 88' lang='lat' dir='ltr'><strong>quam</strong></span> <span class='ocrx_word' id='word_1_102' title='bbox 1733 1576 2094 1637; x_wconf 76' lang='lat' dir='ltr'><strong>disseremus,</strong></span> 
     </span>
    </p>
   </div>
   <div class='ocr_carea' id='block_1_18' title="bbox 522 1668 2097 1747">
    <p class='ocr_par' dir='ltr' id='par_1_18' title="bbox 522 1668 2097 1747">
     <span class='ocr_line' id='line_1_18' title="bbox 522 1668 2097 1747; baseline -0.009 -15"><span class='ocrx_word' id='word_1_103' title='bbox 522 1695 572 1732; x_wconf 93' lang='lat' dir='ltr'><strong>c.</strong></span> <span class='ocrx_word' id='word_1_104' title='bbox 603 1693 685 1747; x_wconf 87' lang='lat' dir='ltr'><strong>sq.</strong></span> <span class='ocrx_word' id='word_1_105' title='bbox 712 1693 767 1729; x_wconf 91' lang='lat' dir='ltr'><strong>n.</strong></span> <span class='ocrx_word' id='word_1_106' title='bbox 814 1675 869 1739; x_wconf 80' lang='grc'><strong>5,</strong></span> <span class='ocrx_word' id='word_1_107' title='bbox 908 1673 993 1726; x_wconf 89' lang='lat' dir='ltr'><strong>vel</strong></span> <span class='ocrx_word' id='word_1_108' title='bbox 1040 1670 1396 1740; x_wconf 82' lang='lat' dir='ltr'><strong>intelligendo</strong></span> <span class='ocrx_word' id='word_1_109' title='bbox 1436 1676 1785 1722; x_wconf 90' lang='lat' dir='ltr'><strong>numeratum</strong></span> <span class='ocrx_word' id='word_1_110' title='bbox 1821 1668 1933 1721; x_wconf 82' lang='lat' dir='ltr'><strong>illic</strong></span> <span class='ocrx_word' id='word_1_111' title='bbox 1976 1668 2097 1737; x_wconf 88' lang='lat' dir='ltr'><strong>ejus</strong></span> 
     </span>
    </p>
   </div>
   <div class='ocr_carea' id='block_1_19' title="bbox 522 1758 2095 1835">
    <p class='ocr_par' dir='ltr' id='par_1_19' title="bbox 522 1758 2095 1835">
     <span class='ocr_line' id='line_1_19' title="bbox 522 1758 2095 1835; baseline -0.007 -14"><span class='ocrx_word' id='word_1_112' title='bbox 522 1767 815 1835; x_wconf 86' lang='lat' dir='ltr'><strong>imperium</strong></span> <span class='ocrx_word' id='word_1_113' title='bbox 848 1762 916 1817; x_wconf 89' lang='lat' dir='ltr'><strong>ab</strong></span> <span class='ocrx_word' id='word_1_114' title='bbox 945 1763 1064 1833; x_wconf 86' lang='lat' dir='ltr'><strong>ejus</strong></span> <span class='ocrx_word' id='word_1_115' title='bbox 1096 1760 1301 1815; x_wconf 88' lang='lat' dir='ltr'><strong>celebri</strong></span> <span class='ocrx_word' id='word_1_116' title='bbox 1328 1758 1682 1829; x_wconf 64' lang='lat' dir='ltr'><strong>prmdictirme</strong></span> <span class='ocrx_word' id='word_1_117' title='bbox 1722 1775 1885 1828; x_wconf 85' lang='lat' dir='ltr'><strong>quam</strong></span> <span class='ocrx_word' id='word_1_118' title='bbox 1921 1758 2095 1812; x_wconf 84' lang='lat' dir='ltr'><strong>Thes-</strong></span> 
     </span>
    </p>
   </div>
   <div class='ocr_carea' id='block_1_20' title="bbox 522 1852 2092 1923">
    <p class='ocr_par' dir='ltr' id='par_1_20' title="bbox 522 1852 2092 1923">
     <span class='ocr_line' id='line_1_20' title="bbox 522 1852 2092 1923; baseline -0.005 -9"><span class='ocrx_word' id='word_1_119' title='bbox 522 1859 779 1914; x_wconf 64' lang='lat' dir='ltr'><strong>salonicae</strong></span> <span class='ocrx_word' id='word_1_120' title='bbox 825 1856 1049 1911; x_wconf 84' lang='lat' dir='ltr'><strong>biennio</strong></span> <span class='ocrx_word' id='word_1_121' title='bbox 1076 1863 1201 1909; x_wconf 86' lang='lat' dir='ltr'><strong>ante</strong></span> <span class='ocrx_word' id='word_1_122' title='bbox 1231 1863 1542 1923; x_wconf 87' lang='lat' dir='ltr'><strong>acceperat,</strong></span> <span class='ocrx_word' id='word_1_123' title='bbox 1577 1868 1713 1906; x_wconf 89' lang='lat' dir='ltr'><strong>voce</strong></span> <span class='ocrx_word' id='word_1_124' title='bbox 1763 1852 1993 1923; x_wconf 77' lang='lat' dir='ltr'><strong>Marpou</strong></span> <span class='ocrx_word' id='word_1_125' title='bbox 2022 1852 2092 1906; x_wconf 91' lang='lat' dir='ltr'><strong>de</strong></span> 
     </span>
    </p>
   </div>
   <div class='ocr_carea' id='block_1_21' title="bbox 523 1942 2095 2012">
    <p class='ocr_par' dir='ltr' id='par_1_21' title="bbox 523 1942 2095 2012">
     <span class='ocr_line' id='line_1_21' title="bbox 523 1942 2095 2012; baseline -0.007 -7"><span class='ocrx_word' id='word_1_126' title='bbox 523 1953 666 2007; x_wconf 73' lang='lat' dir='ltr'><strong>cmlo</strong></span> <span class='ocrx_word' id='word_1_127' title='bbox 695 1951 882 2012; x_wconf 81' lang='lat' dir='ltr'><strong>inissa,</strong></span> <span class='ocrx_word' id='word_1_128' title='bbox 911 1957 969 2001; x_wconf 91' lang='lat' dir='ltr'><strong>ut</strong></span> <span class='ocrx_word' id='word_1_129' title='bbox 998 1956 1254 2000; x_wconf 82' lang='lat' dir='ltr'><strong>narratur</strong></span> <span class='ocrx_word' id='word_1_130' title='bbox 1276 1946 1314 1998; x_wconf 92' lang='lat' dir='ltr'><strong>l.</strong></span> <span class='ocrx_word' id='word_1_131' title='bbox 1349 1959 1454 2009; x_wconf 85' lang='lat' dir='ltr'><strong>t,c.</strong></span> <span class='ocrx_word' id='word_1_132' title='bbox 1491 1945 1546 1998; x_wconf 86' lang='lat' dir='ltr'><strong>ll</strong></span> <span class='ocrx_word' id='word_1_133' title='bbox 1575 1962 1589 2009; x_wconf 86' lang='lat'><strong>;</strong></span> <span class='ocrx_word' id='word_1_134' title='bbox 1622 1942 1716 1996; x_wconf 88' lang='lat' dir='ltr'><strong>sed</strong></span> <span class='ocrx_word' id='word_1_135' title='bbox 1743 1943 1844 1997; x_wconf 91' lang='lat' dir='ltr'><strong>hoc</strong></span> <span class='ocrx_word' id='word_1_136' title='bbox 1864 1943 1930 1996; x_wconf 90' lang='lat' dir='ltr'><strong>ad</strong></span> <span class='ocrx_word' id='word_1_137' title='bbox 1968 1954 2095 1996; x_wconf 79' lang='lat' dir='ltr'><strong>:eta-</strong></span> 
     </span>
    </p>
   </div>
   <div class='ocr_carea' id='block_1_22' title="bbox 522 2036 2094 2107">
    <p class='ocr_par' dir='ltr' id='par_1_22' title="bbox 522 2036 2094 2107">
     <span class='ocr_line' id='line_1_22' title="bbox 522 2036 2094 2107; baseline -0.006 -8"><span class='ocrx_word' id='word_1_138' title='bbox 522 2055 629 2098; x_wconf 92' lang='lat' dir='ltr'><strong>tem</strong></span> <span class='ocrx_word' id='word_1_139' title='bbox 672 2041 967 2098; x_wconf 86' lang='lat' dir='ltr'><strong>Andronici</strong></span> <span class='ocrx_word' id='word_1_140' title='bbox 1004 2038 1147 2092; x_wconf 87' lang='lat' dir='ltr'><strong>trahi</strong></span> <span class='ocrx_word' id='word_1_141' title='bbox 1201 2054 1309 2092; x_wconf 90' lang='lat' dir='ltr'><strong>non</strong></span> <span class='ocrx_word' id='word_1_142' title='bbox 1355 2047 1555 2107; x_wconf 86' lang='lat' dir='ltr'><strong>potest,</strong></span> <span class='ocrx_word' id='word_1_143' title='bbox 1595 2052 1695 2091; x_wconf 89' lang='lat' dir='ltr'><strong>nec</strong></span> <span class='ocrx_word' id='word_1_144' title='bbox 1715 2036 1967 2091; x_wconf 80' lang='lat' dir='ltr'><strong>excusari</strong></span> <span class='ocrx_word' id='word_1_145' title='bbox 1993 2036 2094 2090; x_wconf 83' lang='lat' dir='ltr'><strong>ali-</strong></span> 
     </span>
    </p>
   </div>
   <div class='ocr_carea' id='block_1_23' title="bbox 500 2126 2092 2201">
    <p class='ocr_par' dir='ltr' id='par_1_23' title="bbox 500 2126 2092 2201">
     <span class='ocr_line' id='line_1_23' title="bbox 500 2126 2092 2201; baseline -0.007 -10"><span class='ocrx_word' id='word_1_146' title='bbox 500 2149 606 2191; x_wconf 73' lang='lat' dir='ltr'><strong>&#39;ter</strong></span> <span class='ocrx_word' id='word_1_147' title='bbox 660 2136 730 2189; x_wconf 90' lang='lat' dir='ltr'><strong>ab</strong></span> <span class='ocrx_word' id='word_1_148' title='bbox 781 2148 969 2187; x_wconf 87' lang='lat' dir='ltr'><strong>errore</strong></span> <span class='ocrx_word' id='word_1_149' title='bbox 1011 2126 1399 2201; x_wconf 80' lang='lat' dir='ltr'><strong>Pachyineres,</strong></span> <span class='ocrx_word' id='word_1_150' title='bbox 1448 2128 1611 2200; x_wconf 66' lang='grc'><strong>745</strong></span> <span class='ocrx_word' id='word_1_151' title='bbox 1659 2129 1706 2182; x_wconf 91' lang='lat' dir='ltr'><strong>si</strong></span> <span class='ocrx_word' id='word_1_152' title='bbox 1748 2145 1873 2183; x_wconf 86' lang='lat' dir='ltr'><strong>vere</strong></span> <span class='ocrx_word' id='word_1_153' title='bbox 1906 2137 2092 2183; x_wconf 87' lang='lat' dir='ltr'><strong>natum</strong></span> 
     </span>
    </p>
   </div>
   <div class='ocr_carea' id='block_1_24' title="bbox 428 2223 2089 2302">
    <p class='ocr_par' dir='ltr' id='par_1_24' title="bbox 428 2223 2089 2302">
     <span class='ocr_line' id='line_1_24' title="bbox 428 2223 2089 2302; baseline -0.004 -19"><span class='ocrx_word' id='word_1_154' title='bbox 428 2292 437 2302; x_wconf 44' lang='grc'><em>,</em></span> <span class='ocrx_word' id='word_1_155' title='bbox 476 2258 483 2265; x_wconf 85' lang='lat'><strong><em>-</em></strong></span> <span class='ocrx_word' id='word_1_156' title='bbox 518 2224 644 2283; x_wconf 84' lang='lat' dir='ltr'><strong>cum</strong></span> <span class='ocrx_word' id='word_1_157' title='bbox 682 2226 897 2296; x_wconf 80' lang='lat' dir='ltr'><strong>putavit</strong></span> <span class='ocrx_word' id='word_1_158' title='bbox 928 2239 1039 2296; x_wconf 91' lang='lat' dir='ltr'><strong>quo</strong></span> <span class='ocrx_word' id='word_1_159' title='bbox 1076 2240 1221 2279; x_wconf 89' lang='lat' dir='ltr'><strong>anno</strong></span> <span class='ocrx_word' id='word_1_160' title='bbox 1263 2224 1431 2293; x_wconf 82' lang='lat' dir='ltr'><strong>coepit</strong></span> <span class='ocrx_word' id='word_1_161' title='bbox 1466 2225 1739 2291; x_wconf 84' lang='lat' dir='ltr'><strong>imperare</strong></span> <span class='ocrx_word' id='word_1_162' title='bbox 1770 2233 1926 2293; x_wconf 87' lang='lat' dir='ltr'><strong>pater</strong></span> <span class='ocrx_word' id='word_1_163' title='bbox 1952 2223 2089 2293; x_wconf 83' lang='lat' dir='ltr'><strong>ejus.</strong></span> 
     </span>
    </p>
   </div>
   <div class='ocr_carea' id='block_1_25' title="bbox 586 2316 2091 2386">
    <p class='ocr_par' dir='ltr' id='par_1_25' title="bbox 586 2316 2091 2386">
     <span class='ocr_line' id='line_1_25' title="bbox 586 2316 2091 2386; baseline -0.005 -10"><span class='ocrx_word' id='word_1_164' title='bbox 586 2322 678 2376; x_wconf 75' lang='grc' dir='ltr'><strong>ιν.</strong></span> <span class='ocrx_word' id='word_1_165' title='bbox 716 2320 983 2374; x_wconf 77' lang='lat' dir='ltr'><strong>Existimo</strong></span> <span class='ocrx_word' id='word_1_166' title='bbox 1015 2329 1195 2372; x_wconf 88' lang='lat' dir='ltr'><strong>tamen</strong></span> <span class='ocrx_word' id='word_1_167' title='bbox 1228 2333 1351 2371; x_wconf 84' lang='lat' dir='ltr'><strong>vera</strong></span> <span class='ocrx_word' id='word_1_168' title='bbox 1388 2317 1497 2370; x_wconf 92' lang='lat' dir='ltr'><strong>illic</strong></span> <span class='ocrx_word' id='word_1_169' title='bbox 1522 2316 1916 2386; x_wconf 73' lang='lat' dir='ltr'><strong>Pachymerem</strong></span> <span class='ocrx_word' id='word_1_170' title='bbox 1945 2323 2001 2368; x_wconf 91' lang='lat' dir='ltr'><strong>et</strong></span> <span class='ocrx_word' id='word_1_171' title='bbox 2026 2330 2091 2369; x_wconf 81' lang='lat' dir='ltr'><strong>ex</strong></span> 
     </span>
    </p>
   </div>
   <div class='ocr_carea' id='block_1_26' title="bbox 504 2409 2093 2482">
    <p class='ocr_par' dir='ltr' id='par_1_26' title="bbox 504 2409 2093 2482">
     <span class='ocr_line' id='line_1_26' title="bbox 504 2409 2093 2482; baseline -0.004 -14"><span class='ocrx_word' id='word_1_172' title='bbox 504 2425 668 2468; x_wconf 40' lang='lat' dir='ltr'><strong>‘certa</strong></span> <span class='ocrx_word' id='word_1_173' title='bbox 726 2413 1055 2482; x_wconf 87' lang='lat' dir='ltr'><strong>publicaque</strong></span> <span class='ocrx_word' id='word_1_174' title='bbox 1109 2410 1306 2463; x_wconf 89' lang='lat' dir='ltr'><strong>notitia</strong></span> <span class='ocrx_word' id='word_1_175' title='bbox 1358 2409 1670 2478; x_wconf 88' lang='lat' dir='ltr'><strong>scripsisse,</strong></span> <span class='ocrx_word' id='word_1_176' title='bbox 1701 2423 1916 2462; x_wconf 88' lang='lat' dir='ltr'><strong>errasse</strong></span> <span class='ocrx_word' id='word_1_177' title='bbox 1962 2421 2093 2461; x_wconf 87' lang='lat' dir='ltr'><strong>vero</strong></span> 
     </span>
    </p>
   </div>
   <div class='ocr_carea' id='block_1_27' title="bbox 515 2497 2091 2562">
    <p class='ocr_par' dir='ltr' id='par_1_27' title="bbox 515 2497 2091 2562">
     <span class='ocr_line' id='line_1_27' title="bbox 515 2497 2091 2562; baseline -0.008 0"><span class='ocrx_word' id='word_1_178' title='bbox 515 2506 962 2562; x_wconf 83' lang='lat' dir='ltr'><strong>Cantacuzenum</strong></span> <span class='ocrx_word' id='word_1_179' title='bbox 1016 2504 1071 2556; x_wconf 88' lang='lat' dir='ltr'><strong>in</strong></span> <span class='ocrx_word' id='word_1_180' title='bbox 1117 2499 1491 2556; x_wconf 87' lang='lat' dir='ltr'><strong>subducendis</strong></span> <span class='ocrx_word' id='word_1_181' title='bbox 1552 2501 1712 2552; x_wconf 88' lang='lat' dir='ltr'><strong>annis</strong></span> <span class='ocrx_word' id='word_1_182' title='bbox 1787 2497 2091 2552; x_wconf 84' lang='lat' dir='ltr'><strong>Andronici</strong></span> 
     </span>
    </p>
   </div>
   <div class='ocr_carea' id='block_1_28' title="bbox 514 2589 2092 2667">
    <p class='ocr_par' dir='ltr' id='par_1_28' title="bbox 514 2589 2092 2667">
     <span class='ocr_line' id='line_1_28' title="bbox 514 2589 2092 2667; baseline -0.006 -13"><span class='ocrx_word' id='word_1_183' title='bbox 514 2599 771 2659; x_wconf 85' lang='lat' dir='ltr'><strong>senioris,</strong></span> <span class='ocrx_word' id='word_1_184' title='bbox 798 2596 891 2667; x_wconf 89' lang='lat' dir='ltr'><strong>qui</strong></span> <span class='ocrx_word' id='word_1_185' title='bbox 922 2594 1101 2648; x_wconf 80' lang='lat' dir='ltr'><strong>:etatis</strong></span> <span class='ocrx_word' id='word_1_186' title='bbox 1128 2607 1234 2646; x_wconf 91' lang='lat' dir='ltr'><strong>non</strong></span> <span class='ocrx_word' id='word_1_187' title='bbox 1269 2592 1358 2656; x_wconf 75' lang='grc'>72,</span> <span class='ocrx_word' id='word_1_188' title='bbox 1394 2600 1453 2645; x_wconf 95' lang='lat' dir='ltr'><strong>ut</strong></span> <span class='ocrx_word' id='word_1_189' title='bbox 1478 2591 1568 2645; x_wconf 91' lang='lat' dir='ltr'><strong>ille</strong></span> <span class='ocrx_word' id='word_1_190' title='bbox 1603 2589 1860 2654; x_wconf 88' lang='lat' dir='ltr'><strong>afﬁrmat,</strong></span> <span class='ocrx_word' id='word_1_191' title='bbox 1893 2590 1989 2644; x_wconf 89' lang='lat' dir='ltr'><strong>sed</strong></span> <span class='ocrx_word' id='word_1_192' title='bbox 2024 2589 2092 2645; x_wconf 75' lang='grc'>74</span> 
     </span>
    </p>
   </div>
   <div class='ocr_carea' id='block_1_29' title="bbox 510 2676 2093 2753">
    <p class='ocr_par' dir='ltr' id='par_1_29' title="bbox 510 2676 2093 2753">
     <span class='ocr_line' id='line_1_29' title="bbox 510 2676 2093 2753; baseline -0.003 -12"><span class='ocrx_word' id='word_1_193' title='bbox 510 2693 640 2746; x_wconf 62' lang='lat' dir='ltr'><strong>vita:</strong></span> <span class='ocrx_word' id='word_1_194' title='bbox 682 2691 846 2743; x_wconf 80' lang='lat' dir='ltr'><strong>ﬁnem</strong></span> <span class='ocrx_word' id='word_1_195' title='bbox 897 2684 1191 2739; x_wconf 86' lang='lat' dir='ltr'><strong>invenerit.</strong></span> <span class='ocrx_word' id='word_1_196' title='bbox 1230 2676 1405 2753; x_wconf 82' lang='lat' dir='ltr'><strong>Hujus</strong></span> <span class='ocrx_word' id='word_1_197' title='bbox 1458 2681 1783 2736; x_wconf 88' lang='lat' dir='ltr'><strong>assertionis</strong></span> <span class='ocrx_word' id='word_1_198' title='bbox 1826 2682 2093 2737; x_wconf 84' lang='lat' dir='ltr'><strong>habemus</strong></span> 
     </span>
    </p>
   </div>
   <div class='ocr_carea' id='block_1_30' title="bbox 512 2775 2094 2837">
    <p class='ocr_par' dir='ltr' id='par_1_30' title="bbox 512 2775 2094 2837">
     <span class='ocr_line' id='line_1_30' title="bbox 512 2775 2094 2837; baseline -0.004 0"><span class='ocrx_word' id='word_1_199' title='bbox 512 2792 798 2837; x_wconf 86' lang='lat' dir='ltr'><strong>auctorem</strong></span> <span class='ocrx_word' id='word_1_200' title='bbox 824 2779 1006 2833; x_wconf 89' lang='lat' dir='ltr'><strong>eidem</strong></span> <span class='ocrx_word' id='word_1_201' title='bbox 1034 2776 1351 2831; x_wconf 78' lang='lat' dir='ltr'><strong>Andronico</strong></span> <span class='ocrx_word' id='word_1_202' title='bbox 1384 2775 1877 2830; x_wconf 85' lang='lat' dir='ltr'><strong>familiarissimum</strong></span> <span class='ocrx_word' id='word_1_203' title='bbox 1907 2786 2094 2830; x_wconf 78' lang='lat' dir='ltr'><strong>extre-</strong></span> 
     </span>
    </p>
   </div>
   <div class='ocr_carea' id='block_1_31' title="bbox 509 2867 2089 2940">
    <p class='ocr_par' dir='ltr' id='par_1_31' title="bbox 509 2867 2089 2940">
     <span class='ocr_line' id='line_1_31' title="bbox 509 2867 2089 2940; baseline -0.003 -12"><span class='ocrx_word' id='word_1_204' title='bbox 509 2875 616 2929; x_wconf 87' lang='lat' dir='ltr'><strong>mis</strong></span> <span class='ocrx_word' id='word_1_205' title='bbox 646 2874 770 2929; x_wconf 66' lang='lat' dir='ltr'><strong>vitm</strong></span> <span class='ocrx_word' id='word_1_206' title='bbox 797 2870 1138 2940; x_wconf 80' lang='lat' dir='ltr'><strong>temporibus</strong></span> <span class='ocrx_word' id='word_1_207' title='bbox 1166 2868 1538 2939; x_wconf 80' lang='lat' dir='ltr'><strong>Nicephorum</strong></span> <span class='ocrx_word' id='word_1_208' title='bbox 1582 2867 1909 2936; x_wconf 80' lang='lat' dir='ltr'><strong>Gregoram,</strong></span> <span class='ocrx_word' id='word_1_209' title='bbox 1942 2868 2089 2937; x_wconf 86' lang='lat' dir='ltr'><strong>apud</strong></span> 
     </span>
    </p>
   </div>
   <div class='ocr_carea' id='block_1_32' title="bbox 510 2959 2085 3036">
    <p class='ocr_par' dir='ltr' id='par_1_32' title="bbox 510 2959 2085 3036">
     <span class='ocr_line' id='line_1_32' title="bbox 510 2959 2085 3036; baseline -0.004 -16"><span class='ocrx_word' id='word_1_210' title='bbox 510 2982 673 3036; x_wconf 86' lang='lat' dir='ltr'><strong>quem</strong></span> <span class='ocrx_word' id='word_1_211' title='bbox 715 2979 841 3031; x_wconf 79' lang='lat' dir='ltr'><strong>cum</strong></span> <span class='ocrx_word' id='word_1_212' title='bbox 876 2963 1121 3031; x_wconf 78' lang='lat' dir='ltr'><strong>legamus</strong></span> <span class='ocrx_word' id='word_1_213' title='bbox 1164 2977 1214 3016; x_wconf 93' lang='lat' dir='ltr'><strong>c.</strong></span> <span class='ocrx_word' id='word_1_214' title='bbox 1249 2961 1350 3014; x_wconf 91' lang='lat' dir='ltr'><strong>ult.</strong></span> <span class='ocrx_word' id='word_1_215' title='bbox 1399 2961 1436 3015; x_wconf 93' lang='grc' dir='ltr'><strong>Ι.</strong></span> <span class='ocrx_word' id='word_1_216' title='bbox 1475 2976 1549 3023; x_wconf 81' lang='lat' dir='ltr'><strong>ix,</strong></span> <span class='ocrx_word' id='word_1_217' title='bbox 1582 2975 1635 3028; x_wconf 89' lang='lat' dir='ltr'><strong>p.</strong></span> <span class='ocrx_word' id='word_1_218' title='bbox 1674 2959 1781 3013; x_wconf 65' lang='lat'><strong>209</strong></span> <span class='ocrx_word' id='word_1_219' title='bbox 1826 2959 1915 3013; x_wconf 92' lang='lat' dir='ltr'><strong>ed.</strong></span> <span class='ocrx_word' id='word_1_220' title='bbox 1962 2960 2085 3015; x_wconf 87' lang='lat' dir='ltr'><strong>Bas.</strong></span> 
     </span>
    </p>
   </div>
   <div class='ocr_carea' id='block_1_33' title="bbox 509 3051 2089 3124">
    <p class='ocr_par' dir='ltr' id='par_1_33' title="bbox 509 3051 2089 3124">
     <span class='ocr_line' id='line_1_33' title="bbox 509 3051 2089 3124; baseline -0.006 -10"><span class='ocrx_word' id='word_1_221' title='bbox 509 3056 856 3114; x_wconf 82' lang='lat' dir='ltr'><strong>confabulari</strong></span> <span class='ocrx_word' id='word_1_222' title='bbox 912 3073 970 3112; x_wconf 87' lang='lat' dir='ltr'><strong>se</strong></span> <span class='ocrx_word' id='word_1_223' title='bbox 1012 3053 1261 3124; x_wconf 85' lang='lat' dir='ltr'><strong>quotidie</strong></span> <span class='ocrx_word' id='word_1_224' title='bbox 1292 3069 1416 3108; x_wconf 90' lang='lat' dir='ltr'><strong>cum</strong></span> <span class='ocrx_word' id='word_1_225' title='bbox 1448 3051 1764 3107; x_wconf 81' lang='lat' dir='ltr'><strong>Andronico</strong></span> <span class='ocrx_word' id='word_1_226' title='bbox 1804 3061 1935 3106; x_wconf 87' lang='lat' dir='ltr'><strong>tunc</strong></span> <span class='ocrx_word' id='word_1_227' title='bbox 1970 3068 2089 3105; x_wconf 89' lang='lat' dir='ltr'><strong>mo-</strong></span> 
     </span>
    </p>
   </div>
   <div class='ocr_carea' id='block_1_34' title="bbox 2127 1825 2232 1907">
    <p class='ocr_par' dir='ltr' id='par_1_34' title="bbox 2127 1825 2232 1907">
     <span class='ocr_line' id='line_1_34' title="bbox 2127 1825 2232 1907; baseline 0 0"><span class='ocrx_word' id='word_1_228' title='bbox 2127 1825 2232 1907; x_wconf 66' lang='lat' dir='ltr'><strong>&quot;ri</strong></span> 
     </span>
    </p>
   </div>
   <div class='ocr_carea' id='block_1_35' title="bbox 2211 561 3796 640">
    <p class='ocr_par' dir='ltr' id='par_1_35' title="bbox 2211 561 3796 640">
     <span class='ocr_line' id='line_1_35' title="bbox 2211 561 3796 640; baseline 0.009 -29"><span class='ocrx_word' id='word_1_229' title='bbox 2211 573 2477 613; x_wconf 86' lang='lat' dir='ltr'><strong>revocans</strong></span> <span class='ocrx_word' id='word_1_230' title='bbox 2499 561 2647 629; x_wconf 90' lang='lat' dir='ltr'><strong>quod</strong></span> <span class='ocrx_word' id='word_1_231' title='bbox 2679 563 2813 616; x_wconf 91' lang='lat' dir='ltr'><strong>alias</strong></span> <span class='ocrx_word' id='word_1_232' title='bbox 2836 563 3071 629; x_wconf 82' lang='lat' dir='ltr'><strong>dixerat,</strong></span> <span class='ocrx_word' id='word_1_233' title='bbox 3107 566 3522 634; x_wconf 76' lang='lat' dir='ltr'><strong>Andronicum,</strong></span> <span class='ocrx_word' id='word_1_234' title='bbox 3563 572 3796 640; x_wconf 84' lang='lat' dir='ltr'><strong>quando</strong></span> 
     </span>
    </p>
   </div>
   <div class='ocr_carea' id='block_1_36' title="bbox 2206 652 3789 733">
    <p class='ocr_par' dir='ltr' id='par_1_36' title="bbox 2206 652 3789 733">
     <span class='ocr_line' id='line_1_36' title="bbox 2206 652 3789 733; baseline 0.011 -30"><span class='ocrx_word' id='word_1_235' title='bbox 2206 666 2331 704; x_wconf 93' lang='lat' dir='ltr'><strong>cum</strong></span> <span class='ocrx_word' id='word_1_236' title='bbox 2360 652 2519 706; x_wconf 80' lang='lat' dir='ltr'><strong>Patre</strong></span> <span class='ocrx_word' id='word_1_237' title='bbox 2545 656 2785 722; x_wconf 89' lang='lat' dir='ltr'><strong>primum</strong></span> <span class='ocrx_word' id='word_1_238' title='bbox 2807 656 3086 726; x_wconf 83' lang='lat' dir='ltr'><strong>ingressus</strong></span> <span class='ocrx_word' id='word_1_239' title='bbox 3111 672 3195 715; x_wconf 88' lang='lat' dir='ltr'><strong>est</strong></span> <span class='ocrx_word' id='word_1_240' title='bbox 3220 658 3789 733; x_wconf 76' lang='lat' dir='ltr'><strong>ConstantinOpolim,</strong></span> 
     </span>
    </p>
   </div>
   <div class='ocr_carea' id='block_1_37' title="bbox 2208 744 3790 824">
    <p class='ocr_par' dir='ltr' id='par_1_37' title="bbox 2208 744 3790 824">
     <span class='ocr_line' id='line_1_37' title="bbox 2208 744 3790 824; baseline 0.008 -28"><span class='ocrx_word' id='word_1_241' title='bbox 2208 744 2512 799; x_wconf 90' lang='lat' dir='ltr'><strong>secundum</strong></span> <span class='ocrx_word' id='word_1_242' title='bbox 2543 746 2720 801; x_wconf 62' lang='lat' dir='ltr'><strong>aetatis</strong></span> <span class='ocrx_word' id='word_1_243' title='bbox 2751 764 2956 803; x_wconf 90' lang='lat' dir='ltr'><strong>annum</strong></span> <span class='ocrx_word' id='word_1_244' title='bbox 2990 752 3204 821; x_wconf 80' lang='lat' dir='ltr'><strong>egisse;</strong></span> <span class='ocrx_word' id='word_1_245' title='bbox 3247 769 3372 808; x_wconf 91' lang='lat' dir='ltr'><strong>cum</strong></span> <span class='ocrx_word' id='word_1_246' title='bbox 3405 770 3470 810; x_wconf 77' lang='lat' dir='ltr'><strong>ex</strong></span> <span class='ocrx_word' id='word_1_247' title='bbox 3502 756 3607 809; x_wconf 84' lang='lat' dir='ltr'><strong>hoc</strong></span> <span class='ocrx_word' id='word_1_248' title='bbox 3637 755 3790 824; x_wconf 88' lang='lat' dir='ltr'><strong>quod</strong></span> 
     </span>
    </p>
   </div>
   <div class='ocr_carea' id='block_1_38' title="bbox 2206 838 3795 908">
    <p class='ocr_par' dir='ltr' id='par_1_38' title="bbox 2206 838 3795 908">
     <span class='ocr_line' id='line_1_38' title="bbox 2206 838 3795 908; baseline 0.008 -20"><span class='ocrx_word' id='word_1_249' title='bbox 2206 850 2351 889; x_wconf 79' lang='lat' dir='ltr'><strong>nunc</strong></span> <span class='ocrx_word' id='word_1_250' title='bbox 2379 852 2443 889; x_wconf 75' lang='lat' dir='ltr'><strong>ex</strong></span> <span class='ocrx_word' id='word_1_251' title='bbox 2472 838 2693 893; x_wconf 87' lang='lat' dir='ltr'><strong>certiori</strong></span> <span class='ocrx_word' id='word_1_252' title='bbox 2717 841 3028 895; x_wconf 88' lang='lat' dir='ltr'><strong>testimonio</strong></span> <span class='ocrx_word' id='word_1_253' title='bbox 3055 842 3311 908; x_wconf 88' lang='lat' dir='ltr'><strong>afﬁrmat,</strong></span> <span class='ocrx_word' id='word_1_254' title='bbox 3338 847 3693 901; x_wconf 89' lang='lat' dir='ltr'><strong>manifestum</strong></span> <span class='ocrx_word' id='word_1_255' title='bbox 3722 846 3795 901; x_wconf 85' lang='lat' dir='ltr'><strong>sit</strong></span> 
     </span>
    </p>
   </div>
   <div class='ocr_carea' id='block_1_39' title="bbox 2208 928 3793 1007">
    <p class='ocr_par' dir='ltr' id='par_1_39' title="bbox 2208 928 3793 1007">
     <span class='ocr_line' id='line_1_39' title="bbox 2208 928 3793 1007; baseline 0.006 -26"><span class='ocrx_word' id='word_1_256' title='bbox 2208 928 2310 998; x_wconf 89' lang='lat' dir='ltr'><strong>ipsi</strong></span> <span class='ocrx_word' id='word_1_257' title='bbox 2353 938 2482 983; x_wconf 91' lang='lat' dir='ltr'><strong>tunc</strong></span> <span class='ocrx_word' id='word_1_258' title='bbox 2523 942 2782 1000; x_wconf 88' lang='lat' dir='ltr'><strong>quartum</strong></span> <span class='ocrx_word' id='word_1_259' title='bbox 2815 934 2991 988; x_wconf 67' lang='lat' dir='ltr'><strong>aetatis</strong></span> <span class='ocrx_word' id='word_1_260' title='bbox 3026 935 3094 989; x_wconf 92' lang='lat' dir='ltr'><strong>ab</strong></span> <span class='ocrx_word' id='word_1_261' title='bbox 3124 936 3333 1005; x_wconf 88' lang='lat' dir='ltr'><strong>aliquot</strong></span> <span class='ocrx_word' id='word_1_262' title='bbox 3359 939 3469 1007; x_wconf 85' lang='lat' dir='ltr'><strong>jam</strong></span> <span class='ocrx_word' id='word_1_263' title='bbox 3504 939 3793 991; x_wconf 71' lang='lat' dir='ltr'><strong>Iliensibus</strong></span> 
     </span>
    </p>
   </div>
   <div class='ocr_carea' id='block_1_40' title="bbox 2204 1026 3792 1095">
    <p class='ocr_par' dir='ltr' id='par_1_40' title="bbox 2204 1026 3792 1095">
     <span class='ocr_line' id='line_1_40' title="bbox 2204 1026 3792 1095; baseline 0.005 -21"><span class='ocrx_word' id='word_1_264' title='bbox 2204 1038 2331 1075; x_wconf 77' lang='lat' dir='ltr'><strong>curr</strong></span> <span class='ocrx_word' id='word_1_265' title='bbox 2370 1040 2426 1076; x_wconf 88' lang='lat' dir='ltr'><strong>re</strong></span> <span class='ocrx_word' id='word_1_266' title='bbox 2471 1027 2725 1092; x_wconf 73' lang='lat' dir='ltr'><strong>cci-pisse,</strong></span> <span class='ocrx_word' id='word_1_267' title='bbox 2760 1026 2965 1095; x_wconf 86' lang='lat' dir='ltr'><strong>quippe</strong></span> <span class='ocrx_word' id='word_1_268' title='bbox 3006 1027 3060 1080; x_wconf 90' lang='lat' dir='ltr'><strong>in</strong></span> <span class='ocrx_word' id='word_1_269' title='bbox 3107 1028 3285 1082; x_wconf 87' lang='lat' dir='ltr'><strong>lucem</strong></span> <span class='ocrx_word' id='word_1_270' title='bbox 3312 1030 3464 1083; x_wconf 88' lang='lat' dir='ltr'><strong>edito</strong></span> <span class='ocrx_word' id='word_1_271' title='bbox 3497 1032 3644 1084; x_wconf 89' lang='lat' dir='ltr'><strong>circa</strong></span> <span class='ocrx_word' id='word_1_272' title='bbox 3683 1029 3792 1083; x_wconf 87' lang='lat' dir='ltr'><strong>ini-</strong></span> 
     </span>
    </p>
   </div>
   <div class='ocr_carea' id='block_1_41' title="bbox 2207 1116 3787 1191">
    <p class='ocr_par' dir='ltr' id='par_1_41' title="bbox 2207 1116 3787 1191">
     <span class='ocr_line' id='line_1_41' title="bbox 2207 1116 3787 1191; baseline 0.003 -22"><span class='ocrx_word' id='word_1_273' title='bbox 2207 1116 2340 1169; x_wconf 91' lang='lat' dir='ltr'><strong>tium</strong></span> <span class='ocrx_word' id='word_1_274' title='bbox 2384 1118 2513 1169; x_wconf 90' lang='lat' dir='ltr'><strong>anni</strong></span> <span class='ocrx_word' id='word_1_275' title='bbox 2546 1118 2749 1171; x_wconf 80' lang='lat' dir='ltr'><strong>Christi</strong></span> <span class='ocrx_word' id='word_1_276' title='bbox 2791 1120 2946 1173; x_wconf 66' lang='lat' dir='ltr'><strong>l958.</strong></span> <span class='ocrx_word' id='word_1_277' title='bbox 2975 1120 3031 1174; x_wconf 87' lang='lat' dir='ltr'><strong>ld</strong></span> <span class='ocrx_word' id='word_1_278' title='bbox 3084 1122 3230 1191; x_wconf 90' lang='lat' dir='ltr'><strong>quod</strong></span> <span class='ocrx_word' id='word_1_279' title='bbox 3276 1138 3380 1175; x_wconf 77' lang='lat' dir='ltr'><strong>nun</strong></span> <span class='ocrx_word' id='word_1_280' title='bbox 3417 1138 3611 1191; x_wconf 86' lang='lat' dir='ltr'><strong>parum</strong></span> <span class='ocrx_word' id='word_1_281' title='bbox 3641 1138 3787 1191; x_wconf 77' lang='lat' dir='ltr'><strong>pra:-</strong></span> 
     </span>
    </p>
   </div>
   <div class='ocr_carea' id='block_1_42' title="bbox 2207 1211 3785 1284">
    <p class='ocr_par' dir='ltr' id='par_1_42' title="bbox 2207 1211 3785 1284">
     <span class='ocr_line' id='line_1_42' title="bbox 2207 1211 3785 1284; baseline 0.002 -23"><span class='ocrx_word' id='word_1_282' title='bbox 2207 1218 2355 1264; x_wconf 86' lang='lat' dir='ltr'><strong>terea</strong></span> <span class='ocrx_word' id='word_1_283' title='bbox 2400 1211 2760 1265; x_wconf 84' lang='lat' dir='ltr'><strong>confirmatur</strong></span> <span class='ocrx_word' id='word_1_284' title='bbox 2807 1229 2872 1267; x_wconf 82' lang='lat' dir='ltr'><strong>ex</strong></span> <span class='ocrx_word' id='word_1_285' title='bbox 2934 1223 3180 1283; x_wconf 87' lang='lat' dir='ltr'><strong>tempore</strong></span> <span class='ocrx_word' id='word_1_286' title='bbox 3244 1216 3562 1284; x_wconf 90' lang='lat' dir='ltr'><strong>nuptiarum</strong></span> <span class='ocrx_word' id='word_1_287' title='bbox 3597 1213 3785 1267; x_wconf 82' lang='lat' dir='ltr'><strong>Theo-</strong></span> 
     </span>
    </p>
   </div>
   <div class='ocr_carea' id='block_1_43' title="bbox 2202 1302 3788 1379">
    <p class='ocr_par' dir='ltr' id='par_1_43' title="bbox 2202 1302 3788 1379">
     <span class='ocr_line' id='line_1_43' title="bbox 2202 1302 3788 1379; baseline 0.001 -23"><span class='ocrx_word' id='word_1_288' title='bbox 2202 1302 2350 1357; x_wconf 66' lang='lat' dir='ltr'><strong>dorte</strong></span> <span class='ocrx_word' id='word_1_289' title='bbox 2404 1304 2595 1358; x_wconf 89' lang='lat' dir='ltr'><strong>matris</strong></span> <span class='ocrx_word' id='word_1_290' title='bbox 2647 1305 2946 1360; x_wconf 77' lang='lat' dir='ltr'><strong>Andronici</strong></span> <span class='ocrx_word' id='word_1_291' title='bbox 2979 1322 3102 1361; x_wconf 92' lang='lat' dir='ltr'><strong>cum</strong></span> <span class='ocrx_word' id='word_1_292' title='bbox 3145 1309 3265 1379; x_wconf 88' lang='lat' dir='ltr'><strong>ejus</strong></span> <span class='ocrx_word' id='word_1_293' title='bbox 3293 1315 3446 1378; x_wconf 85' lang='lat' dir='ltr'><strong>patre</strong></span> <span class='ocrx_word' id='word_1_294' title='bbox 3491 1305 3788 1367; x_wconf 79' lang='lat' dir='ltr'><strong>Michaele,</strong></span> 
     </span>
    </p>
   </div>
   <div class='ocr_carea' id='block_1_44' title="bbox 2202 1396 3853 1467">
    <p class='ocr_par' dir='ltr' id='par_1_44' title="bbox 2202 1396 3853 1467">
     <span class='ocr_line' id='line_1_44' title="bbox 2202 1396 3853 1467; baseline 0.001 -17"><span class='ocrx_word' id='word_1_295' title='bbox 2202 1396 2271 1450; x_wconf 90' lang='lat' dir='ltr'><strong>ab</strong></span> <span class='ocrx_word' id='word_1_296' title='bbox 2303 1399 2620 1467; x_wconf 88' lang='lat' dir='ltr'><strong>Acropolita</strong></span> <span class='ocrx_word' id='word_1_297' title='bbox 2654 1410 2862 1453; x_wconf 88' lang='lat' dir='ltr'><strong>notato.</strong></span> <span class='ocrx_word' id='word_1_298' title='bbox 2890 1401 2990 1453; x_wconf 81' lang='lat' dir='ltr'><strong>Hic</strong></span> <span class='ocrx_word' id='word_1_299' title='bbox 3020 1402 3167 1454; x_wconf 87' lang='lat' dir='ltr'><strong>enim</strong></span> <span class='ocrx_word' id='word_1_300' title='bbox 3209 1400 3455 1457; x_wconf 81' lang='lat' dir='ltr'><strong>historia:</strong></span> <span class='ocrx_word' id='word_1_301' title='bbox 3484 1417 3601 1455; x_wconf 73' lang='lat' dir='ltr'><strong>suae</strong></span> <span class='ocrx_word' id='word_1_302' title='bbox 3630 1417 3683 1457; x_wconf 88' lang='lat' dir='ltr'><strong>c.</strong></span> <span class='ocrx_word' id='word_1_303' title='bbox 3716 1397 3781 1452; x_wconf 87' lang='grc'>51</span> <span class='ocrx_word' id='word_1_304' title='bbox 3838 1424 3853 1463; x_wconf 55' lang='lat'><strong>,3</strong></span> 
     </span>
    </p>
   </div>
   <div class='ocr_carea' id='block_1_45' title="bbox 2204 1478 3853 1565">
    <p class='ocr_par' dir='ltr' id='par_1_45' title="bbox 2204 1478 3853 1565">
     <span class='ocr_line' id='line_1_45' title="bbox 2204 1478 3853 1565; baseline 0.005 -23"><span class='ocrx_word' id='word_1_305' title='bbox 2204 1490 2372 1543; x_wconf 79' lang='lat' dir='ltr'><strong>refert</strong></span> <span class='ocrx_word' id='word_1_306' title='bbox 2414 1490 2681 1545; x_wconf 85' lang='lat' dir='ltr'><strong>Joannem</strong></span> <span class='ocrx_word' id='word_1_307' title='bbox 2712 1492 2914 1546; x_wconf 85' lang='lat' dir='ltr'><strong>Ducam</strong></span> <span class='ocrx_word' id='word_1_308' title='bbox 2944 1492 3030 1564; x_wconf 68' lang='grc'><strong>[1).</strong></span> <span class='ocrx_word' id='word_1_309' title='bbox 3061 1493 3189 1565; x_wconf 72' lang='lat'><strong>528]</strong></span> <span class='ocrx_word' id='word_1_310' title='bbox 3223 1495 3617 1563; x_wconf 87' lang='lat' dir='ltr'><strong>imperatorem</strong></span> <span class='ocrx_word' id='word_1_311' title='bbox 3661 1496 3783 1551; x_wconf 77' lang='grc' dir='ltr'><strong>θοι-</strong></span> <span class='ocrx_word' id='word_1_312' title='bbox 3842 1478 3853 1493; x_wconf 55' lang='grc'><strong><em>’</em></strong></span> 
     </span>
    </p>
   </div>
   <div class='ocr_carea' id='block_1_46' title="bbox 2201 1577 3784 1658">
    <p class='ocr_par' dir='ltr' id='par_1_46' title="bbox 2201 1577 3784 1658">
     <span class='ocr_line' id='line_1_46' title="bbox 2201 1577 3784 1658; baseline 0.004 -27"><span class='ocrx_word' id='word_1_313' title='bbox 2201 1577 2412 1633; x_wconf 86' lang='lat' dir='ltr'><strong>locasse</strong></span> <span class='ocrx_word' id='word_1_314' title='bbox 2459 1579 2708 1635; x_wconf 74' lang='lat' dir='ltr'><strong>{llichaeli</strong></span> <span class='ocrx_word' id='word_1_315' title='bbox 2762 1580 3083 1652; x_wconf 77' lang='lat' dir='ltr'><strong>l‘akenlogo,</strong></span> <span class='ocrx_word' id='word_1_316' title='bbox 3134 1584 3188 1637; x_wconf 93' lang='lat' dir='ltr'><strong>in</strong></span> <span class='ocrx_word' id='word_1_317' title='bbox 3250 1586 3481 1654; x_wconf 79' lang='lat' dir='ltr'><strong>gratiam</strong></span> <span class='ocrx_word' id='word_1_318' title='bbox 3556 1596 3784 1658; x_wconf 75' lang='lat' dir='ltr'><strong>recepto</strong></span> 
     </span>
    </p>
   </div>
   <div class='ocr_carea' id='block_1_47' title="bbox 2201 1669 3789 1743">
    <p class='ocr_par' dir='ltr' id='par_1_47' title="bbox 2201 1669 3789 1743">
     <span class='ocr_line' id='line_1_47' title="bbox 2201 1669 3789 1743; baseline 0.006 -21"><span class='ocrx_word' id='word_1_319' title='bbox 2201 1669 2515 1724; x_wconf 87' lang='lat' dir='ltr'><strong>interventu</strong></span> <span class='ocrx_word' id='word_1_320' title='bbox 2538 1672 2805 1726; x_wconf 85' lang='lat' dir='ltr'><strong>Manuelis</strong></span> <span class='ocrx_word' id='word_1_321' title='bbox 2829 1675 3173 1743; x_wconf 53' lang='lat' dir='ltr'><strong>patriarcha,</strong></span> <span class='ocrx_word' id='word_1_322' title='bbox 3212 1676 3563 1731; x_wconf 84' lang='lat' dir='ltr'><strong>Theodoram</strong></span> <span class='ocrx_word' id='word_1_323' title='bbox 3597 1678 3789 1737; x_wconf 78' lang='lat' dir='ltr'><strong>fratris</strong></span> 
     </span>
    </p>
   </div>
   <div class='ocr_carea' id='block_1_48' title="bbox 2200 1764 3789 1824">
    <p class='ocr_par' dir='ltr' id='par_1_48' title="bbox 2200 1764 3789 1824">
     <span class='ocr_line' id='line_1_48' title="bbox 2200 1764 3789 1824; baseline 0.005 -9"><span class='ocrx_word' id='word_1_324' title='bbox 2200 1764 2282 1815; x_wconf 86' lang='lat' dir='ltr'><strong>sui</strong></span> <span class='ocrx_word' id='word_1_325' title='bbox 2336 1764 2466 1816; x_wconf 90' lang='lat' dir='ltr'><strong>olim</strong></span> <span class='ocrx_word' id='word_1_326' title='bbox 2526 1764 2770 1821; x_wconf 76' lang='lat' dir='ltr'><strong>defuncti</strong></span> <span class='ocrx_word' id='word_1_327' title='bbox 2865 1767 3056 1821; x_wconf 89' lang='lat' dir='ltr'><strong>lsaacii</strong></span> <span class='ocrx_word' id='word_1_328' title='bbox 3108 1769 3271 1823; x_wconf 60' lang='lat' dir='ltr'><strong>Ducat</strong></span> <span class='ocrx_word' id='word_1_329' title='bbox 3324 1769 3789 1824; x_wconf 85' lang='lat' dir='ltr'><strong>sebastocratoris</strong></span> 
     </span>
    </p>
   </div>
   <div class='ocr_carea' id='block_1_49' title="bbox 2241 1855 3788 1917">
    <p class='ocr_par' dir='ltr' id='par_1_49' title="bbox 2241 1855 3788 1917">
     <span class='ocr_line' id='line_1_49' title="bbox 2241 1855 3788 1917; baseline 0.004 -10"><span class='ocrx_word' id='word_1_330' title='bbox 2241 1855 2389 1909; x_wconf 83' lang='lat' dir='ltr'><strong>liam.</strong></span> <span class='ocrx_word' id='word_1_331' title='bbox 2451 1856 2685 1911; x_wconf 84' lang='lat' dir='ltr'><strong>Necesse</strong></span> <span class='ocrx_word' id='word_1_332' title='bbox 2738 1868 2821 1912; x_wconf 90' lang='lat' dir='ltr'><strong>cst</strong></span> <span class='ocrx_word' id='word_1_333' title='bbox 2873 1859 3057 1913; x_wconf 88' lang='lat' dir='ltr'><strong>dicere</strong></span> <span class='ocrx_word' id='word_1_334' title='bbox 3111 1858 3315 1914; x_wconf 90' lang='lat' dir='ltr'><strong>factum</strong></span> <span class='ocrx_word' id='word_1_335' title='bbox 3369 1862 3420 1913; x_wconf 88' lang='lat' dir='ltr'><strong>id</strong></span> <span class='ocrx_word' id='word_1_336' title='bbox 3473 1862 3649 1917; x_wconf 84' lang='lat' dir='ltr'><strong>fuisse</strong></span> <span class='ocrx_word' id='word_1_337' title='bbox 3684 1864 3788 1917; x_wconf 87' lang='lat' dir='ltr'><strong>sub</strong></span> 
     </span>
    </p>
   </div>
   <div class='ocr_carea' id='block_1_50' title="bbox 2200 1946 3783 2021">
    <p class='ocr_par' dir='ltr' id='par_1_50' title="bbox 2200 1946 3783 2021">
     <span class='ocr_line' id='line_1_50' title="bbox 2200 1946 3783 2021; baseline 0.004 -22"><span class='ocrx_word' id='word_1_338' title='bbox 2200 1946 2360 2001; x_wconf 85' lang='lat' dir='ltr'><strong>ﬁnem</strong></span> <span class='ocrx_word' id='word_1_339' title='bbox 2412 1950 2538 2001; x_wconf 91' lang='lat' dir='ltr'><strong>anni</strong></span> <span class='ocrx_word' id='word_1_340' title='bbox 2590 1948 2793 2004; x_wconf 86' lang='lat' dir='ltr'><strong>Christi</strong></span> <span class='ocrx_word' id='word_1_341' title='bbox 2840 1952 2983 2003; x_wconf 63' lang='grc'>«1251</span> <span class='ocrx_word' id='word_1_342' title='bbox 3040 1953 3124 2005; x_wconf 83' lang='lat' dir='ltr'><strong>vel</strong></span> <span class='ocrx_word' id='word_1_343' title='bbox 3175 1954 3460 2021; x_wconf 77' lang='lat' dir='ltr'><strong>sequentis</strong></span> <span class='ocrx_word' id='word_1_344' title='bbox 3529 1953 3783 2015; x_wconf 89' lang='lat' dir='ltr'><strong>initium,</strong></span> 
     </span>
    </p>
   </div>
   <div class='ocr_carea' id='block_1_51' title="bbox 2197 2043 3785 2113">
    <p class='ocr_par' dir='ltr' id='par_1_51' title="bbox 2197 2043 3785 2113">
     <span class='ocr_line' id='line_1_51' title="bbox 2197 2043 3785 2113; baseline 0.004 -20"><span class='ocrx_word' id='word_1_345' title='bbox 2197 2054 2325 2107; x_wconf 87' lang='lat' dir='ltr'><strong>quo</strong></span> <span class='ocrx_word' id='word_1_346' title='bbox 2363 2052 2483 2109; x_wconf 90' lang='lat' dir='ltr'><strong>post</strong></span> <span class='ocrx_word' id='word_1_347' title='bbox 2517 2043 2816 2096; x_wconf 89' lang='lat' dir='ltr'><strong>multorum</strong></span> <span class='ocrx_word' id='word_1_348' title='bbox 2870 2044 3142 2097; x_wconf 88' lang='lat' dir='ltr'><strong>mensium</strong></span> <span class='ocrx_word' id='word_1_349' title='bbox 3178 2045 3498 2113; x_wconf 83' lang='lat' dir='ltr'><strong>languorem</strong></span> <span class='ocrx_word' id='word_1_350' title='bbox 3535 2049 3785 2101; x_wconf 82' lang='lat' dir='ltr'><strong>Joannes</strong></span> 
     </span>
    </p>
   </div>
   <div class='ocr_carea' id='block_1_52' title="bbox 2196 2129 3780 2205">
    <p class='ocr_par' dir='ltr' id='par_1_52' title="bbox 2196 2129 3780 2205">
     <span class='ocr_line' id='line_1_52' title="bbox 2196 2129 3780 2205; baseline 0.004 -21"><span class='ocrx_word' id='word_1_351' title='bbox 2196 2129 2476 2199; x_wconf 80' lang='lat' dir='ltr'><strong>Augustus</strong></span> <span class='ocrx_word' id='word_1_352' title='bbox 2520 2129 2745 2185; x_wconf 89' lang='lat' dir='ltr'><strong>Octobri</strong></span> <span class='ocrx_word' id='word_1_353' title='bbox 2783 2147 2969 2187; x_wconf 83' lang='lat' dir='ltr'><strong>mense</strong></span> <span class='ocrx_word' id='word_1_354' title='bbox 3026 2133 3177 2188; x_wconf 88' lang='lat' dir='ltr'><strong>diem</strong></span> <span class='ocrx_word' id='word_1_355' title='bbox 3239 2133 3404 2205; x_wconf 69' lang='grc'><strong>746</strong></span> <span class='ocrx_word' id='word_1_356' title='bbox 3455 2135 3619 2190; x_wconf 90' lang='lat' dir='ltr'><strong>obiit.</strong></span> <span class='ocrx_word' id='word_1_357' title='bbox 3686 2135 3780 2190; x_wconf 72' lang='lat' dir='ltr'><strong>E51</strong></span> 
     </span>
    </p>
   </div>
   <div class='ocr_carea' id='block_1_53' title="bbox 2198 2223 3783 2295">
    <p class='ocr_par' dir='ltr' id='par_1_53' title="bbox 2198 2223 3783 2295">
     <span class='ocr_line' id='line_1_53' title="bbox 2198 2223 3783 2295; baseline 0.003 -19"><span class='ocrx_word' id='word_1_358' title='bbox 2198 2231 2383 2277; x_wconf 88' lang='lat' dir='ltr'><strong>autem</strong></span> <span class='ocrx_word' id='word_1_359' title='bbox 2412 2223 2739 2279; x_wconf 90' lang='lat' dir='ltr'><strong>incredibile</strong></span> <span class='ocrx_word' id='word_1_360' title='bbox 2774 2223 3064 2278; x_wconf 86' lang='lat' dir='ltr'><strong>fecundam</strong></span> <span class='ocrx_word' id='word_1_361' title='bbox 3097 2226 3303 2295; x_wconf 89' lang='lat' dir='ltr'><strong>alioqui</strong></span> <span class='ocrx_word' id='word_1_362' title='bbox 3338 2227 3634 2281; x_wconf 86' lang='lat' dir='ltr'><strong>mulierem</strong></span> <span class='ocrx_word' id='word_1_363' title='bbox 3659 2226 3783 2282; x_wconf 82' lang='lat' dir='ltr'><strong>viro</strong></span> 
     </span>
    </p>
   </div>
   <div class='ocr_carea' id='block_1_54' title="bbox 2195 2315 3778 2387">
    <p class='ocr_par' dir='ltr' id='par_1_54' title="bbox 2195 2315 3778 2387">
     <span class='ocr_line' id='line_1_54' title="bbox 2195 2315 3778 2387; baseline 0.001 -19"><span class='ocrx_word' id='word_1_364' title='bbox 2195 2316 2298 2368; x_wconf 75' lang='lat' dir='ltr'><strong>aevi</strong></span> <span class='ocrx_word' id='word_1_365' title='bbox 2360 2316 2539 2383; x_wconf 89' lang='lat' dir='ltr'><strong>pleni,</strong></span> <span class='ocrx_word' id='word_1_366' title='bbox 2596 2315 2799 2384; x_wconf 87' lang='lat' dir='ltr'><strong>quippe</strong></span> <span class='ocrx_word' id='word_1_367' title='bbox 2850 2330 3119 2369; x_wconf 84' lang='lat' dir='ltr'><strong>annorum</strong></span> <span class='ocrx_word' id='word_1_368' title='bbox 3180 2317 3595 2387; x_wconf 78' lang='lat' dir='ltr'><strong>duodetriginta</strong></span> <span class='ocrx_word' id='word_1_369' title='bbox 3652 2333 3778 2372; x_wconf 88' lang='lat' dir='ltr'><strong>cum</strong></span> 
     </span>
    </p>
   </div>
   <div class='ocr_carea' id='block_1_55' title="bbox 2196 2406 3783 2480">
    <p class='ocr_par' dir='ltr' id='par_1_55' title="bbox 2196 2406 3783 2480">
     <span class='ocr_line' id='line_1_55' title="bbox 2196 2406 3783 2480; baseline 0.002 -20"><span class='ocrx_word' id='word_1_370' title='bbox 2196 2406 2355 2461; x_wconf 60' lang='lat' dir='ltr'><strong>duxit</strong></span> <span class='ocrx_word' id='word_1_371' title='bbox 2419 2422 2646 2460; x_wconf 79' lang='lat' dir='ltr'><strong>uxorem</strong></span> <span class='ocrx_word' id='word_1_372' title='bbox 2696 2408 2911 2476; x_wconf 87' lang='lat' dir='ltr'><strong>juveni,</strong></span> <span class='ocrx_word' id='word_1_373' title='bbox 2961 2423 3053 2461; x_wconf 78' lang='lat' dir='ltr'><strong>sex</strong></span> <span class='ocrx_word' id='word_1_374' title='bbox 3106 2410 3237 2462; x_wconf 90' lang='lat' dir='ltr'><strong>totis</strong></span> <span class='ocrx_word' id='word_1_375' title='bbox 3293 2410 3486 2478; x_wconf 90' lang='lat' dir='ltr'><strong>primis</strong></span> <span class='ocrx_word' id='word_1_376' title='bbox 3537 2408 3783 2480; x_wconf 79' lang='lat' dir='ltr'><strong>conjugii</strong></span> 
     </span>
    </p>
   </div>
   <div class='ocr_carea' id='block_1_56' title="bbox 2197 2501 3785 2570">
    <p class='ocr_par' dir='ltr' id='par_1_56' title="bbox 2197 2501 3785 2570">
     <span class='ocr_line' id='line_1_56' title="bbox 2197 2501 3785 2570; baseline -0.001 -16"><span class='ocrx_word' id='word_1_377' title='bbox 2197 2502 2358 2555; x_wconf 83' lang='lat' dir='ltr'><strong>annis</strong></span> <span class='ocrx_word' id='word_1_378' title='bbox 2392 2502 2600 2555; x_wconf 87' lang='lat' dir='ltr'><strong>nullam</strong></span> <span class='ocrx_word' id='word_1_379' title='bbox 2656 2502 2864 2570; x_wconf 89' lang='lat' dir='ltr'><strong>prolem</strong></span> <span class='ocrx_word' id='word_1_380' title='bbox 2920 2502 3179 2556; x_wconf 80' lang='lat' dir='ltr'><strong>edidisse.</strong></span> <span class='ocrx_word' id='word_1_381' title='bbox 3215 2501 3485 2567; x_wconf 86' lang='lat' dir='ltr'><strong>Quocirca</strong></span> <span class='ocrx_word' id='word_1_382' title='bbox 3523 2503 3785 2556; x_wconf 76' lang='lat' dir='ltr'><strong>existimo</strong></span> 
     </span>
    </p>
   </div>
   <div class='ocr_carea' id='block_1_57' title="bbox 2195 2593 3783 2663">
    <p class='ocr_par' dir='ltr' id='par_1_57' title="bbox 2195 2593 3783 2663">
     <span class='ocr_line' id='line_1_57' title="bbox 2195 2593 3783 2663; baseline -0.001 -15"><span class='ocrx_word' id='word_1_383' title='bbox 2195 2594 2504 2649; x_wconf 81' lang='lat' dir='ltr'><strong>Manueletn</strong></span> <span class='ocrx_word' id='word_1_384' title='bbox 2537 2594 2989 2663; x_wconf 82' lang='lat' dir='ltr'><strong>primogenitum,</strong></span> <span class='ocrx_word' id='word_1_385' title='bbox 3021 2593 3113 2656; x_wconf 87' lang='lat' dir='ltr'><strong>qui</strong></span> <span class='ocrx_word' id='word_1_386' title='bbox 3164 2594 3368 2648; x_wconf 89' lang='lat' dir='ltr'><strong>deinde</strong></span> <span class='ocrx_word' id='word_1_387' title='bbox 3404 2595 3591 2648; x_wconf 86' lang='lat' dir='ltr'><strong>infans</strong></span> <span class='ocrx_word' id='word_1_388' title='bbox 3622 2594 3783 2657; x_wconf 88' lang='lat' dir='ltr'><strong>obiit,</strong></span> 
     </span>
    </p>
   </div>
   <div class='ocr_carea' id='block_1_58' title="bbox 2197 2683 3783 2753">
    <p class='ocr_par' dir='ltr' id='par_1_58' title="bbox 2197 2683 3783 2753">
     <span class='ocr_line' id='line_1_58' title="bbox 2197 2683 3783 2753; baseline 0 -16"><span class='ocrx_word' id='word_1_389' title='bbox 2197 2683 2331 2753; x_wconf 87' lang='lat' dir='ltr'><strong>ipsis</strong></span> <span class='ocrx_word' id='word_1_390' title='bbox 2372 2692 2558 2736; x_wconf 80' lang='lat' dir='ltr'><strong>na‘tnm</strong></span> <span class='ocrx_word' id='word_1_391' title='bbox 2614 2698 2757 2736; x_wconf 90' lang='lat' dir='ltr'><strong>anno</strong></span> <span class='ocrx_word' id='word_1_392' title='bbox 2806 2683 3011 2736; x_wconf 90' lang='lat' dir='ltr'><strong>Christi</strong></span> <span class='ocrx_word' id='word_1_393' title='bbox 3046 2683 3199 2749; x_wconf 70' lang='lat'><strong>[256,</strong></span> <span class='ocrx_word' id='word_1_394' title='bbox 3230 2684 3611 2738; x_wconf 81' lang='lat' dir='ltr'><strong>Andronicum</strong></span> <span class='ocrx_word' id='word_1_395' title='bbox 3647 2700 3783 2738; x_wconf 86' lang='lat' dir='ltr'><strong>vero</strong></span> 
     </span>
    </p>
   </div>
   <div class='ocr_carea' id='block_1_59' title="bbox 2196 2773 3781 2842">
    <p class='ocr_par' dir='ltr' id='par_1_59' title="bbox 2196 2773 3781 2842">
     <span class='ocr_line' id='line_1_59' title="bbox 2196 2773 3781 2842; baseline -0.001 -15"><span class='ocrx_word' id='word_1_396' title='bbox 2196 2774 2422 2827; x_wconf 87' lang='lat' dir='ltr'><strong>biennio</strong></span> <span class='ocrx_word' id='word_1_397' title='bbox 2455 2782 2601 2842; x_wconf 79' lang='lat' dir='ltr'><strong>post,</strong></span> <span class='ocrx_word' id='word_1_398' title='bbox 2640 2773 2833 2841; x_wconf 82' lang='lat' dir='ltr'><strong>primis</strong></span> <span class='ocrx_word' id='word_1_399' title='bbox 2857 2774 3163 2835; x_wconf 90' lang='lat' dir='ltr'><strong>mensibus,</strong></span> <span class='ocrx_word' id='word_1_400' title='bbox 3194 2784 3253 2827; x_wconf 91' lang='lat' dir='ltr'><strong>ut</strong></span> <span class='ocrx_word' id='word_1_401' title='bbox 3283 2774 3419 2837; x_wconf 78' lang='lat' dir='ltr'><strong>dixi,</strong></span> <span class='ocrx_word' id='word_1_402' title='bbox 3449 2775 3583 2827; x_wconf 89' lang='lat' dir='ltr'><strong>anni</strong></span> <span class='ocrx_word' id='word_1_403' title='bbox 3615 2774 3781 2829; x_wconf 88' lang='lat' dir='ltr'><strong>Chri-</strong></span> 
     </span>
    </p>
   </div>
   <div class='ocr_carea' id='block_1_60' title="bbox 2194 2861 3780 2931">
    <p class='ocr_par' dir='ltr' id='par_1_60' title="bbox 2194 2861 3780 2931">
     <span class='ocr_line' id='line_1_60' title="bbox 2194 2861 3780 2931; baseline 0.001 -16"><span class='ocrx_word' id='word_1_404' title='bbox 2194 2866 2258 2915; x_wconf 89' lang='lat' dir='ltr'><strong>sti</strong></span> <span class='ocrx_word' id='word_1_405' title='bbox 2298 2861 2453 2916; x_wconf 63' lang='lat'><strong>1958.</strong></span> <span class='ocrx_word' id='word_1_406' title='bbox 2478 2861 2596 2927; x_wconf 85' lang='lat' dir='ltr'><strong>Quo</strong></span> <span class='ocrx_word' id='word_1_407' title='bbox 2626 2862 2805 2930; x_wconf 91' lang='lat' dir='ltr'><strong>posito</strong></span> <span class='ocrx_word' id='word_1_408' title='bbox 2862 2877 3033 2929; x_wconf 87' lang='lat' dir='ltr'><strong>prona</strong></span> <span class='ocrx_word' id='word_1_409' title='bbox 3080 2861 3285 2915; x_wconf 90' lang='lat' dir='ltr'><strong>deinde</strong></span> <span class='ocrx_word' id='word_1_410' title='bbox 3340 2862 3608 2916; x_wconf 79' lang='lat' dir='ltr'><strong>facilitate</strong></span> <span class='ocrx_word' id='word_1_411' title='bbox 3653 2872 3780 2931; x_wconf 82' lang='lat' dir='ltr'><strong>apta</strong></span> 
     </span>
    </p>
   </div>
   <div class='ocr_carea' id='block_1_61' title="bbox 2192 2953 3783 3026">
    <p class='ocr_par' dir='ltr' id='par_1_61' title="bbox 2192 2953 3783 3026">
     <span class='ocr_line' id='line_1_61' title="bbox 2192 2953 3783 3026; baseline 0.001 -19"><span class='ocrx_word' id='word_1_412' title='bbox 2192 2965 2517 3007; x_wconf 67' lang='lat' dir='ltr'><strong>eaeterorum</strong></span> <span class='ocrx_word' id='word_1_413' title='bbox 2559 2953 2863 3007; x_wconf 81' lang='lat' dir='ltr'><strong>Andronici</strong></span> <span class='ocrx_word' id='word_1_414' title='bbox 2904 2965 3152 3008; x_wconf 86' lang='lat' dir='ltr'><strong>actorum</strong></span> <span class='ocrx_word' id='word_1_415' title='bbox 3184 2956 3237 3008; x_wconf 91' lang='lat' dir='ltr'><strong>in</strong></span> <span class='ocrx_word' id='word_1_416' title='bbox 3281 2956 3424 3009; x_wconf 89' lang='lat' dir='ltr'><strong>serie</strong></span> <span class='ocrx_word' id='word_1_417' title='bbox 3462 2956 3628 3026; x_wconf 90' lang='lat' dir='ltr'><strong>hujus</strong></span> <span class='ocrx_word' id='word_1_418' title='bbox 3658 2955 3783 3009; x_wconf 85' lang='lat' dir='ltr'><strong>llis-</strong></span> 
     </span>
    </p>
   </div>
   <div class='ocr_carea' id='block_1_62' title="bbox 2194 3045 3781 3115">
    <p class='ocr_par' dir='ltr' id='par_1_62' title="bbox 2194 3045 3781 3115">
     <span class='ocr_line' id='line_1_62' title="bbox 2194 3045 3781 3115; baseline 0.001 -18"><span class='ocrx_word' id='word_1_419' title='bbox 2194 3047 2346 3099; x_wconf 75' lang='lat' dir='ltr'><strong>toria:</strong></span> <span class='ocrx_word' id='word_1_420' title='bbox 2374 3045 2662 3114; x_wconf 80' lang='lat' dir='ltr'><strong>dispositio</strong></span> <span class='ocrx_word' id='word_1_421' title='bbox 2715 3045 2981 3100; x_wconf 90' lang='lat' dir='ltr'><strong>succedit.</strong></span> <span class='ocrx_word' id='word_1_422' title='bbox 3015 3045 3148 3099; x_wconf 87' lang='lat' dir='ltr'><strong>Nam</strong></span> <span class='ocrx_word' id='word_1_423' title='bbox 3183 3046 3329 3115; x_wconf 90' lang='lat' dir='ltr'><strong>quod</strong></span> <span class='ocrx_word' id='word_1_424' title='bbox 3370 3056 3501 3100; x_wconf 85' lang='lat' dir='ltr'><strong>ante</strong></span> <span class='ocrx_word' id='word_1_425' title='bbox 3542 3046 3781 3101; x_wconf 76' lang='lat' dir='ltr'><strong>rnentio—</strong></span> 
     </span>
    </p>
   </div>
   <div class='ocr_carea' id='block_1_63' title="bbox 508 3134 3775 3224">
    <p class='ocr_par' dir='ltr' id='par_1_63' title="bbox 508 3134 3775 3224">
     <span class='ocr_line' id='line_1_63' title="bbox 508 3134 3775 3224; baseline -0.005 -17"><span class='ocrx_word' id='word_1_426' title='bbox 508 3134 690 3207; x_wconf 74' lang='lat' dir='ltr'><strong>naeho</strong></span> <span class='ocrx_word' id='word_1_427' title='bbox 729 3150 1060 3205; x_wconf 89' lang='lat' dir='ltr'><strong>otiosissime</strong></span> <span class='ocrx_word' id='word_1_428' title='bbox 1090 3147 1334 3210; x_wconf 87' lang='lat' dir='ltr'><strong>solitum,</strong></span> <span class='ocrx_word' id='word_1_429' title='bbox 1378 3154 1543 3214; x_wconf 89' lang='lat' dir='ltr'><strong>atque</strong></span> <span class='ocrx_word' id='word_1_430' title='bbox 1593 3144 1731 3199; x_wconf 90' lang='lat' dir='ltr'><strong>adeo</strong></span> <span class='ocrx_word' id='word_1_431' title='bbox 1768 3146 1884 3213; x_wconf 88' lang='lat' dir='ltr'><strong>ipsa</strong></span> <span class='ocrx_word' id='word_1_432' title='bbox 1918 3152 2078 3197; x_wconf 89' lang='lat' dir='ltr'><strong>nocte</strong></span> <span class='ocrx_word' id='word_1_433' title='bbox 2108 3163 2152 3224; x_wconf 70' lang='grc' dir='ltr'>ρ</span> <span class='ocrx_word' id='word_1_434' title='bbox 2189 3154 2314 3192; x_wconf 88' lang='lat' dir='ltr'><strong>nem</strong></span> <span class='ocrx_word' id='word_1_435' title='bbox 2345 3137 2506 3192; x_wconf 83' lang='lat' dir='ltr'><strong>electi</strong></span> <span class='ocrx_word' id='word_1_436' title='bbox 2548 3139 2600 3189; x_wconf 91' lang='lat' dir='ltr'><strong>in</strong></span> <span class='ocrx_word' id='word_1_437' title='bbox 2628 3154 2823 3207; x_wconf 84' lang='lat' dir='ltr'><strong>papam</strong></span> <span class='ocrx_word' id='word_1_438' title='bbox 2845 3138 3096 3205; x_wconf 77' lang='lat' dir='ltr'><strong>Gregorii</strong></span> <span class='ocrx_word' id='word_1_439' title='bbox 3130 3137 3177 3191; x_wconf 80' lang='grc' dir='ltr'><strong>Χ</strong></span> <span class='ocrx_word' id='word_1_440' title='bbox 3205 3138 3399 3191; x_wconf 76' lang='lat' dir='ltr'><strong>refert&#39;</strong></span> <span class='ocrx_word' id='word_1_441' title='bbox 3430 3153 3485 3192; x_wconf 92' lang='lat' dir='ltr'><strong>c.</strong></span> <span class='ocrx_word' id='word_1_442' title='bbox 3509 3137 3604 3204; x_wconf 72' lang='lat'><strong>28,</strong></span> <span class='ocrx_word' id='word_1_443' title='bbox 3632 3136 3670 3190; x_wconf 91' lang='lat' dir='ltr'><strong>l.</strong></span> <span class='ocrx_word' id='word_1_444' title='bbox 3700 3151 3775 3199; x_wconf 78' lang='lat' dir='ltr'><strong>Iv,</strong></span> 
     </span>
    </p>
   </div>
   <div class='ocr_carea' id='block_1_64' title="bbox 509 3236 2086 3315">
    <p class='ocr_par' dir='ltr' id='par_1_64' title="bbox 509 3236 2086 3315">
     <span class='ocr_line' id='line_1_64' title="bbox 509 3236 2086 3315; baseline -0.004 -18"><span class='ocrx_word' id='word_1_445' title='bbox 509 3260 615 3315; x_wconf 88' lang='lat' dir='ltr'><strong>qua</strong></span> <span class='ocrx_word' id='word_1_446' title='bbox 645 3251 729 3299; x_wconf 87' lang='lat' dir='ltr'><strong>est</strong></span> <span class='ocrx_word' id='word_1_447' title='bbox 769 3250 1018 3296; x_wconf 88' lang='lat' dir='ltr'><strong>mortuus</strong></span> <span class='ocrx_word' id='word_1_448' title='bbox 1054 3239 1257 3293; x_wconf 89' lang='lat' dir='ltr'><strong>multas</strong></span> <span class='ocrx_word' id='word_1_449' title='bbox 1283 3240 1452 3293; x_wconf 87' lang='lat' dir='ltr'><strong>horas</strong></span> <span class='ocrx_word' id='word_1_450' title='bbox 1485 3236 1795 3292; x_wconf 84' lang='lat' dir='ltr'><strong>suavissimi</strong></span> <span class='ocrx_word' id='word_1_451' title='bbox 1828 3236 2086 3303; x_wconf 85' lang='lat' dir='ltr'><strong>colloquii</strong></span> 
     </span>
    </p>
   </div>
   <div class='ocr_carea' id='block_1_65' title="bbox 507 3329 2088 3397">
    <p class='ocr_par' dir='ltr' id='par_1_65' title="bbox 507 3329 2088 3397">
     <span class='ocr_line' id='line_1_65' title="bbox 507 3329 2088 3397; baseline -0.004 -7"><span class='ocrx_word' id='word_1_452' title='bbox 507 3352 633 3391; x_wconf 92' lang='lat' dir='ltr'><strong>cum</strong></span> <span class='ocrx_word' id='word_1_453' title='bbox 670 3352 735 3389; x_wconf 86' lang='lat' dir='ltr'><strong>eo</strong></span> <span class='ocrx_word' id='word_1_454' title='bbox 766 3334 1010 3397; x_wconf 76' lang='lat' dir='ltr'><strong>duxisse,</strong></span> <span class='ocrx_word' id='word_1_455' title='bbox 1038 3332 1195 3385; x_wconf 88' lang='lat' dir='ltr'><strong>facile</strong></span> <span class='ocrx_word' id='word_1_456' title='bbox 1226 3330 1454 3385; x_wconf 90' lang='lat' dir='ltr'><strong>credere</strong></span> <span class='ocrx_word' id='word_1_457' title='bbox 1481 3344 1775 3395; x_wconf 89' lang='lat' dir='ltr'><strong>possumus</strong></span> <span class='ocrx_word' id='word_1_458' title='bbox 1797 3329 2088 3383; x_wconf 79' lang='lat' dir='ltr'><strong>rescivisse</strong></span> 
     </span>
    </p>
   </div>
   <div class='ocr_carea' id='block_1_66' title="bbox 507 3419 2088 3494">
    <p class='ocr_par' dir='ltr' id='par_1_66' title="bbox 507 3419 2088 3494">
     <span class='ocr_line' id='line_1_66' title="bbox 507 3419 2088 3494; baseline -0.008 -13"><span class='ocrx_word' id='word_1_459' title='bbox 507 3443 573 3481; x_wconf 78' lang='lat' dir='ltr'><strong>ex</strong></span> <span class='ocrx_word' id='word_1_460' title='bbox 604 3441 670 3480; x_wconf 89' lang='lat' dir='ltr'><strong>eo</strong></span> <span class='ocrx_word' id='word_1_461' title='bbox 696 3425 874 3494; x_wconf 89' lang='lat' dir='ltr'><strong>ipsum</strong></span> <span class='ocrx_word' id='word_1_462' title='bbox 908 3437 1031 3491; x_wconf 63' lang='lat' dir='ltr'><strong>quae</strong></span> <span class='ocrx_word' id='word_1_463' title='bbox 1076 3422 1144 3474; x_wconf 90' lang='lat' dir='ltr'><strong>de</strong></span> <span class='ocrx_word' id='word_1_464' title='bbox 1179 3419 1328 3473; x_wconf 87' lang='lat' dir='ltr'><strong>illius</strong></span> <span class='ocrx_word' id='word_1_465' title='bbox 1363 3433 1633 3491; x_wconf 59' lang='lat' dir='ltr'><strong>annorum</strong></span> <span class='ocrx_word' id='word_1_466' title='bbox 1670 3431 1899 3469; x_wconf 89' lang='lat' dir='ltr'><strong>numero</strong></span> <span class='ocrx_word' id='word_1_467' title='bbox 1932 3428 2088 3469; x_wconf 88' lang='lat' dir='ltr'><strong>nola—</strong></span> 
     </span>
    </p>
   </div>
   <div class='ocr_carea' id='block_1_67' title="bbox 507 3508 2084 3574">
    <p class='ocr_par' dir='ltr' id='par_1_67' title="bbox 507 3508 2084 3574">
     <span class='ocr_line' id='line_1_67' title="bbox 507 3508 2084 3574; baseline -0.008 -2"><span class='ocrx_word' id='word_1_468' title='bbox 507 3519 586 3574; x_wconf 90' lang='lat' dir='ltr'><strong>vit</strong></span> <span class='ocrx_word' id='word_1_469' title='bbox 631 3518 684 3571; x_wconf 91' lang='lat' dir='ltr'><strong>in</strong></span> <span class='ocrx_word' id='word_1_470' title='bbox 722 3515 980 3570; x_wconf 89' lang='lat' dir='ltr'><strong>monodia</strong></span> <span class='ocrx_word' id='word_1_471' title='bbox 1038 3514 1105 3567; x_wconf 89' lang='lat' dir='ltr'><strong>de</strong></span> <span class='ocrx_word' id='word_1_472' title='bbox 1142 3510 1445 3566; x_wconf 81' lang='lat' dir='ltr'><strong>Andronici</strong></span> <span class='ocrx_word' id='word_1_473' title='bbox 1490 3508 1670 3571; x_wconf 87' lang='lat' dir='ltr'><strong>obitu,</strong></span> <span class='ocrx_word' id='word_1_474' title='bbox 1726 3508 1883 3561; x_wconf 88' lang='lat' dir='ltr'><strong>initio</strong></span> <span class='ocrx_word' id='word_1_475' title='bbox 1932 3508 1971 3562; x_wconf 94' lang='lat' dir='ltr'><strong>l.</strong></span> <span class='ocrx_word' id='word_1_476' title='bbox 2031 3523 2084 3569; x_wconf 64' lang='grc' dir='ltr'><strong>χ,</strong></span> 
     </span>
    </p>
   </div>
   <div class='ocr_carea' id='block_1_68' title="bbox 510 3598 2085 3681">
    <p class='ocr_par' dir='ltr' id='par_1_68' title="bbox 510 3598 2085 3681">
     <span class='ocr_line' id='line_1_68' title="bbox 510 3598 2085 3681; baseline -0.008 -19"><span class='ocrx_word' id='word_1_477' title='bbox 510 3627 567 3680; x_wconf 83' lang='grc' dir='ltr'><strong>ρ.</strong></span> <span class='ocrx_word' id='word_1_478' title='bbox 613 3610 742 3675; x_wconf 73' lang='grc'><strong>214,</strong></span> <span class='ocrx_word' id='word_1_479' title='bbox 785 3609 871 3662; x_wconf 86' lang='lat' dir='ltr'><strong>his</strong></span> <span class='ocrx_word' id='word_1_480' title='bbox 931 3607 1090 3676; x_wconf 88' lang='lat' dir='ltr'><strong>plane</strong></span> <span class='ocrx_word' id='word_1_481' title='bbox 1139 3604 1324 3658; x_wconf 81' lang='lat' dir='ltr'><strong>verbis</strong></span> <span class='ocrx_word' id='word_1_482' title='bbox 1367 3603 1691 3673; x_wconf 74' lang='grc' dir='ltr'>εΤέταρτον</span> <span class='ocrx_word' id='word_1_483' title='bbox 1726 3604 1824 3681; x_wconf 70' lang='grc' dir='ltr'><strong>μὲν</strong></span> <span class='ocrx_word' id='word_1_484' title='bbox 1855 3600 1955 3671; x_wconf 72' lang='grc' dir='ltr'><strong>ήδη</strong></span> <span class='ocrx_word' id='word_1_485' title='bbox 1991 3598 2085 3660; x_wconf 63' lang='lat' dir='ltr'><strong>mi.</strong></span> 
     </span>
    </p>
   </div>
   <div class='ocr_carea' id='block_1_69' title="bbox 508 3691 2084 3769">
    <p class='ocr_par' dir='ltr' id='par_1_69' title="bbox 508 3691 2084 3769">
     <span class='ocr_line' id='line_1_69' title="bbox 508 3691 2084 3769; baseline -0.01 -16"><span class='ocrx_word' id='word_1_486' title='bbox 508 3698 913 3769; x_wconf 66' lang='lat' dir='ltr'><strong>é‘JEOpqxos-tbv</strong></span> <span class='ocrx_word' id='word_1_487' title='bbox 947 3696 1072 3758; x_wconf 72' lang='grc' dir='ltr'><strong>ἔτος</strong></span> <span class='ocrx_word' id='word_1_488' title='bbox 1118 3694 1228 3748; x_wconf 78' lang='grc' dir='ltr'><strong>ἀπὸ</strong></span> <span class='ocrx_word' id='word_1_489' title='bbox 1258 3693 1529 3761; x_wconf 78' lang='grc' dir='ltr'><strong>γενέσεως</strong></span> <span class='ocrx_word' id='word_1_490' title='bbox 1574 3691 1723 3761; x_wconf 74' lang='grc' dir='ltr'><strong>αὐτῷ</strong></span> <span class='ocrx_word' id='word_1_491' title='bbox 1763 3691 2084 3743; x_wconf 66' lang='grc' dir='ltr'><strong>τελευτῶντι</strong></span> 
     </span>
    </p>
   </div>
   <div class='ocr_carea' id='block_1_70' title="bbox 507 3782 2087 3861">
    <p class='ocr_par' dir='ltr' id='par_1_70' title="bbox 507 3782 2087 3861">
     <span class='ocr_line' id='line_1_70' title="bbox 507 3782 2087 3861; baseline -0.007 -16"><span class='ocrx_word' id='word_1_492' title='bbox 507 3794 735 3861; x_wconf 64' lang='grc' dir='ltr'><strong>ἠνύετοο</strong></span> <span class='ocrx_word' id='word_1_493' title='bbox 789 3790 1111 3856; x_wconf 74' lang='lat' dir='ltr'><strong>Quartuset</strong></span> <span class='ocrx_word' id='word_1_494' title='bbox 1148 3788 1561 3857; x_wconf 66' lang='lat' dir='ltr'><strong>septuagesima:</strong></span> <span class='ocrx_word' id='word_1_495' title='bbox 1614 3800 1787 3837; x_wconf 80' lang='lat' dir='ltr'><strong>annus</strong></span> <span class='ocrx_word' id='word_1_496' title='bbox 1832 3802 1863 3837; x_wconf 92' lang='lat' dir='ltr'><strong>a</strong></span> <span class='ocrx_word' id='word_1_497' title='bbox 1897 3782 2087 3835; x_wconf 76' lang='lat' dir='ltr'><strong>nativi-</strong></span> 
     </span>
    </p>
   </div>
   <div class='ocr_carea' id='block_1_71' title="bbox 507 3875 2084 3955">
    <p class='ocr_par' dir='ltr' id='par_1_71' title="bbox 507 3875 2084 3955">
     <span class='ocr_line' id='line_1_71' title="bbox 507 3875 2084 3955; baseline -0.008 -16"><span class='ocrx_word' id='word_1_498' title='bbox 507 3895 618 3940; x_wconf 77' lang='lat' dir='ltr'><strong>t..te</strong></span> <span class='ocrx_word' id='word_1_499' title='bbox 668 3885 769 3955; x_wconf 80' lang='lat' dir='ltr'><strong>ipsi</strong></span> <span class='ocrx_word' id='word_1_500' title='bbox 832 3881 1082 3937; x_wconf 69' lang='lat' dir='ltr'><strong>morienti</strong></span> <span class='ocrx_word' id='word_1_501' title='bbox 1150 3879 1539 3933; x_wconf 80' lang='lat' dir='ltr'><strong>absolvebatur.</strong></span> <span class='ocrx_word' id='word_1_502' title='bbox 1589 3877 1720 3943; x_wconf 63' lang='lat' dir='ltr'><strong>Quae</strong></span> <span class='ocrx_word' id='word_1_503' title='bbox 1772 3875 1938 3930; x_wconf 84' lang='lat' dir='ltr'><strong>verba</strong></span> <span class='ocrx_word' id='word_1_504' title='bbox 1976 3889 2084 3928; x_wconf 89' lang='lat' dir='ltr'><strong>non</strong></span> 
     </span>
    </p>
   </div>
   <div class='ocr_carea' id='block_1_72' title="bbox 506 3967 2087 4033">
    <p class='ocr_par' dir='ltr' id='par_1_72' title="bbox 506 3967 2087 4033">
     <span class='ocr_line' id='line_1_72' title="bbox 506 3967 2087 4033; baseline -0.009 -1"><span class='ocrx_word' id='word_1_505' title='bbox 506 3987 717 4032; x_wconf 90' lang='lat' dir='ltr'><strong>tantum</strong></span> <span class='ocrx_word' id='word_1_506' title='bbox 750 3975 948 4028; x_wconf 77' lang='lat' dir='ltr'><strong>vixisse</strong></span> <span class='ocrx_word' id='word_1_507' title='bbox 990 3973 1142 4027; x_wconf 89' lang='lat' dir='ltr'><strong>illum</strong></span> <span class='ocrx_word' id='word_1_508' title='bbox 1174 3971 1335 4025; x_wconf 91' lang='lat' dir='ltr'><strong>annis</strong></span> <span class='ocrx_word' id='word_1_509' title='bbox 1371 3972 1461 4033; x_wconf 71' lang='lat'><strong>74,</strong></span> <span class='ocrx_word' id='word_1_510' title='bbox 1503 3969 1597 4023; x_wconf 92' lang='lat' dir='ltr'><strong>sed</strong></span> <span class='ocrx_word' id='word_1_511' title='bbox 1631 3969 1800 4022; x_wconf 88' lang='lat' dir='ltr'><strong>etiam</strong></span> <span class='ocrx_word' id='word_1_512' title='bbox 1835 3967 1959 4020; x_wconf 88' lang='lat' dir='ltr'><strong>illos</strong></span> <span class='ocrx_word' id='word_1_513' title='bbox 1989 3980 2087 4020; x_wconf 81' lang='lat' dir='ltr'><strong>ex-</strong></span> 
     </span>
    </p>
   </div>
   <div class='ocr_carea' id='block_1_73' title="bbox 503 4056 2085 4135">
    <p class='ocr_par' dir='ltr' id='par_1_73' title="bbox 503 4056 2085 4135">
     <span class='ocr_line' id='line_1_73' title="bbox 503 4056 2085 4135; baseline -0.006 -16"><span class='ocrx_word' id='word_1_514' title='bbox 503 4063 739 4135; x_wconf 87' lang='lat' dir='ltr'><strong>plevisse</strong></span> <span class='ocrx_word' id='word_1_515' title='bbox 773 4062 1104 4132; x_wconf 83' lang='lat' dir='ltr'><strong>signiﬁcant.</strong></span> <span class='ocrx_word' id='word_1_516' title='bbox 1134 4058 1273 4114; x_wconf 92' lang='lat' dir='ltr'><strong>Cum</strong></span> <span class='ocrx_word' id='word_1_517' title='bbox 1304 4067 1485 4112; x_wconf 88' lang='lat' dir='ltr'><strong>autem</strong></span> <span class='ocrx_word' id='word_1_518' title='bbox 1522 4058 1593 4112; x_wconf 89' lang='lat' dir='ltr'><strong>sit</strong></span> <span class='ocrx_word' id='word_1_519' title='bbox 1625 4066 1875 4110; x_wconf 89' lang='lat' dir='ltr'><strong>mortuus</strong></span> <span class='ocrx_word' id='word_1_520' title='bbox 1900 4056 1987 4109; x_wconf 90' lang='lat' dir='ltr'><strong>die</strong></span> <span class='ocrx_word' id='word_1_521' title='bbox 2018 4057 2085 4110; x_wconf 71' lang='grc'>12</span> 
     </span>
    </p>
   </div>
   <div class='ocr_carea' id='block_1_74' title="bbox 504 4148 2081 4221">
    <p class='ocr_par' dir='ltr' id='par_1_74' title="bbox 504 4148 2081 4221">
     <span class='ocr_line' id='line_1_74' title="bbox 504 4148 2081 4221; baseline -0.007 -10"><span class='ocrx_word' id='word_1_522' title='bbox 504 4155 812 4217; x_wconf 88' lang='lat' dir='ltr'><strong>Februarii,</strong></span> <span class='ocrx_word' id='word_1_523' title='bbox 851 4165 909 4207; x_wconf 90' lang='lat' dir='ltr'><strong>ut</strong></span> <span class='ocrx_word' id='word_1_524' title='bbox 957 4153 1103 4207; x_wconf 88' lang='lat' dir='ltr'><strong>idem</strong></span> <span class='ocrx_word' id='word_1_525' title='bbox 1159 4150 1433 4221; x_wconf 86' lang='lat' dir='ltr'><strong>Gregoras</strong></span> <span class='ocrx_word' id='word_1_526' title='bbox 1481 4150 1721 4205; x_wconf 86' lang='lat' dir='ltr'><strong>afﬁrmat</strong></span> <span class='ocrx_word' id='word_1_527' title='bbox 1766 4148 1869 4202; x_wconf 91' lang='lat' dir='ltr'><strong>sub</strong></span> <span class='ocrx_word' id='word_1_528' title='bbox 1920 4151 2081 4203; x_wconf 88' lang='lat' dir='ltr'><strong>linem</strong></span> 
     </span>
    </p>
   </div>
   <div class='ocr_carea' id='block_1_75' title="bbox 504 4242 2083 4316">
    <p class='ocr_par' dir='ltr' id='par_1_75' title="bbox 504 4242 2083 4316">
     <span class='ocr_line' id='line_1_75' title="bbox 504 4242 2083 4316; baseline -0.006 -12"><span class='ocrx_word' id='word_1_529' title='bbox 504 4251 545 4304; x_wconf 94' lang='lat' dir='ltr'><strong>l.</strong></span> <span class='ocrx_word' id='word_1_530' title='bbox 581 4266 655 4312; x_wconf 72' lang='lat' dir='ltr'><strong>tv,</strong></span> <span class='ocrx_word' id='word_1_531' title='bbox 682 4250 768 4303; x_wconf 89' lang='lat' dir='ltr'><strong>vel</strong></span> <span class='ocrx_word' id='word_1_532' title='bbox 800 4264 909 4311; x_wconf 82' lang='lat' dir='ltr'><strong>xiv,</strong></span> <span class='ocrx_word' id='word_1_533' title='bbox 944 4261 998 4300; x_wconf 80' lang='lat' dir='ltr'><strong>ut</strong></span> <span class='ocrx_word' id='word_1_534' title='bbox 1025 4260 1335 4316; x_wconf 83' lang='lat' dir='ltr'><strong>anonymus</strong></span> <span class='ocrx_word' id='word_1_535' title='bbox 1367 4242 1651 4298; x_wconf 83' lang='lat' dir='ltr'><strong>adnotavit</strong></span> <span class='ocrx_word' id='word_1_536' title='bbox 1675 4242 1743 4295; x_wconf 91' lang='lat' dir='ltr'><strong>ad</strong></span> <span class='ocrx_word' id='word_1_537' title='bbox 1784 4243 2083 4309; x_wconf 81' lang='lat' dir='ltr'><strong>marginem</strong></span> 
     </span>
    </p>
   </div>
   <div class='ocr_carea' id='block_1_76' title="bbox 502 4336 2086 4407">
    <p class='ocr_par' dir='ltr' id='par_1_76' title="bbox 502 4336 2086 4407">
     <span class='ocr_line' id='line_1_76' title="bbox 502 4336 2086 4407; baseline -0.006 -10"><span class='ocrx_word' id='word_1_538' title='bbox 502 4342 611 4397; x_wconf 90' lang='lat' dir='ltr'><strong>loci</strong></span> <span class='ocrx_word' id='word_1_539' title='bbox 657 4339 1047 4401; x_wconf 86' lang='lat' dir='ltr'><strong>Cantacuzeni,</strong></span> <span class='ocrx_word' id='word_1_540' title='bbox 1082 4352 1246 4407; x_wconf 90' lang='lat' dir='ltr'><strong>quem</strong></span> <span class='ocrx_word' id='word_1_541' title='bbox 1278 4337 1443 4407; x_wconf 91' lang='lat' dir='ltr'><strong>paulo</strong></span> <span class='ocrx_word' id='word_1_542' title='bbox 1483 4348 1609 4390; x_wconf 91' lang='lat' dir='ltr'><strong>ante</strong></span> <span class='ocrx_word' id='word_1_543' title='bbox 1644 4336 1953 4400; x_wconf 88' lang='lat' dir='ltr'><strong>retulimus,</strong></span> <span class='ocrx_word' id='word_1_544' title='bbox 1990 4351 2086 4389; x_wconf 90' lang='lat' dir='ltr'><strong>co-</strong></span> 
     </span>
    </p>
   </div>
   <div class='ocr_carea' id='block_1_77' title="bbox 504 4428 2082 4505">
    <p class='ocr_par' dir='ltr' id='par_1_77' title="bbox 504 4428 2082 4505">
     <span class='ocr_line' id='line_1_77' title="bbox 504 4428 2082 4505; baseline -0.003 -18"><span class='ocrx_word' id='word_1_545' title='bbox 504 4435 687 4505; x_wconf 90' lang='lat' dir='ltr'><strong>gimur</strong></span> <span class='ocrx_word' id='word_1_546' title='bbox 710 4433 894 4486; x_wconf 86' lang='lat' dir='ltr'><strong>dicere</strong></span> <span class='ocrx_word' id='word_1_547' title='bbox 922 4440 1113 4483; x_wconf 84' lang='lat' dir='ltr'><strong>natum</strong></span> <span class='ocrx_word' id='word_1_548' title='bbox 1135 4429 1302 4482; x_wconf 85' lang='lat' dir='ltr'><strong>fuisse</strong></span> <span class='ocrx_word' id='word_1_549' title='bbox 1325 4428 1699 4482; x_wconf 83' lang='lat' dir='ltr'><strong>Andronicum</strong></span> <span class='ocrx_word' id='word_1_550' title='bbox 1726 4429 1829 4483; x_wconf 84' lang='lat' dir='ltr'><strong>sub</strong></span> <span class='ocrx_word' id='word_1_551' title='bbox 1866 4428 2082 4482; x_wconf 84' lang='lat' dir='ltr'><strong>initium</strong></span> 
     </span>
    </p>
   </div>
   <div class='ocr_carea' id='block_1_78' title="bbox 2192 3231 3775 3305">
    <p class='ocr_par' dir='ltr' id='par_1_78' title="bbox 2192 3231 3775 3305">
     <span class='ocr_line' id='line_1_78' title="bbox 2192 3231 3775 3305; baseline -0.001 -20"><span class='ocrx_word' id='word_1_552' title='bbox 2192 3231 2579 3305; x_wconf 79' lang='lat' dir='ltr'><strong>Pachymeres,</strong></span> <span class='ocrx_word' id='word_1_553' title='bbox 2628 3234 2946 3286; x_wconf 85' lang='lat' dir='ltr'><strong>Andronico</strong></span> <span class='ocrx_word' id='word_1_554' title='bbox 2974 3234 3084 3303; x_wconf 86' lang='lat' dir='ltr'><strong>jam</strong></span> <span class='ocrx_word' id='word_1_555' title='bbox 3125 3232 3178 3287; x_wconf 91' lang='lat' dir='ltr'><strong>in</strong></span> <span class='ocrx_word' id='word_1_556' title='bbox 3211 3233 3388 3285; x_wconf 87' lang='lat' dir='ltr'><strong>virum</strong></span> <span class='ocrx_word' id='word_1_557' title='bbox 3421 3232 3635 3294; x_wconf 86' lang='lat' dir='ltr'><strong>adulto,</strong></span> <span class='ocrx_word' id='word_1_558' title='bbox 3672 3231 3775 3284; x_wconf 89' lang='lat' dir='ltr'><strong>hoc</strong></span> 
     </span>
    </p>
   </div>
   <div class='ocr_carea' id='block_1_79' title="bbox 2191 3324 3776 3395">
    <p class='ocr_par' dir='ltr' id='par_1_79' title="bbox 2191 3324 3776 3395">
     <span class='ocr_line' id='line_1_79' title="bbox 2191 3324 3776 3395; baseline -0.003 -14"><span class='ocrx_word' id='word_1_559' title='bbox 2191 3335 2277 3381; x_wconf 91' lang='lat' dir='ltr'><strong>est</strong></span> <span class='ocrx_word' id='word_1_560' title='bbox 2327 3328 2381 3380; x_wconf 88' lang='lat' dir='ltr'><strong>in</strong></span> <span class='ocrx_word' id='word_1_561' title='bbox 2435 3328 2700 3395; x_wconf 86' lang='lat' dir='ltr'><strong>puberem</strong></span> <span class='ocrx_word' id='word_1_562' title='bbox 2737 3336 2791 3379; x_wconf 91' lang='lat' dir='ltr'><strong>et</strong></span> <span class='ocrx_word' id='word_1_563' title='bbox 2825 3326 3081 3395; x_wconf 74' lang='lat' dir='ltr'><strong>coniugio</strong></span> <span class='ocrx_word' id='word_1_564' title='bbox 3111 3337 3381 3379; x_wconf 86' lang='lat' dir='ltr'><strong>maturam</strong></span> <span class='ocrx_word' id='word_1_565' title='bbox 3414 3324 3618 3378; x_wconf 87' lang='lat' dir='ltr'><strong>educto</strong></span> <span class='ocrx_word' id='word_1_566' title='bbox 3645 3333 3776 3377; x_wconf 67' lang='lat' dir='ltr'><strong>atta-</strong></span> 
     </span>
    </p>
   </div>
   <div class='ocr_carea' id='block_1_80' title="bbox 2193 3417 3773 3488">
    <p class='ocr_par' dir='ltr' id='par_1_80' title="bbox 2193 3417 3773 3488">
     <span class='ocr_line' id='line_1_80' title="bbox 2193 3417 3773 3488; baseline -0.001 -17"><span class='ocrx_word' id='word_1_567' title='bbox 2193 3427 2325 3483; x_wconf 90' lang='lat' dir='ltr'><strong>tem,</strong></span> <span class='ocrx_word' id='word_1_568' title='bbox 2368 3430 2579 3483; x_wconf 88' lang='lat' dir='ltr'><strong>patrem</strong></span> <span class='ocrx_word' id='word_1_569' title='bbox 2629 3420 2749 3488; x_wconf 89' lang='lat' dir='ltr'><strong>ejus</strong></span> <span class='ocrx_word' id='word_1_570' title='bbox 2783 3433 3011 3473; x_wconf 76' lang='lat' dir='ltr'><strong>uxorem</strong></span> <span class='ocrx_word' id='word_1_571' title='bbox 3063 3432 3312 3486; x_wconf 55' lang='lat' dir='ltr'><strong>quaerere</strong></span> <span class='ocrx_word' id='word_1_572' title='bbox 3349 3418 3602 3486; x_wconf 71' lang='lat' dir='ltr'><strong>cmpisse.</strong></span> <span class='ocrx_word' id='word_1_573' title='bbox 3633 3417 3773 3470; x_wconf 78' lang='lat' dir='ltr'><strong>bene</strong></span> 
     </span>
    </p>
   </div>
   <div class='ocr_carea' id='block_1_81' title="bbox 2189 3510 3775 3580">
    <p class='ocr_par' dir='ltr' id='par_1_81' title="bbox 2189 3510 3775 3580">
     <span class='ocr_line' id='line_1_81' title="bbox 2189 3510 3775 3580; baseline 0.001 -17"><span class='ocrx_word' id='word_1_574' title='bbox 2189 3512 2421 3580; x_wconf 85' lang='lat' dir='ltr'><strong>quadrat</strong></span> <span class='ocrx_word' id='word_1_575' title='bbox 2456 3511 2507 3563; x_wconf 90' lang='lat' dir='ltr'><strong>in</strong></span> <span class='ocrx_word' id='word_1_576' title='bbox 2543 3527 2745 3564; x_wconf 92' lang='lat' dir='ltr'><strong>annum</strong></span> <span class='ocrx_word' id='word_1_577' title='bbox 2770 3510 2977 3565; x_wconf 89' lang='lat' dir='ltr'><strong>Christi</strong></span> <span class='ocrx_word' id='word_1_578' title='bbox 3014 3510 3172 3572; x_wconf 66' lang='grc'>1271,</span> <span class='ocrx_word' id='word_1_579' title='bbox 3201 3510 3348 3564; x_wconf 87' lang='lat' dir='ltr'><strong>sedis</strong></span> <span class='ocrx_word' id='word_1_580' title='bbox 3374 3512 3621 3563; x_wconf 87' lang='lat' dir='ltr'><strong>vacantis</strong></span> <span class='ocrx_word' id='word_1_581' title='bbox 3652 3518 3775 3577; x_wconf 85' lang='lat' dir='ltr'><strong>post</strong></span> 
     </span>
    </p>
   </div>
   <div class='ocr_carea' id='block_1_82' title="bbox 2190 3603 3769 3673">
    <p class='ocr_par' dir='ltr' id='par_1_82' title="bbox 2190 3603 3769 3673">
     <span class='ocr_line' id='line_1_82' title="bbox 2190 3603 3769 3673; baseline -0.001 -18"><span class='ocrx_word' id='word_1_582' title='bbox 2190 3615 2424 3657; x_wconf 89' lang='lat' dir='ltr'><strong>mortem</strong></span> <span class='ocrx_word' id='word_1_583' title='bbox 2483 3604 2788 3659; x_wconf 87' lang='lat' dir='ltr'><strong>Clementis</strong></span> <span class='ocrx_word' id='word_1_584' title='bbox 2834 3604 3018 3673; x_wconf 88' lang='lat' dir='ltr'><strong>quarti</strong></span> <span class='ocrx_word' id='word_1_585' title='bbox 3075 3604 3319 3667; x_wconf 85' lang='lat' dir='ltr'><strong>tertium,</strong></span> <span class='ocrx_word' id='word_1_586' title='bbox 3353 3619 3465 3672; x_wconf 86' lang='lat' dir='ltr'><strong>quo</strong></span> <span class='ocrx_word' id='word_1_587' title='bbox 3507 3603 3769 3656; x_wconf 87' lang='lat' dir='ltr'><strong>nimirum</strong></span> 
     </span>
    </p>
   </div>
   <div class='ocr_carea' id='block_1_83' title="bbox 2187 3695 3770 3767">
    <p class='ocr_par' dir='ltr' id='par_1_83' title="bbox 2187 3695 3770 3767">
     <span class='ocr_line' id='line_1_83' title="bbox 2187 3695 3770 3767; baseline -0.003 -17"><span class='ocrx_word' id='word_1_588' title='bbox 2187 3696 2539 3750; x_wconf 74' lang='lat' dir='ltr'><strong>Andronicus</strong></span> <span class='ocrx_word' id='word_1_589' title='bbox 2589 3696 2843 3765; x_wconf 89' lang='lat' dir='ltr'><strong>quintum</strong></span> <span class='ocrx_word' id='word_1_590' title='bbox 2897 3696 3175 3767; x_wconf 83' lang='lat' dir='ltr'><strong>decimum</strong></span> <span class='ocrx_word' id='word_1_591' title='bbox 3225 3695 3421 3764; x_wconf 80' lang='lat' dir='ltr'><strong>agebat</strong></span> <span class='ocrx_word' id='word_1_592' title='bbox 3455 3695 3633 3749; x_wconf 66' lang='lat' dir='ltr'><strong>{etatis</strong></span> <span class='ocrx_word' id='word_1_593' title='bbox 3674 3709 3770 3746; x_wconf 78' lang='lat' dir='ltr'><strong>an-</strong></span> 
     </span>
    </p>
   </div>
   <div class='ocr_carea' id='block_1_84' title="bbox 2188 3785 3770 3857">
    <p class='ocr_par' dir='ltr' id='par_1_84' title="bbox 2188 3785 3770 3857">
     <span class='ocr_line' id='line_1_84' title="bbox 2188 3785 3770 3857; baseline -0.003 -16"><span class='ocrx_word' id='word_1_594' title='bbox 2188 3804 2343 3843; x_wconf 93' lang='lat' dir='ltr'><strong>num.</strong></span> <span class='ocrx_word' id='word_1_595' title='bbox 2405 3788 2636 3856; x_wconf 78' lang='lat' dir='ltr'><strong>Nuptias</strong></span> <span class='ocrx_word' id='word_1_596' title='bbox 2691 3787 2839 3857; x_wconf 85' lang='lat' dir='ltr'><strong>ipsas</strong></span> <span class='ocrx_word' id='word_1_597' title='bbox 2870 3786 3176 3841; x_wconf 88' lang='lat' dir='ltr'><strong>Andronici</strong></span> <span class='ocrx_word' id='word_1_598' title='bbox 3238 3803 3361 3841; x_wconf 89' lang='lat' dir='ltr'><strong>cum</strong></span> <span class='ocrx_word' id='word_1_599' title='bbox 3417 3788 3576 3840; x_wconf 85' lang='lat' dir='ltr'><strong>Anna</strong></span> <span class='ocrx_word' id='word_1_600' title='bbox 3625 3785 3770 3853; x_wconf 82' lang='lat' dir='ltr'><strong>regis</strong></span> 
     </span>
    </p>
   </div>
   <div class='ocr_carea' id='block_1_85' title="bbox 2188 3878 3769 3950">
    <p class='ocr_par' dir='ltr' id='par_1_85' title="bbox 2188 3878 3769 3950">
     <span class='ocr_line' id='line_1_85' title="bbox 2188 3878 3769 3950; baseline -0.002 -17"><span class='ocrx_word' id='word_1_601' title='bbox 2188 3878 2486 3934; x_wconf 69' lang='lat' dir='ltr'><strong>Pannoniae</strong></span> <span class='ocrx_word' id='word_1_602' title='bbox 2520 3881 2650 3943; x_wconf 85' lang='lat' dir='ltr'><strong>filia,</strong></span> <span class='ocrx_word' id='word_1_603' title='bbox 2689 3882 2868 3950; x_wconf 83' lang='lat' dir='ltr'><strong>capite</strong></span> <span class='ocrx_word' id='word_1_604' title='bbox 2917 3878 3113 3934; x_wconf 87' lang='lat' dir='ltr'><strong>eodem</strong></span> <span class='ocrx_word' id='word_1_605' title='bbox 3166 3889 3522 3941; x_wconf 85' lang='lat' dir='ltr'><strong>memoratas,</strong></span> <span class='ocrx_word' id='word_1_606' title='bbox 3556 3879 3624 3932; x_wconf 90' lang='lat' dir='ltr'><strong>ad</strong></span> <span class='ocrx_word' id='word_1_607' title='bbox 3668 3892 3769 3930; x_wconf 84' lang='lat' dir='ltr'><strong>an-</strong></span> 
     </span>
    </p>
   </div>
   <div class='ocr_carea' id='block_1_86' title="bbox 2188 3968 3765 4041">
    <p class='ocr_par' dir='ltr' id='par_1_86' title="bbox 2188 3968 3765 4041">
     <span class='ocr_line' id='line_1_86' title="bbox 2188 3968 3765 4041; baseline -0.001 -16"><span class='ocrx_word' id='word_1_608' title='bbox 2188 3989 2321 4026; x_wconf 91' lang='lat' dir='ltr'><strong>num</strong></span> <span class='ocrx_word' id='word_1_609' title='bbox 2391 3983 2714 4041; x_wconf 89' lang='lat' dir='ltr'><strong>sequentem</strong></span> <span class='ocrx_word' id='word_1_610' title='bbox 2773 3971 2979 4026; x_wconf 86' lang='lat' dir='ltr'><strong>Christi</strong></span> <span class='ocrx_word' id='word_1_611' title='bbox 3036 3971 3172 4025; x_wconf 68' lang='grc'>1272</span> <span class='ocrx_word' id='word_1_612' title='bbox 3237 3971 3557 4026; x_wconf 87' lang='lat' dir='ltr'><strong>referimus.</strong></span> <span class='ocrx_word' id='word_1_613' title='bbox 3606 3968 3765 4025; x_wconf 80' lang='lat' dir='ltr'><strong>Unde</strong></span> 
     </span>
    </p>
   </div>
   <div class='ocr_carea' id='block_1_87' title="bbox 2188 4062 3763 4134">
    <p class='ocr_par' dir='ltr' id='par_1_87' title="bbox 2188 4062 3763 4134">
     <span class='ocr_line' id='line_1_87' title="bbox 2188 4062 3763 4134; baseline -0.004 -16"><span class='ocrx_word' id='word_1_614' title='bbox 2188 4064 2495 4133; x_wconf 84' lang='lat' dir='ltr'><strong>assumptio</strong></span> <span class='ocrx_word' id='word_1_615' title='bbox 2542 4065 2845 4118; x_wconf 86' lang='lat' dir='ltr'><strong>Andronici</strong></span> <span class='ocrx_word' id='word_1_616' title='bbox 2901 4064 3147 4134; x_wconf 85' lang='lat' dir='ltr'><strong>ejusdem</strong></span> <span class='ocrx_word' id='word_1_617' title='bbox 3194 4063 3247 4116; x_wconf 90' lang='lat' dir='ltr'><strong>in</strong></span> <span class='ocrx_word' id='word_1_618' title='bbox 3292 4063 3633 4118; x_wconf 89' lang='lat' dir='ltr'><strong>consortium</strong></span> <span class='ocrx_word' id='word_1_619' title='bbox 3662 4062 3763 4115; x_wconf 85' lang='lat' dir='ltr'><strong>im-</strong></span> 
     </span>
    </p>
   </div>
   <div class='ocr_carea' id='block_1_88' title="bbox 2190 4153 3766 4227">
    <p class='ocr_par' dir='ltr' id='par_1_88' title="bbox 2190 4153 3766 4227">
     <span class='ocr_line' id='line_1_88' title="bbox 2190 4153 3766 4227; baseline -0.004 -16"><span class='ocrx_word' id='word_1_620' title='bbox 2190 4158 2329 4227; x_wconf 88' lang='lat' dir='ltr'><strong>perii</strong></span> <span class='ocrx_word' id='word_1_621' title='bbox 2365 4173 2394 4210; x_wconf 91' lang='lat' dir='ltr'><strong>a</strong></span> <span class='ocrx_word' id='word_1_622' title='bbox 2444 4166 2599 4225; x_wconf 80' lang='lat' dir='ltr'><strong>patre</strong></span> <span class='ocrx_word' id='word_1_623' title='bbox 2630 4158 2877 4226; x_wconf 79' lang='lat' dir='ltr'><strong>Augusto</strong></span> <span class='ocrx_word' id='word_1_624' title='bbox 2912 4156 3077 4219; x_wconf 86' lang='lat' dir='ltr'><strong>facta,</strong></span> <span class='ocrx_word' id='word_1_625' title='bbox 3110 4163 3166 4207; x_wconf 88' lang='lat' dir='ltr'><strong>et</strong></span> <span class='ocrx_word' id='word_1_626' title='bbox 3192 4154 3456 4208; x_wconf 89' lang='lat' dir='ltr'><strong>solemnis</strong></span> <span class='ocrx_word' id='word_1_627' title='bbox 3481 4153 3766 4207; x_wconf 87' lang='lat' dir='ltr'><strong>coronatio</strong></span> 
     </span>
    </p>
   </div>
   <div class='ocr_carea' id='block_1_89' title="bbox 2186 4251 3763 4316">
    <p class='ocr_par' dir='ltr' id='par_1_89' title="bbox 2186 4251 3763 4316">
     <span class='ocr_line' id='line_1_89' title="bbox 2186 4251 3763 4316; baseline -0.005 -10"><span class='ocrx_word' id='word_1_628' title='bbox 2186 4251 2485 4306; x_wconf 87' lang='lat' dir='ltr'><strong>Andronici</strong></span> <span class='ocrx_word' id='word_1_629' title='bbox 2515 4259 2570 4303; x_wconf 90' lang='lat' dir='ltr'><strong>et</strong></span> <span class='ocrx_word' id='word_1_630' title='bbox 2603 4251 2772 4303; x_wconf 77' lang='lat' dir='ltr'><strong>Anna:</strong></span> <span class='ocrx_word' id='word_1_631' title='bbox 2832 4262 3101 4301; x_wconf 83' lang='lat' dir='ltr'><strong>novorum</strong></span> <span class='ocrx_word' id='word_1_632' title='bbox 3141 4251 3557 4316; x_wconf 85' lang='lat' dir='ltr'><strong>Augustorum,</strong></span> <span class='ocrx_word' id='word_1_633' title='bbox 3601 4261 3763 4314; x_wconf 88' lang='lat' dir='ltr'><strong>quam</strong></span> 
     </span>
    </p>
   </div>
   <div class='ocr_carea' id='block_1_90' title="bbox 2188 4336 3759 4410">
    <p class='ocr_par' dir='ltr' id='par_1_90' title="bbox 2188 4336 3759 4410">
     <span class='ocr_line' id='line_1_90' title="bbox 2188 4336 3759 4410; baseline -0.004 -15"><span class='ocrx_word' id='word_1_634' title='bbox 2188 4340 2551 4410; x_wconf 81' lang='lat' dir='ltr'><strong>Pachymeres</strong></span> <span class='ocrx_word' id='word_1_635' title='bbox 2574 4340 2748 4393; x_wconf 89' lang='lat' dir='ltr'><strong>altero</strong></span> <span class='ocrx_word' id='word_1_636' title='bbox 2779 4354 2811 4392; x_wconf 89' lang='lat' dir='ltr'><strong>a</strong></span> <span class='ocrx_word' id='word_1_637' title='bbox 2848 4339 3054 4407; x_wconf 89' lang='lat' dir='ltr'><strong>nuptiis</strong></span> <span class='ocrx_word' id='word_1_638' title='bbox 3088 4355 3232 4392; x_wconf 89' lang='lat' dir='ltr'><strong>anno</strong></span> <span class='ocrx_word' id='word_1_639' title='bbox 3271 4339 3607 4391; x_wconf 84' lang='lat' dir='ltr'><strong>celebratam</strong></span> <span class='ocrx_word' id='word_1_640' title='bbox 3654 4336 3759 4389; x_wconf 86' lang='lat' dir='ltr'><strong>ibi-</strong></span> 
     </span>
    </p>
   </div>
   <div class='ocr_carea' id='block_1_91' title="bbox 2187 4431 3759 4496">
    <p class='ocr_par' dir='ltr' id='par_1_91' title="bbox 2187 4431 3759 4496">
     <span class='ocr_line' id='line_1_91' title="bbox 2187 4431 3759 4496; baseline -0.002 -9"><span class='ocrx_word' id='word_1_641' title='bbox 2187 4434 2310 4489; x_wconf 92' lang='lat' dir='ltr'><strong>dem</strong></span> <span class='ocrx_word' id='word_1_642' title='bbox 2373 4433 2672 4496; x_wconf 88' lang='lat' dir='ltr'><strong>tradit,ad</strong></span> <span class='ocrx_word' id='word_1_643' title='bbox 2723 4449 2929 4487; x_wconf 88' lang='lat' dir='ltr'><strong>annum</strong></span> <span class='ocrx_word' id='word_1_644' title='bbox 2986 4432 3198 4488; x_wconf 84' lang='lat' dir='ltr'><strong>Christi</strong></span> <span class='ocrx_word' id='word_1_645' title='bbox 3256 4433 3397 4486; x_wconf 69' lang='lat'><strong>{275</strong></span> <span class='ocrx_word' id='word_1_646' title='bbox 3460 4431 3759 4486; x_wconf 60' lang='lat' dir='ltr'><strong>Andronici</strong></span> 
     </span>
    </p>
   </div>
   <div class='ocr_carea' id='block_1_92' title="bbox 504 4521 2987 4595">
    <p class='ocr_par' dir='ltr' id='par_1_92' title="bbox 504 4521 2987 4595">
     <span class='ocr_line' id='line_1_92' title="bbox 504 4521 2987 4595; baseline -0.002 -15"><span class='ocrx_word' id='word_1_647' title='bbox 504 4527 631 4581; x_wconf 89' lang='lat' dir='ltr'><strong>anni</strong></span> <span class='ocrx_word' id='word_1_648' title='bbox 662 4524 866 4580; x_wconf 89' lang='lat' dir='ltr'><strong>Christi</strong></span> <span class='ocrx_word' id='word_1_649' title='bbox 903 4523 1062 4578; x_wconf 68' lang='grc'><strong>1258.</strong></span> <span class='ocrx_word' id='word_1_650' title='bbox 1094 4522 1173 4576; x_wconf 88' lang='lat' dir='ltr'><strong>Ac</strong></span> <span class='ocrx_word' id='word_1_651' title='bbox 1204 4537 1273 4575; x_wconf 86' lang='lat' dir='ltr'><strong>ne</strong></span> <span class='ocrx_word' id='word_1_652' title='bbox 1304 4522 1429 4589; x_wconf 90' lang='lat' dir='ltr'><strong>quis</strong></span> <span class='ocrx_word' id='word_1_653' title='bbox 1457 4521 1771 4590; x_wconf 87' lang='lat' dir='ltr'><strong>suspicetur</strong></span> <span class='ocrx_word' id='word_1_654' title='bbox 1802 4522 2082 4590; x_wconf 81' lang='lat' dir='ltr'><strong>irrepsisse</strong></span> <span class='ocrx_word' id='word_1_655' title='bbox 2116 4531 2160 4585; x_wconf 80' lang='grc' dir='ltr'><strong>ι)</strong></span> <span class='ocrx_word' id='word_1_656' title='bbox 2188 4526 2697 4581; x_wconf 86' lang='lat' dir='ltr'><strong>duodevicesimum</strong></span> <span class='ocrx_word' id='word_1_657' title='bbox 2725 4528 2987 4595; x_wconf 81' lang='lat' dir='ltr'><strong>pertinet.</strong></span> 
     </span>
    </p>
   </div>
   <div class='ocr_carea' id='block_1_93' title="bbox 503 4615 2080 4685">
    <p class='ocr_par' dir='ltr' id='par_1_93' title="bbox 503 4615 2080 4685">
     <span class='ocr_line' id='line_1_93' title="bbox 503 4615 2080 4685; baseline -0.006 -11"><span class='ocrx_word' id='word_1_658' title='bbox 503 4635 749 4674; x_wconf 90' lang='lat' dir='ltr'><strong>errorem</strong></span> <span class='ocrx_word' id='word_1_659' title='bbox 794 4619 847 4671; x_wconf 89' lang='lat' dir='ltr'><strong>in</strong></span> <span class='ocrx_word' id='word_1_660' title='bbox 887 4627 1046 4671; x_wconf 83' lang='lat' dir='ltr'><strong>notas</strong></span> <span class='ocrx_word' id='word_1_661' title='bbox 1101 4616 1415 4669; x_wconf 88' lang='lat' dir='ltr'><strong>numerales</strong></span> <span class='ocrx_word' id='word_1_662' title='bbox 1456 4615 1600 4684; x_wconf 89' lang='lat' dir='ltr'><strong>apud</strong></span> <span class='ocrx_word' id='word_1_663' title='bbox 1627 4615 1951 4683; x_wconf 82' lang='lat' dir='ltr'><strong>Gregoram,</strong></span> <span class='ocrx_word' id='word_1_664' title='bbox 1985 4619 2080 4685; x_wconf 86' lang='lat' dir='ltr'><strong>qui</strong></span> 
     </span>
    </p>
   </div>
   <div class='ocr_carea' id='block_1_94' title="bbox 505 4708 2079 4775">
    <p class='ocr_par' dir='ltr' id='par_1_94' title="bbox 505 4708 2079 4775">
     <span class='ocr_line' id='line_1_94' title="bbox 505 4708 2079 4775; baseline -0.003 -10"><span class='ocrx_word' id='word_1_665' title='bbox 505 4721 688 4767; x_wconf 70' lang='lat' dir='ltr'><strong>tamen</strong></span> <span class='ocrx_word' id='word_1_666' title='bbox 720 4719 946 4765; x_wconf 81' lang='lat' dir='ltr'><strong>extense</strong></span> <span class='ocrx_word' id='word_1_667' title='bbox 978 4724 1041 4763; x_wconf 91' lang='lat' dir='ltr'><strong>ac</strong></span> <span class='ocrx_word' id='word_1_668' title='bbox 1074 4708 1193 4761; x_wconf 76' lang='lat' dir='ltr'><strong>sine</strong></span> <span class='ocrx_word' id='word_1_669' title='bbox 1222 4717 1481 4761; x_wconf 90' lang='lat' dir='ltr'><strong>notarum</strong></span> <span class='ocrx_word' id='word_1_670' title='bbox 1508 4709 1852 4775; x_wconf 70' lang='lat' dir='ltr'><strong>compendiis</strong></span> <span class='ocrx_word' id='word_1_671' title='bbox 1875 4722 2079 4761; x_wconf 88' lang='lat' dir='ltr'><strong>annum</strong></span> 
     </span>
    </p>
   </div>
   <div class='ocr_carea' id='block_1_95' title="bbox 503 4799 2078 4874">
    <p class='ocr_par' dir='ltr' id='par_1_95' title="bbox 503 4799 2078 4874">
     <span class='ocr_line' id='line_1_95' title="bbox 503 4799 2078 4874; baseline -0.004 -15"><span class='ocrx_word' id='word_1_672' title='bbox 503 4802 966 4874; x_wconf 71' lang='lat' dir='ltr'><strong>septuagesimum</strong></span> <span class='ocrx_word' id='word_1_673' title='bbox 1014 4809 1274 4869; x_wconf 86' lang='lat' dir='ltr'><strong>quartum</strong></span> <span class='ocrx_word' id='word_1_674' title='bbox 1331 4800 1508 4854; x_wconf 71' lang='lat' dir='ltr'><strong>aetatis</strong></span> <span class='ocrx_word' id='word_1_675' title='bbox 1539 4799 1842 4853; x_wconf 89' lang='lat' dir='ltr'><strong>Andronici</strong></span> <span class='ocrx_word' id='word_1_676' title='bbox 1889 4800 2078 4869; x_wconf 77' lang='lat' dir='ltr'><strong>expri-</strong></span> 
     </span>
    </p>
   </div>
   <div class='ocr_carea' id='block_1_96' title="bbox 504 4891 2076 4959">
    <p class='ocr_par' dir='ltr' id='par_1_96' title="bbox 504 4891 2076 4959">
     <span class='ocr_line' id='line_1_96' title="bbox 504 4891 2076 4959; baseline -0.004 -7"><span class='ocrx_word' id='word_1_677' title='bbox 504 4898 620 4959; x_wconf 87' lang='lat' dir='ltr'><strong>mit,</strong></span> <span class='ocrx_word' id='word_1_678' title='bbox 651 4895 810 4947; x_wconf 77' lang='lat' dir='ltr'><strong>rtiam</strong></span> <span class='ocrx_word' id='word_1_679' title='bbox 869 4894 1089 4947; x_wconf 90' lang='lat' dir='ltr'><strong>aliunde</strong></span> <span class='ocrx_word' id='word_1_680' title='bbox 1145 4891 1496 4945; x_wconf 87' lang='lat' dir='ltr'><strong>manifestum</strong></span> <span class='ocrx_word' id='word_1_681' title='bbox 1550 4901 1634 4946; x_wconf 88' lang='lat' dir='ltr'><strong>est</strong></span> <span class='ocrx_word' id='word_1_682' title='bbox 1683 4909 1749 4945; x_wconf 74' lang='lat' dir='ltr'><strong>ex</strong></span> <span class='ocrx_word' id='word_1_683' title='bbox 1780 4892 1948 4946; x_wconf 87' lang='lat' dir='ltr'><strong>animi</strong></span> <span class='ocrx_word' id='word_1_684' title='bbox 1995 4893 2076 4947; x_wconf 82' lang='lat' dir='ltr'><strong>Sui</strong></span> 
     </span>
    </p>
   </div>
   <div class='ocr_carea' id='block_1_97' title="bbox 500 4982 2080 5044">
    <p class='ocr_par' dir='ltr' id='par_1_97' title="bbox 500 4982 2080 5044">
     <span class='ocr_line' id='line_1_97' title="bbox 500 4982 2080 5044; baseline -0.003 -1"><span class='ocrx_word' id='word_1_685' title='bbox 500 4999 652 5044; x_wconf 84' lang='lat' dir='ltr'><strong>certa</strong></span> <span class='ocrx_word' id='word_1_686' title='bbox 694 4986 968 5041; x_wconf 88' lang='lat' dir='ltr'><strong>sententia</strong></span> <span class='ocrx_word' id='word_1_687' title='bbox 1010 4983 1062 5037; x_wconf 92' lang='lat' dir='ltr'><strong>id</strong></span> <span class='ocrx_word' id='word_1_688' title='bbox 1110 4983 1413 5038; x_wconf 86' lang='lat' dir='ltr'><strong>afﬁrmasse</strong></span> <span class='ocrx_word' id='word_1_689' title='bbox 1445 4982 1598 5037; x_wconf 90' lang='lat' dir='ltr'><strong>illum</strong></span> <span class='ocrx_word' id='word_1_690' title='bbox 1643 4994 1947 5039; x_wconf 90' lang='lat' dir='ltr'><strong>auctorem.</strong></span> <span class='ocrx_word' id='word_1_691' title='bbox 1990 4985 2080 5038; x_wconf 81' lang='lat' dir='ltr'><strong>Ait</strong></span> 
     </span>
    </p>
   </div>
   <div class='ocr_carea' id='block_1_98' title="bbox 500 5076 2080 5145">
    <p class='ocr_par' dir='ltr' id='par_1_98' title="bbox 500 5076 2080 5145">
     <span class='ocr_line' id='line_1_98' title="bbox 500 5076 2080 5145; baseline -0.003 -10"><span class='ocrx_word' id='word_1_692' title='bbox 500 5082 548 5135; x_wconf 88' lang='lat' dir='ltr'><strong>is</strong></span> <span class='ocrx_word' id='word_1_693' title='bbox 584 5081 844 5133; x_wconf 88' lang='lat' dir='ltr'><strong>nimirum</strong></span> <span class='ocrx_word' id='word_1_694' title='bbox 879 5076 1040 5131; x_wconf 88' lang='lat' dir='ltr'><strong>initio</strong></span> <span class='ocrx_word' id='word_1_695' title='bbox 1069 5092 1118 5130; x_wconf 93' lang='lat' dir='ltr'><strong>c.</strong></span> <span class='ocrx_word' id='word_1_696' title='bbox 1156 5076 1255 5129; x_wconf 91' lang='lat' dir='ltr'><strong>ult.</strong></span> <span class='ocrx_word' id='word_1_697' title='bbox 1288 5077 1427 5135; x_wconf 73' lang='lat' dir='ltr'><strong>1.1x,</strong></span> <span class='ocrx_word' id='word_1_698' title='bbox 1460 5077 1603 5131; x_wconf 89' lang='lat' dir='ltr'><strong>inter</strong></span> <span class='ocrx_word' id='word_1_699' title='bbox 1631 5077 1735 5131; x_wconf 88' lang='lat' dir='ltr'><strong>alia</strong></span> <span class='ocrx_word' id='word_1_700' title='bbox 1773 5076 2080 5145; x_wconf 54' lang='lat' dir='ltr'><strong>signaque</strong></span> 
     </span>
    </p>
   </div>
   <div class='ocr_carea' id='block_1_99' title="bbox 503 5167 2077 5242">
    <p class='ocr_par' dir='ltr' id='par_1_99' title="bbox 503 5167 2077 5242">
     <span class='ocr_line' id='line_1_99' title="bbox 503 5167 2077 5242; baseline -0.002 -18"><span class='ocrx_word' id='word_1_701' title='bbox 503 5171 901 5242; x_wconf 70' lang='lat' dir='ltr'><strong>portenderunt</strong></span> <span class='ocrx_word' id='word_1_702' title='bbox 936 5169 1148 5223; x_wconf 88' lang='lat' dir='ltr'><strong>obitum</strong></span> <span class='ocrx_word' id='word_1_703' title='bbox 1198 5167 1497 5222; x_wconf 89' lang='lat' dir='ltr'><strong>Andronici</strong></span> <span class='ocrx_word' id='word_1_704' title='bbox 1551 5169 1826 5232; x_wconf 90' lang='lat' dir='ltr'><strong>senioris,</strong></span> <span class='ocrx_word' id='word_1_705' title='bbox 1908 5169 2077 5221; x_wconf 82' lang='lat' dir='ltr'><strong>visam</strong></span> 
     </span>
    </p>
   </div>
   <div class='ocr_carea' id='block_1_100' title="bbox 498 5260 2079 5330">
    <p class='ocr_par' dir='ltr' id='par_1_100' title="bbox 498 5260 2079 5330">
     <span class='ocr_line' id='line_1_100' title="bbox 498 5260 2079 5330; baseline -0.002 -12"><span class='ocrx_word' id='word_1_706' title='bbox 498 5264 633 5318; x_wconf 90' lang='lat' dir='ltr'><strong>solis</strong></span> <span class='ocrx_word' id='word_1_707' title='bbox 664 5262 917 5330; x_wconf 87' lang='lat' dir='ltr'><strong>eclipsin,</strong></span> <span class='ocrx_word' id='word_1_708' title='bbox 949 5275 1070 5329; x_wconf 69' lang='lat' dir='ltr'><strong>qua:</strong></span> <span class='ocrx_word' id='word_1_709' title='bbox 1101 5260 1328 5314; x_wconf 87' lang='lat' dir='ltr'><strong>totidem</strong></span> <span class='ocrx_word' id='word_1_710' title='bbox 1362 5260 1558 5314; x_wconf 89' lang='lat' dir='ltr'><strong>diebus</strong></span> <span class='ocrx_word' id='word_1_711' title='bbox 1605 5270 1740 5330; x_wconf 93' lang='lat' dir='ltr'><strong>quot</strong></span> <span class='ocrx_word' id='word_1_712' title='bbox 1775 5262 1888 5330; x_wconf 90' lang='lat' dir='ltr'><strong>ipse</strong></span> <span class='ocrx_word' id='word_1_713' title='bbox 1920 5261 2079 5315; x_wconf 82' lang='lat' dir='ltr'><strong>annis</strong></span> 
     </span>
    </p>
   </div>
   <div class='ocr_carea' id='block_1_101' title="bbox 497 5336 2076 5424">
    <p class='ocr_par' dir='ltr' id='par_1_101' title="bbox 497 5336 2076 5424">
     <span class='ocr_line' id='line_1_101' title="bbox 497 5336 2076 5424; baseline -0.001 -15"><span class='ocrx_word' id='word_1_714' title='bbox 497 5359 711 5411; x_wconf 80' lang='lat' dir='ltr'><strong>vixerat</strong></span> <span class='ocrx_word' id='word_1_715' title='bbox 777 5354 899 5424; x_wconf 91' lang='lat' dir='ltr'><strong>ejus</strong></span> <span class='ocrx_word' id='word_1_716' title='bbox 979 5360 1211 5406; x_wconf 83' lang='lat' dir='ltr'><strong>mortem</strong></span> <span class='ocrx_word' id='word_1_717' title='bbox 1285 5354 1651 5423; x_wconf 74' lang='lat' dir='ltr'><strong>praecesserit.</strong></span> <span class='ocrx_word' id='word_1_718' title='bbox 1708 5336 2076 5409; x_wconf 84' lang='lat' dir='ltr'><strong>Commissum</strong></span> 
     </span>
    </p>
   </div>
   <div class='ocr_carea' id='block_1_102' title="bbox 496 5445 2078 5522">
    <p class='ocr_par' dir='ltr' id='par_1_102' title="bbox 496 5445 2078 5522">
     <span class='ocr_line' id='line_1_102' title="bbox 496 5445 2078 5522; baseline -0.003 -15"><span class='ocrx_word' id='word_1_719' title='bbox 496 5460 917 5522; x_wconf 79' lang='lat' dir='ltr'><strong>spectatumque</strong></span> <span class='ocrx_word' id='word_1_720' title='bbox 946 5445 1031 5503; x_wconf 79' lang='lat' dir='ltr'><strong>est</strong></span> <span class='ocrx_word' id='word_1_721' title='bbox 1066 5448 1119 5502; x_wconf 90' lang='lat' dir='ltr'><strong>id</strong></span> <span class='ocrx_word' id='word_1_722' title='bbox 1151 5449 1495 5502; x_wconf 90' lang='lat' dir='ltr'><strong>novilunium</strong></span> <span class='ocrx_word' id='word_1_723' title='bbox 1526 5449 1843 5518; x_wconf 88' lang='lat' dir='ltr'><strong>eclipticum</strong></span> <span class='ocrx_word' id='word_1_724' title='bbox 1883 5450 2078 5503; x_wconf 89' lang='lat' dir='ltr'><strong>ultimo</strong></span> 
     </span>
    </p>
   </div>
   <div class='ocr_carea' id='block_1_103' title="bbox 495 5539 2078 5609">
    <p class='ocr_par' dir='ltr' id='par_1_103' title="bbox 495 5539 2078 5609">
     <span class='ocr_line' id='line_1_103' title="bbox 495 5539 2078 5609; baseline -0.004 -9"><span class='ocrx_word' id='word_1_725' title='bbox 495 5542 822 5600; x_wconf 88' lang='lat' dir='ltr'><strong>Novembris</strong></span> <span class='ocrx_word' id='word_1_726' title='bbox 866 5541 996 5595; x_wconf 89' lang='lat' dir='ltr'><strong>anni</strong></span> <span class='ocrx_word' id='word_1_727' title='bbox 1024 5540 1230 5595; x_wconf 87' lang='lat' dir='ltr'><strong>Christi</strong></span> <span class='ocrx_word' id='word_1_728' title='bbox 1264 5539 1523 5595; x_wconf 75' lang='lat' dir='ltr'><strong>153LEx</strong></span> <span class='ocrx_word' id='word_1_729' title='bbox 1576 5556 1688 5609; x_wconf 90' lang='lat' dir='ltr'><strong>quo</strong></span> <span class='ocrx_word' id='word_1_730' title='bbox 1733 5540 1776 5593; x_wconf 84' lang='lat' dir='ltr'><strong>si</strong></span> <span class='ocrx_word' id='word_1_731' title='bbox 1820 5556 2078 5594; x_wconf 85' lang='lat' dir='ltr'><strong>numeres</strong></span> 
     </span>
    </p>
   </div>
   <div class='ocr_carea' id='block_1_104' title="bbox 496 5632 2071 5703">
    <p class='ocr_par' dir='ltr' id='par_1_104' title="bbox 496 5632 2071 5703">
     <span class='ocr_line' id='line_1_104' title="bbox 496 5632 2071 5703; baseline -0.002 -14"><span class='ocrx_word' id='word_1_732' title='bbox 496 5650 670 5689; x_wconf 90' lang='lat' dir='ltr'><strong>unum</strong></span> <span class='ocrx_word' id='word_1_733' title='bbox 729 5644 785 5687; x_wconf 88' lang='lat' dir='ltr'><strong>et</strong></span> <span class='ocrx_word' id='word_1_734' title='bbox 838 5633 1061 5703; x_wconf 86' lang='lat' dir='ltr'><strong>triginta</strong></span> <span class='ocrx_word' id='word_1_735' title='bbox 1130 5632 1465 5697; x_wconf 87' lang='lat' dir='ltr'><strong>Decembris,</strong></span> <span class='ocrx_word' id='word_1_736' title='bbox 1523 5632 1749 5686; x_wconf 88' lang='lat' dir='ltr'><strong>totidem</strong></span> <span class='ocrx_word' id='word_1_737' title='bbox 1790 5632 2071 5698; x_wconf 76' lang='lat' dir='ltr'><strong>Januarii,</strong></span> 
     </span>
    </p>
   </div>
   <div class='ocr_carea' id='block_1_105' title="bbox 494 5725 2071 5791">
    <p class='ocr_par' dir='ltr' id='par_1_105' title="bbox 494 5725 2071 5791">
     <span class='ocr_line' id='line_1_105' title="bbox 494 5725 2071 5791; baseline -0.004 -6"><span class='ocrx_word' id='word_1_738' title='bbox 494 5727 787 5785; x_wconf 87' lang='lat' dir='ltr'><strong>duodecim</strong></span> <span class='ocrx_word' id='word_1_739' title='bbox 814 5726 1097 5781; x_wconf 85' lang='lat' dir='ltr'><strong>Februarii</strong></span> <span class='ocrx_word' id='word_1_740' title='bbox 1127 5726 1267 5791; x_wconf 89' lang='lat' dir='ltr'><strong>dies,</strong></span> <span class='ocrx_word' id='word_1_741' title='bbox 1298 5733 1486 5780; x_wconf 82' lang='lat' dir='ltr'><strong>exacte</strong></span> <span class='ocrx_word' id='word_1_742' title='bbox 1507 5725 1767 5781; x_wconf 87' lang='lat' dir='ltr'><strong>conﬁcies</strong></span> <span class='ocrx_word' id='word_1_743' title='bbox 1802 5743 2071 5779; x_wconf 88' lang='lat' dir='ltr'><strong>summam</strong></span> 
     </span>
    </p>
   </div>
   <div class='ocr_carea' id='block_1_106' title="bbox 496 5820 2068 5891">
    <p class='ocr_par' dir='ltr' id='par_1_106' title="bbox 496 5820 2068 5891">
     <span class='ocr_line' id='line_1_106' title="bbox 496 5820 2068 5891; baseline -0.001 -12"><span class='ocrx_word' id='word_1_744' title='bbox 496 5824 709 5879; x_wconf 86' lang='lat' dir='ltr'><strong>dierum</strong></span> <span class='ocrx_word' id='word_1_745' title='bbox 745 5820 1083 5891; x_wconf 85' lang='lat' dir='ltr'><strong>septuaginta</strong></span> <span class='ocrx_word' id='word_1_746' title='bbox 1118 5828 1375 5889; x_wconf 88' lang='lat' dir='ltr'><strong>quatuor,</strong></span> <span class='ocrx_word' id='word_1_747' title='bbox 1412 5834 1602 5888; x_wconf 88' lang='lat' dir='ltr'><strong>parem</strong></span> <span class='ocrx_word' id='word_1_748' title='bbox 1632 5835 1867 5876; x_wconf 86' lang='lat' dir='ltr'><strong>numero</strong></span> <span class='ocrx_word' id='word_1_749' title='bbox 1892 5838 2068 5877; x_wconf 87' lang='lat' dir='ltr'><strong>anno-</strong></span> 
     </span>
    </p>
   </div>
   <div class='ocr_carea' id='block_1_107' title="bbox 2787 4644 3156 4701">
    <p class='ocr_par' dir='ltr' id='par_1_107' title="bbox 2787 4644 3156 4701">
     <span class='ocr_line' id='line_1_107' title="bbox 2787 4644 3156 4701; baseline -0.008 -1"><span class='ocrx_word' id='word_1_750' title='bbox 2787 4644 3012 4701; x_wconf 73' lang='lat' dir='ltr'><strong>CAl’UT</strong></span> <span class='ocrx_word' id='word_1_751' title='bbox 3062 4644 3156 4699; x_wconf 77' lang='lat' dir='ltr'><strong>IX.</strong></span> 
     </span>
    </p>
   </div>
   <div class='ocr_carea' id='block_1_108' title="bbox 2186 4760 3753 4831">
    <p class='ocr_par' dir='ltr' id='par_1_108' title="bbox 2186 4760 3753 4831">
     <span class='ocr_line' id='line_1_108' title="bbox 2186 4760 3753 4831; baseline -0.002 -16"><span class='ocrx_word' id='word_1_752' title='bbox 2186 4760 2457 4815; x_wconf 78' lang='lat' dir='ltr'><strong>Statuitur</strong></span> <span class='ocrx_word' id='word_1_753' title='bbox 2517 4773 2724 4831; x_wconf 73' lang='lat' dir='ltr'><strong>tempus</strong></span> <span class='ocrx_word' id='word_1_754' title='bbox 2796 4762 2970 4815; x_wconf 77' lang='lat' dir='ltr'><strong>obitus</strong></span> <span class='ocrx_word' id='word_1_755' title='bbox 3035 4761 3313 4816; x_wconf 72' lang='lat' dir='ltr'><strong>Michaelis</strong></span> <span class='ocrx_word' id='word_1_756' title='bbox 3382 4761 3669 4831; x_wconf 62' lang='lat' dir='ltr'><strong>Puteologi</strong></span> <span class='ocrx_word' id='word_1_757' title='bbox 3706 4771 3753 4813; x_wconf 77' lang='lat' dir='ltr'><strong>et</strong></span> 
     </span>
    </p>
   </div>
   <div class='ocr_carea' id='block_1_109' title="bbox 2258 4833 3753 4902">
    <p class='ocr_par' dir='ltr' id='par_1_109' title="bbox 2258 4833 3753 4902">
     <span class='ocr_line' id='line_1_109' title="bbox 2258 4833 3753 4902; baseline -0.001 -17"><span class='ocrx_word' id='word_1_758' title='bbox 2258 4849 2509 4885; x_wconf 76' lang='lat' dir='ltr'><strong>numerus</strong></span> <span class='ocrx_word' id='word_1_759' title='bbox 2571 4848 2831 4884; x_wconf 84' lang='lat' dir='ltr'><strong>annorum</strong></span> <span class='ocrx_word' id='word_1_760' title='bbox 2880 4833 2995 4898; x_wconf 75' lang='lat' dir='ltr'><strong>ejus</strong></span> <span class='ocrx_word' id='word_1_761' title='bbox 3064 4834 3294 4901; x_wconf 80' lang='lat' dir='ltr'><strong>imperii.</strong></span> <span class='ocrx_word' id='word_1_762' title='bbox 3355 4836 3631 4902; x_wconf 68' lang='lat' dir='ltr'><strong>Appendix</strong></span> <span class='ocrx_word' id='word_1_763' title='bbox 3694 4841 3753 4883; x_wconf 81' lang='lat' dir='ltr'><strong>de</strong></span> 
     </span>
    </p>
   </div>
   <div class='ocr_carea' id='block_1_110' title="bbox 2258 4902 3369 4981">
    <p class='ocr_par' dir='ltr' id='par_1_110' title="bbox 2258 4902 3369 4981">
     <span class='ocr_line' id='line_1_110' title="bbox 2258 4902 3369 4981; baseline 0 -27"><span class='ocrx_word' id='word_1_764' title='bbox 2258 4919 2397 4954; x_wconf 80' lang='lat' dir='ltr'><strong>anno</strong></span> <span class='ocrx_word' id='word_1_765' title='bbox 2424 4913 2590 4971; x_wconf 75' lang='lat' dir='ltr'><strong>capta:</strong></span> <span class='ocrx_word' id='word_1_766' title='bbox 2614 4920 2646 4955; x_wconf 88' lang='lat' dir='ltr'><strong>a</strong></span> <span class='ocrx_word' id='word_1_767' title='bbox 2664 4902 2851 4955; x_wconf 60' lang='lat' dir='ltr'><strong>Persis</strong></span> <span class='ocrx_word' id='word_1_768' title='bbox 2883 4903 3152 4956; x_wconf 75' lang='lat' dir='ltr'><strong>Heraclea:</strong></span> <span class='ocrx_word' id='word_1_769' title='bbox 3190 4902 3369 4981; x_wconf 51' lang='lat' dir='ltr'><strong>lfauti.</strong></span> 
     </span>
    </p>
   </div>
   <div class='ocr_carea' id='block_1_111' title="bbox 2256 4993 3753 5065">
    <p class='ocr_par' dir='ltr' id='par_1_111' title="bbox 2256 4993 3753 5065">
     <span class='ocr_line' id='line_1_111' title="bbox 2256 4993 3753 5065; baseline 0 -18"><span class='ocrx_word' id='word_1_770' title='bbox 2256 4994 2297 5047; x_wconf 90' lang='grc' dir='ltr'><strong>Ι.</strong></span> <span class='ocrx_word' id='word_1_771' title='bbox 2328 4993 2630 5062; x_wconf 84' lang='lat' dir='ltr'><strong>Utrumque</strong></span> <span class='ocrx_word' id='word_1_772' title='bbox 2662 5004 2829 5063; x_wconf 88' lang='lat' dir='ltr'><strong>caput</strong></span> <span class='ocrx_word' id='word_1_773' title='bbox 2871 4995 2937 5048; x_wconf 88' lang='lat' dir='ltr'><strong>ad</strong></span> <span class='ocrx_word' id='word_1_774' title='bbox 2971 4994 3375 5050; x_wconf 82' lang='lat' dir='ltr'><strong>discussionem</strong></span> <span class='ocrx_word' id='word_1_775' title='bbox 3426 4994 3519 5048; x_wconf 89' lang='lat' dir='ltr'><strong>hic</strong></span> <span class='ocrx_word' id='word_1_776' title='bbox 3558 5007 3753 5065; x_wconf 88' lang='lat' dir='ltr'><strong>propo-</strong></span> 
     </span>
    </p>
   </div>
   <div class='ocr_carea' id='block_1_112' title="bbox 2184 5087 3747 5158">
    <p class='ocr_par' dir='ltr' id='par_1_112' title="bbox 2184 5087 3747 5158">
     <span class='ocr_line' id='line_1_112' title="bbox 2184 5087 3747 5158; baseline -0.001 -17"><span class='ocrx_word' id='word_1_777' title='bbox 2184 5087 2350 5141; x_wconf 89' lang='lat' dir='ltr'><strong>situm</strong></span> <span class='ocrx_word' id='word_1_778' title='bbox 2388 5087 2616 5140; x_wconf 72' lang='lat' dir='ltr'><strong>mblesta</strong></span> <span class='ocrx_word' id='word_1_779' title='bbox 2644 5087 2968 5155; x_wconf 90' lang='lat' dir='ltr'><strong>opinionum</strong></span> <span class='ocrx_word' id='word_1_780' title='bbox 2992 5091 3259 5141; x_wconf 86' lang='lat' dir='ltr'><strong>varietate</strong></span> <span class='ocrx_word' id='word_1_781' title='bbox 3297 5089 3619 5158; x_wconf 74' lang='lat' dir='ltr'><strong>perplexum</strong></span> <span class='ocrx_word' id='word_1_782' title='bbox 3648 5097 3747 5143; x_wconf 85' lang='lat' dir='ltr'><strong>est.</strong></span> 
     </span>
    </p>
   </div>
   <div class='ocr_carea' id='block_1_113' title="bbox 2183 5179 3748 5251">
    <p class='ocr_par' dir='ltr' id='par_1_113' title="bbox 2183 5179 3748 5251">
     <span class='ocr_line' id='line_1_113' title="bbox 2183 5179 3748 5251; baseline -0.001 -16"><span class='ocrx_word' id='word_1_783' title='bbox 2183 5180 2253 5236; x_wconf 90' lang='lat' dir='ltr'><strong>Ut</strong></span> <span class='ocrx_word' id='word_1_784' title='bbox 2308 5179 2457 5233; x_wconf 90' lang='lat' dir='ltr'><strong>enim</strong></span> <span class='ocrx_word' id='word_1_785' title='bbox 2517 5180 2763 5234; x_wconf 87' lang='lat' dir='ltr'><strong>omittam</strong></span> <span class='ocrx_word' id='word_1_786' title='bbox 2818 5180 3059 5251; x_wconf 88' lang='lat' dir='ltr'><strong>vulgaria</strong></span> <span class='ocrx_word' id='word_1_787' title='bbox 3106 5180 3390 5243; x_wconf 90' lang='lat' dir='ltr'><strong>chronica,</strong></span> <span class='ocrx_word' id='word_1_788' title='bbox 3420 5195 3655 5251; x_wconf 90' lang='lat' dir='ltr'><strong>quorum</strong></span> <span class='ocrx_word' id='word_1_789' title='bbox 3695 5179 3748 5233; x_wconf 90' lang='lat' dir='ltr'><strong>in</strong></span> 
     </span>
    </p>
   </div>
   <div class='ocr_carea' id='block_1_114' title="bbox 2182 5272 3749 5344">
    <p class='ocr_par' dir='ltr' id='par_1_114' title="bbox 2182 5272 3749 5344">
     <span class='ocr_line' id='line_1_114' title="bbox 2182 5272 3749 5344; baseline 0.002 -20"><span class='ocrx_word' id='word_1_790' title='bbox 2182 5272 2510 5340; x_wconf 89' lang='lat' dir='ltr'><strong>quibusdam</strong></span> <span class='ocrx_word' id='word_1_791' title='bbox 2542 5272 2650 5325; x_wconf 87' lang='lat' dir='ltr'><strong>vidi</strong></span> <span class='ocrx_word' id='word_1_792' title='bbox 2685 5273 3020 5343; x_wconf 88' lang='lat' dir='ltr'><strong>principium</strong></span> <span class='ocrx_word' id='word_1_793' title='bbox 3074 5274 3290 5344; x_wconf 89' lang='lat' dir='ltr'><strong>imperii</strong></span> <span class='ocrx_word' id='word_1_794' title='bbox 3330 5273 3631 5328; x_wconf 88' lang='lat' dir='ltr'><strong>Andronici</strong></span> <span class='ocrx_word' id='word_1_795' title='bbox 3667 5288 3749 5327; x_wconf 87' lang='lat' dir='ltr'><strong>se-</strong></span> 
     </span>
    </p>
   </div>
   <div class='ocr_carea' id='block_1_115' title="bbox 2181 5364 3748 5437">
    <p class='ocr_par' dir='ltr' id='par_1_115' title="bbox 2181 5364 3748 5437">
     <span class='ocr_line' id='line_1_115' title="bbox 2181 5364 3748 5437; baseline 0.002 -19"><span class='ocrx_word' id='word_1_796' title='bbox 2181 5366 2385 5429; x_wconf 87' lang='lat' dir='ltr'><strong>nioris,</strong></span> <span class='ocrx_word' id='word_1_797' title='bbox 2411 5364 2560 5434; x_wconf 91' lang='lat' dir='ltr'><strong>quod</strong></span> <span class='ocrx_word' id='word_1_798' title='bbox 2607 5366 2791 5420; x_wconf 90' lang='lat' dir='ltr'><strong>statim</strong></span> <span class='ocrx_word' id='word_1_799' title='bbox 2818 5382 2848 5421; x_wconf 93' lang='lat' dir='ltr'><strong>a</strong></span> <span class='ocrx_word' id='word_1_800' title='bbox 2884 5375 3061 5421; x_wconf 80' lang='lat' dir='ltr'><strong>morte</strong></span> <span class='ocrx_word' id='word_1_801' title='bbox 3095 5367 3378 5422; x_wconf 84' lang='lat' dir='ltr'><strong>Michaelis</strong></span> <span class='ocrx_word' id='word_1_802' title='bbox 3419 5369 3542 5435; x_wconf 90' lang='lat' dir='ltr'><strong>ejus</strong></span> <span class='ocrx_word' id='word_1_803' title='bbox 3585 5366 3748 5437; x_wconf 87' lang='lat' dir='ltr'><strong>patris</strong></span> 
     </span>
    </p>
   </div>
   <div class='ocr_carea' id='block_1_116' title="bbox 2182 5456 3742 5529">
    <p class='ocr_par' dir='ltr' id='par_1_116' title="bbox 2182 5456 3742 5529">
     <span class='ocr_line' id='line_1_116' title="bbox 2182 5456 3742 5529; baseline 0.001 -19"><span class='ocrx_word' id='word_1_804' title='bbox 2182 5456 2410 5526; x_wconf 64' lang='lat' dir='ltr'><strong>incepit,</strong></span> <span class='ocrx_word' id='word_1_805' title='bbox 2444 5459 2824 5528; x_wconf 86' lang='lat' dir='ltr'><strong>consignatum</strong></span> <span class='ocrx_word' id='word_1_806' title='bbox 2874 5475 3019 5513; x_wconf 90' lang='lat' dir='ltr'><strong>anno</strong></span> <span class='ocrx_word' id='word_1_807' title='bbox 3059 5459 3269 5514; x_wconf 89' lang='lat' dir='ltr'><strong>Christi</strong></span> <span class='ocrx_word' id='word_1_808' title='bbox 3326 5460 3485 5524; x_wconf 64' lang='lat' dir='ltr'><strong>l295,</strong></span> <span class='ocrx_word' id='word_1_809' title='bbox 3536 5471 3595 5515; x_wconf 90' lang='lat' dir='ltr'><strong>et</strong></span> <span class='ocrx_word' id='word_1_810' title='bbox 3648 5459 3742 5529; x_wconf 90' lang='lat' dir='ltr'><strong>ipsi</strong></span> 
     </span>
    </p>
   </div>
   <div class='ocr_carea' id='block_1_117' title="bbox 2180 5552 3742 5627">
    <p class='ocr_par' dir='ltr' id='par_1_117' title="bbox 2180 5552 3742 5627">
     <span class='ocr_line' id='line_1_117' title="bbox 2180 5552 3742 5627; baseline 0.003 -22"><span class='ocrx_word' id='word_1_811' title='bbox 2180 5552 2430 5607; x_wconf 81' lang='lat' dir='ltr'><strong>Michaeli</strong></span> <span class='ocrx_word' id='word_1_812' title='bbox 2483 5569 2577 5608; x_wconf 83' lang='lat' dir='ltr'><strong>sex</strong></span> <span class='ocrx_word' id='word_1_813' title='bbox 2621 5565 2676 5609; x_wconf 88' lang='lat' dir='ltr'><strong>et</strong></span> <span class='ocrx_word' id='word_1_814' title='bbox 2711 5555 2937 5625; x_wconf 85' lang='lat' dir='ltr'><strong>triginta</strong></span> <span class='ocrx_word' id='word_1_815' title='bbox 2984 5557 3200 5627; x_wconf 89' lang='lat' dir='ltr'><strong>imperii</strong></span> <span class='ocrx_word' id='word_1_816' title='bbox 3229 5573 3402 5611; x_wconf 90' lang='lat' dir='ltr'><strong>annos</strong></span> <span class='ocrx_word' id='word_1_817' title='bbox 3428 5557 3742 5618; x_wconf 84' lang='lat' dir='ltr'><strong>attributus.</strong></span> 
     </span>
    </p>
   </div>
   <div class='ocr_carea' id='block_1_118' title="bbox 2180 5645 3744 5715">
    <p class='ocr_par' dir='ltr' id='par_1_118' title="bbox 2180 5645 3744 5715">
     <span class='ocr_line' id='line_1_118' title="bbox 2180 5645 3744 5715; baseline 0 -14"><span class='ocrx_word' id='word_1_818' title='bbox 2180 5645 2511 5715; x_wconf 89' lang='lat' dir='ltr'><strong>Spondanus</strong></span> <span class='ocrx_word' id='word_1_819' title='bbox 2557 5648 2762 5703; x_wconf 88' lang='lat' dir='ltr'><strong>obiisse</strong></span> <span class='ocrx_word' id='word_1_820' title='bbox 2801 5648 3120 5704; x_wconf 86' lang='lat' dir='ltr'><strong>Michaelem</strong></span> <span class='ocrx_word' id='word_1_821' title='bbox 3178 5665 3325 5704; x_wconf 91' lang='lat' dir='ltr'><strong>anno</strong></span> <span class='ocrx_word' id='word_1_822' title='bbox 3362 5649 3567 5705; x_wconf 91' lang='lat' dir='ltr'><strong>Christi</strong></span> <span class='ocrx_word' id='word_1_823' title='bbox 3612 5649 3744 5705; x_wconf 66' lang='lat'><strong>£285</strong></span> 
     </span>
    </p>
   </div>
   <div class='ocr_carea' id='block_1_119' title="bbox 2179 5737 3742 5813">
    <p class='ocr_par' dir='ltr' id='par_1_119' title="bbox 2179 5737 3742 5813">
     <span class='ocr_line' id='line_1_119' title="bbox 2179 5737 3742 5813; baseline 0.004 -25"><span class='ocrx_word' id='word_1_824' title='bbox 2179 5737 2355 5805; x_wconf 87' lang='lat' dir='ltr'><strong>ponit,</strong></span> <span class='ocrx_word' id='word_1_825' title='bbox 2388 5744 2445 5790; x_wconf 92' lang='lat' dir='ltr'><strong>et</strong></span> <span class='ocrx_word' id='word_1_826' title='bbox 2477 5737 2844 5808; x_wconf 83' lang='lat' dir='ltr'><strong>principatum</strong></span> <span class='ocrx_word' id='word_1_827' title='bbox 2896 5741 3143 5796; x_wconf 88' lang='lat' dir='ltr'><strong>tenuisse</strong></span> <span class='ocrx_word' id='word_1_828' title='bbox 3181 5743 3342 5803; x_wconf 85' lang='lat' dir='ltr'><strong>annis</strong></span> <span class='ocrx_word' id='word_1_829' title='bbox 3377 5743 3571 5812; x_wconf 87' lang='lat' dir='ltr'><strong>viginti</strong></span> <span class='ocrx_word' id='word_1_830' title='bbox 3614 5757 3742 5813; x_wconf 81' lang='lat' dir='ltr'><strong>qua-</strong></span> 
     </span>
    </p>
   </div>
   <div class='ocr_carea' id='block_1_120' title="bbox 2181 5813 3737 5905">
    <p class='ocr_par' dir='ltr' id='par_1_120' title="bbox 2181 5813 3737 5905">
     <span class='ocr_line' id='line_1_120' title="bbox 2181 5813 3737 5905; baseline 0.004 -25"><span class='ocrx_word' id='word_1_831' title='bbox 2181 5813 2304 5881; x_wconf 75' lang='lat' dir='ltr'><strong>tuor</strong></span> <span class='ocrx_word' id='word_1_832' title='bbox 2336 5828 2506 5884; x_wconf 87' lang='lat' dir='ltr'><strong>refert</strong></span> <span class='ocrx_word' id='word_1_833' title='bbox 2535 5844 2602 5884; x_wconf 81' lang='lat' dir='ltr'><strong>ex</strong></span> <span class='ocrx_word' id='word_1_834' title='bbox 2624 5828 2891 5901; x_wconf 84' lang='lat' dir='ltr'><strong>Gregora,</strong></span> <span class='ocrx_word' id='word_1_835' title='bbox 2924 5840 2985 5887; x_wconf 91' lang='lat' dir='ltr'><strong>ut</strong></span> <span class='ocrx_word' id='word_1_836' title='bbox 3021 5832 3138 5899; x_wconf 85' lang='lat' dir='ltr'><strong>ait;</strong></span> <span class='ocrx_word' id='word_1_837' title='bbox 3169 5833 3311 5905; x_wconf 88' lang='lat' dir='ltr'><strong>apud</strong></span> <span class='ocrx_word' id='word_1_838' title='bbox 3362 5849 3528 5905; x_wconf 88' lang='lat' dir='ltr'><strong>quem</strong></span> <span class='ocrx_word' id='word_1_839' title='bbox 3565 5842 3737 5888; x_wconf 86' lang='lat' dir='ltr'><strong>tamen</strong></span> 
     </span>
    </p>
   </div>
  </div>
