4016 6546
271 447 407 515 1201

1574 434 2240 500 CiiRONOLOGlCUS.

3384 433 3517 497 1209

270 564 393 620 loco
442 562 511 617 ab
543 578 611 617 eo
668 562 886 616 laudato
942 561 994 615 id
1045 577 1152 615 non
1210 560 1449 630 reperio,
1485 560 1578 614 sed
1626 568 1837 613 tantum
1868 559 1914 615 Α
1942 553 2095 615 dum,
2122 538 2266 606 anno
2293 549 2494 606 Christi
2535 550 2691 617 i282,
2718 550 2807 605 die
2838 550 2898 604 il
2932 549 3250 606 Decembris
3277 546 3514 605 Michae-

274 666 564 710 mortuum
593 653 911 708 Michaelcm
944 668 1087 707 anno
1128 656 1315 707 mundi
1338 654 1491 723 juxta
1523 659 1842 718 computum

274 747 593 801 Graecorum
641 746 798 808 679i,
836 745 1010 799 aetatis
1055 760 1167 799 sua:
1204 746 1294 799 58.
1338 744 1397 797 '0
1453 744 1549 811 μὲν
1578 743 1642 811 δὴ
1687 743 1842 808 βασι-

272 838 400 900 λεὺς
437 838 627 908 (verba
672 846 800 892 sunt
831 836 1088 905 Gregorze
1129 837 1196 891 de
1248 835 1510 890 Michaele
1543 833 1844 902 Palaeologo

271 930 593 999 scribentis)
622 932 752 1000 περὶ
779 928 869 991 οὒς
908 930 1223 1000 εἰρήκειμεν
1250 929 1445 987 τόπους
1478 927 1611 996 παρ’
1651 927 1843 979 ἐλπίδα

269 1020 374 1089 τῆς
409 1019 614 1081 οἰκείας
654 1019 814 1088 ἔτυχε
836 1018 1093 1086 τελευτῆς
1119 1017 1263 1072 κατὰ
1292 1016 1353 1068 τὸ
1387 1015 1842 1085 ὲξμκισχιλιοστὸν

272 1109 703 1164 ἑπτακοσιοστὸν
736 1109 1092 1189 ἐνενηκοστὸν
1131 1110 1351 1179 πρῶτον
1382 1107 1524 1170 ἔτος.
1561 1106 1705 1159 ὀκτὼ
1748 1105 1845 1158 καὶ

271 1202 616 1271 πεντήκοντα
679 1201 814 1253 ἐτῶν
865 1202 1180 1271 τυγχάνων.
1223 1201 1338 1255 Hoc
1373 1210 1455 1255 est
1491 1216 1507 1254 :
1540 1200 1845 1269 Imperator

269 1292 418 1345 circa
467 1292 564 1345 illa
616 1307 734 1360 qua:
783 1292 1014 1347 diximus
1046 1290 1159 1347 loca
1190 1303 1383 1362 prwter
1407 1307 1553 1361 spem
1581 1294 1702 1345 vita:
1734 1306 1845 1344 sure

269 1379 437 1447 finem
468 1381 685 1444 invenit,
713 1397 854 1434 anno
884 1381 1050 1435 sexies
1080 1379 1358 1435 millesimo
1385 1381 1843 1449 septingentesimo

272 1474 618 1541 nonagesimo
656 1474 847 1542 primo,
884 1490 1051 1544 .agens
1084 1475 1257 1529 (etatis
1289 1490 1487 1528 annum
1518 1475 1844 1545 quinquage-

268 1564 467 1616 simum
495 1565 858 1625 octauumalta
889 1564 1180 1635 Gregoras.

344 1656 409 1708 Il.
447 1655 518 1709 At
550 1665 739 1710 noster
786 1656 1176 1726 Pachymeres,
1238 1657 1278 1711 l.
1330 1672 1407 1718 vr,
1463 1662 1512 1710 c;
1564 1654 1632 1709 56
1679 1654 1845 1733 hujus

270 1746 482 1815 operis,
500 1746 579 1801 sic
608 1746 806 1801 scribit
832 1747 899 1802 de
930 1747 1018 1801 die
1048 1747 1233 1802 obitus
1258 1747 1538 1802 Michaelis
1571 1764 1584 1800 :
1629 1746 1844 1818 Ἡμέρα,

269 1833 342 1909 ἦν
369 1818 701 1908 παθρασκευὴ
740 1838 1005 1910 ἑνδεκάτη
1051 1841 1520 1911 σκιρῤοφοριῶνος
1545 1839 1705 1911 747
1747 1837 1842 1892 τοῦ

268 1927 461 2002 ,ςψγαῖ
491 1930 681 1994 ἔτους·
716 1928 876 1985 Feria
910 1944 1024 1986 erat
1056 1942 1205 1985 sexta
1243 1934 1519 1993 undecima
1545 1933 1843 1987 Decembris

269 2024 405 2076 anni
439 2021 598 2076 6791.
634 2022 713 2077 Ac
760 2023 815 2076 in
866 2039 1010 2079 anno
1056 2025 1277 2093 quidem
1326 2039 1519 2094 magno
1568 2038 1842 2078 consensu

268 2112 565 2183 Gregoras,
599 2123 658 2168 ut
685 2113 945 2179 vidimus,
975 2124 1347 2185 praetereaque
1384 2116 1687 2170 Phrantzes
1717 2130 1842 2169 cum

269 2205 611 2277 Pachymere
657 2205 1017 2269 conveniunt,
1064 2217 1123 2261 ut
1162 2206 1400 2275 dubitari
1457 2206 1525 2261 de
1583 2207 1688 2261 hoc
1731 2221 1841 2260 non

270 2296 497 2361 debeat,
530 2312 653 2351 cum
691 2297 763 2352 sit
801 2306 981 2353 tamen
1021 2299 1317 2353 vehemens
1359 2314 1523 2354 causa
1555 2298 1844 2353 dubitandi

270 2401 339 2440 ex
370 2386 799 2443 circumstantia
826 2388 937 2444 diei
967 2388 1297 2445 Parasceves
1336 2390 1453 2445 sive
1496 2389 1646 2444 feriae
1680 2401 1845 2444 sextae

272 2477 369 2532 illo
426 2494 572 2533 anno
635 2480 973 2537 incurrentis
1025 2482 1079 2536 in
1138 2481 1486 2538 undecimam
1527 2480 1843 2536 Decembris

270 2572 440 2627 diem.
467 2573 758 2629 Estanuus
773 2589 896 2630 aarae
926 2574 1114 2629 mundi
1138 2574 1449 2629 Graecorum
1474 2574 1602 2628 6791
1635 2572 1841 2628 Christi

272 2665 437 2730 i285,
461 2665 564 2720 hoc
590 2675 674 2721 est
696 2683 812 2736 per.
845 2668 951 2723 Jul.
992 2667 1152 2729 5996,
1179 2683 1290 2737 quo
1312 2666 1615 2737 fuitcyclus
1639 2666 1771 2720 solis
1788 2666 1841 2731 4,

273 2771 544 2832 numerus
600 2774 800 2813 aureus
849 2759 939 2823 Η,
991 2758 1221 2814 indictio
1267 2758 1473 2827 pariter
1517 2758 1604 2811 11.
1647 2755 1847 2827 Cyclus

274 2863 448 2918 porro
482 2850 615 2905 solis
650 2850 683 2904 4
712 2852 952 2906 litteram
991 2852 1199 2907 indicat
1245 2851 1584 2906 Dominica‘m
1623 2848 1688 2917 C,
1723 2865 1845 2919 quae

273 2954 402 2992 cum
447 2939 705 3010 insigniat
734 2941 880 2997 diem
922 2941 1307 2996 duodecimum
1358 2941 1693 3005 Decembris,
1741 2956 1844 2994 un-

275 3028 532 3085 decimus
563 3034 876 3088 ueccssario
912 3032 1079 3089 fuerit
1119 3033 1436 3096 Sabbatum,
1492 3047 1603 3087 non
1660 3040 1843 3087 autem

274 3121 580 3177 Parasccve
629 3125 743 3180 sive
787 3134 941 3180 sexta
976 3126 1130 3191 feria,
1161 3124 1249 3198 [P.
1279 3124 1403 3196 529]
1452 3125 1666 3195 qualem
1718 3140 1845 3179 eum

277 3222 464 3269 tamen
519 3216 615 3269 illo
652 3231 796 3271 anno
854 3217 1023 3272 fuisse
1086 3217 1251 3273 tradit
1300 3233 1398 3287 pro
1449 3217 1758 3273 certissimo
1790 3227 1847 3272 et

275 3307 443 3376 vulgo
491 3308 777 3363 notissimo
810 3310 1193 3381 Pachymeres.
1248 3314 1421 3382 igitur
1467 3326 1609 3365 anno
1641 3309 1846 3365 Christi

279 3399 422 3453 i282
455 3401 593 3455 mori
652 3402 969 3456 Michaelcm
1023 3403 1383 3473 Palaeologum
1441 3405 1705 3473 oportuit,
1741 3419 1851 3472 quo

277 3491 469 3561 cyclus
498 3492 630 3547 solis
661 3492 695 3548 5
721 3494 958 3548 litteram
991 3495 1287 3550 Dominica:
1313 3495 1549 3550 indicem
1584 3495 1735 3549 dedit
1767 3495 1848 3550 D:

276 3579 401 3635 hae'c
429 3582 575 3636 enim
602 3584 785 3639 littera
809 3585 953 3640 diem
980 3585 1300 3641 Decembris
1325 3589 1549 3642 tertium
1574 3587 1850 3641 decimum

276 3671 550 3738 afficiens,
579 3677 801 3731 tertium
845 3687 995 3733 retro
1035 3678 1388 3734 undecimum
1419 3679 1589 3734 fuisse
1639 3688 1849 3733 sextam

277 3762 475 3818 feriam
534 3767 897 3824 demonstrat.
931 3771 1071 3836 Quid
1120 3772 1289 3841 ergo?
1346 3770 1594 3825 dicemus
1636 3784 1851 3825 errasse

277 3853 504 3912 (ἴε-ποοῦ
563 3858 877 3919 ιιίςιιοιιὶοοίιΔ
919 3863 972 3916 in
1030 3879 1176 3917 anno
1221 3862 1414 3917 mortis
1447 3861 1744 3921 Michaelis.
1795 3869 1852 3916 et

279 3963 385 4017 pro
415 3949 554 4005 6790
600 3965 926 4022 sequentem
966 3953 1101 4009 6791
1138 3953 1447 4008 indicasse?
1484 3953 1562 4008 Ne
1591 3968 1853 4023 cogamur

280 4043 391 4097 hoc
430 4043 636 4111 dicere,
666 4044 1059 4118 duplexhujus
1086 4047 1425 4116 explicandae
1470 4045 1853 4117 perplexitatis

276 4137 526 4204 suppetit
556 4136 715 4191 ratio.
745 4140 855 4192 Aut
886 4139 1032 4193 enim
1062 4139 1301 4194 labentis
1327 4141 1435 4210 jam
1462 4139 1591 4193 anni
1623 4138 1764 4193 6790
1797 4146 1853 4193 et

278 4240 490 4295 paucos
541 4228 807 4284 duntaxat
852 4231 1083 4285 extremi
1108 4230 1427 4285 Decembris
1456 4230 1577 4286 dies
1612 4231 1855 4300 reliquos

282 4316 555 4372 trahentis
604 4321 874 4375 rationem
914 4336 1023 4375 non
1053 4321 1362 4376 habendam
1406 4322 1641 4390 populus
1687 4330 1744 4376 et
1768 4322 1854 4377 hi-

276 4410 469 4464 storici
491 4420 800 4475 censentes,
824 4414 1033 4469 obitum
1054 4415 1250 4485 ejusex
1268 4430 1414 4469 anno
1433 4430 1557 4470 mox
1579 4417 1852 4486 sequenti,

282 4501 446 4565 6791,
480 4518 591 4572 quo
620 4504 664 4557 is
702 4506 958 4560 videlicet
1008 4506 1275 4571 innotuit,
1309 4508 1717 4578 insigniendum
1746 4525 1851 4580 pu-

1947 646 2051 703 lem
2088 643 2450 713 Palaeologum
2470 644 2756 700 vivendiet
2779 645 3084 715 imperandi
3108 644 3269 699 finem
3300 643 3516 700 fecisse.

1943 736 2201 802 Quandiu
2232 737 2591 805 imperaverit
2617 737 3039 807 disquirendum
3082 744 3273 792 restat;
3308 736 3517 791 Diserte

1943 827 2308 897 Pachymeres
2342 825 2482 881 Hist.
2528 843 2578 881 c.
2615 827 2808 882 ultimo
2850 828 3149 897 imperasse
3197 826 3517 881 Michaelem

1942 920 2138 974 asserit
2169 920 2328 974 annis
2348 919 2546 989 viginti
2580 930 2854 988 quatuor;
2894 920 3060 988 idque
3092 920 3296 988 ipsum,
3331 929 3393 973 nt
3424 934 3517 987 pa-

1943 1011 2049 1066 lam
2076 1022 2287 1072 notum,
2320 1017 2481 1066 antea
2513 1019 2775 1080 posuerat
2804 1027 2853 1067 c.
2881 1012 2973 1073 2i,
3025 1012 3064 1067 ι.
3110 1028 3186 1066 Iv.
3215 1012 3380 1081 Atqui
3409 1012 3516 1064 hoc

1943 1103 2167 1172 quidem
2200 1119 2343 1175 aegre
2376 1104 2706 1158 conciliatur
2722 1119 2849 1159 cum
2876 1104 2943 1158 iis
2964 1105 3211 1175 quaajam
3245 1103 3393 1160 omni
3428 1102 3518 1155 [in-

1944 1194 2133 1249 mitate
2160 1195 2571 1259 constituimus,
2593 1196 2854 1251 nimirum
2883 1204 3203 1251 coronatum
3252 1209 3377 1249 eum
3408 1194 3516 1247 ritu

1943 1287 2176 1344 solemni
2201 1289 2507 1360 Augustum
2552 1291 2792 1361 primum
2820 1291 2991 1346 fuisse
3016 1289 3284 1345 Kalendis
3311 1290 3519 1343 Janua-

1945 1381 2012 1434 rii
2034 1382 2159 1434 anni
2178 1380 2384 1436 Chnsti
2404 1380 2751 1447 l260,vivere
2765 1392 2950 1438 autem
2967 1382 3195 1436 desiisse
3226 1382 3518 1435 llDecem-

1944 1471 2057 1526 bris
2086 1475 2212 1527 anni
2249 1473 2639 1539 Christi.l282;
2669 1489 2794 1528 nam
2824 1490 2893 1528 ex
2920 1475 3010 1528 his
3028 1483 3264 1544 apparet
3287 1474 3519 1527 manife-

1941 1575 2085 1618 stum
2111 1564 2409 1634 imperasse
2428 1566 2582 1621 illum
2601 1582 2630 1620 a
2645 1565 2735 1620 die
2759 1567 3198 1635 inaugurationis
3214 1582 3327 1620 sua:
3348 1580 3521 1618 annos

1941 1656 2165 1709 omnino
2187 1656 2377 1725 viginti
2401 1669 2536 1720 tres,
2556 1658 2941 1729 minusviginti
2962 1658 3304 1712 diebuleici
3337 1670 3520 1713 tamen

1944 1755 2132 1815 potest
2161 1763 2272 1803 non
2293 1764 2686 1819 usquequaque
2700 1750 2994 1806 aberrasse
3018 1768 3046 1805 a
3070 1766 3201 1805 vero
3225 1750 3521 1821 Pachyme-

1946 1853 2062 1891 rem
2087 1839 2719 1911 quem748verisimile
2735 1843 2894 1897 estid
2914 1844 3170 1898 retulisse
3192 1845 3339 1911 quod
3362 1844 3521 1911 vulgo

1949 1930 2255 1985 ferebatur.
2276 1930 2431 1987 Solet
2451 1942 2632 1986 autem
2652 1934 2886 2004 populus
2904 1936 2959 1988 in
2982 1935 3339 1989 numerandis
3356 1936 3519 1988 annis

1949 2034 2256 2077 accuratam
2292 2034 2347 2078 et
2386 2025 2651 2079 minutam
2690 2027 2971 2095 aspernari
3010 2027 3382 2097 diligentiam;
3414 2044 3519 2083 nec

1948 2116 2060 2171 fere
2090 2118 2302 2174 dubitat
2332 2120 2546 2185 decem,
2570 2122 2805 2190 exempli
2834 2122 3029 2191 gratia,
3064 2122 3112 2176 ei
3149 2122 3384 2190 principi
3417 2138 3519 2175 an-

1951 2224 2049 2263 nos
2081 2210 2347 2275 tribuere,
2379 2227 2540 2281 quem
2572 2221 2785 2267 constet
2814 2228 3019 2267 nonum
3049 2214 3375 2268 excessisse.
3420 2213 3521 2266 Mi-

1948 2299 2097 2355 nime
2143 2300 2273 2354 item
2311 2311 2469 2371 putat
2517 2304 2887 2358 necessarium
2969 2304 3036 2359 ab
3079 2304 3522 2373 inaugurationis

1950 2393 2038 2449 die
2077 2394 2312 2462 primum
2344 2395 2560 2449 initium
2599 2395 2753 2466 regni
2783 2396 3010 2460 ducere,
3046 2396 3136 2449 ubi
3199 2412 3515 2465 supremam

1951 2488 2465 2557 potestatem'antea
2489 2489 2642 2548 illum
2669 2489 2983 2550 exercuisse
3006 2488 3182 2557 palam
3212 2488 3521 2557 est.ltaquc

1952 2578 2243 2647 imperium
2299 2578 2581 2635 Michaelis
2610 2578 2892 2648 Palaeologi
2928 2580 3035 2645 jam
3076 2594 3140 2632 ex
3174 2593 3244 2633 eo
3272 2592 3547 2649 tempore

1952 2672 2232 2725 numerari
2273 2673 2452 2741 potuit
2485 2688 2595 2742 quo
2626 2672 2673 2727 is
2714 2680 2866 2726 tutor
2915 2671 3144 2726 Joannis
3163 2678 3248 2724 est
3270 2670 3521 2737 declara-

1953 2771 2077 2827 tus;
2106 2763 2253 2833 quod
2280 2763 2512 2834 contigit
2543 2764 2705 2832 paulo
2739 2770 2860 2833 post
2910 2762 3258 2816 Muzalonum
3293 2764 3521 2828 caedem,

1952 2853 2045 2923 qui
2082 2870 2228 2909 nono
2258 2853 2350 2909 die
2375 2854 2444 2909 ab
2473 2853 2630 2907 obitu
2679 2852 2955 2907 Theodori
2991 2853 3221 2921 Augusti
3274 2862 3406 2906 sunt
3435 2854 3523 2906 in-

1953 2945 2187 3000 terfecti.
2222 2945 2367 3000 Mors
2394 2945 2667 3000 Theodori
2705 2960 2769 2999 ex
2793 2943 3105 3013 Acropolita
3137 2944 3189 2998 in
3214 2943 3521 3014 Augustum

1957 3053 2203 3091 mensem
2268 3037 2501 3112 incidith
2543 3036 2743 3105 opinor
2798 3036 3164 3101 desinentem,
3230 3051 3352 3090 cum
3420 3036 3525 3091 Pa-

1953 3130 2239 3199 chymeres
2295 3145 2414 3184 eam
2474 3128 2724 3183 conferat
2790 3127 2847 3183 in
2909 3127 3149 3183 conﬁnia
3208 3127 3415 3182 aestatis
3466 3136 3525 3184 et

1953 3222 2222 3277 autumni.
2289 3222 2334 3276 A
2375 3214 2682 3289 Septembri
2727 3236 2857 3291 ergo
2934 3219 3063 3276 anni
3137 3218 3342 3274 Christi
3388 3218 3526 3278 l259

1954 3313 2167 3382 imperii
2208 3312 2448 3367 habenas
2469 3311 2698 3368 Michael
2725 3311 3041 3381 sumpserit,
3065 3326 3203 3381 quas
3226 3311 3402 3367 tenuit
3421 3310 3526 3366 du-

1953 3402 2034 3456 cis
2068 3400 2269 3472 magni,
2315 3401 2517 3456 deinde
2540 3401 2784 3471 despotaa
2808 3402 2989 3463 titulo,
3019 3401 3199 3459 donec
3232 3401 3336 3455 sub
3360 3404 3524 3457 linem

1954 3492 2273 3546 Decembris
2313 3492 2379 3546 ad
2419 3492 2638 3562 imperii
2678 3506 2802 3546 cum
2835 3490 3043 3561 pupillo
3075 3490 3365 3561 collegium
3396 3506 3526 3547 eve-

1953 3583 2202 3639 heretur.
2249 3584 2462 3638 Revera
2487 3583 2658 3653 igitur
2703 3583 2997 3653 imperavit
3045 3598 3212 3652 super
3239 3599 3415 3639 annos
3443 3583 3527 3637 vi-

1953 3676 2088 3747 ginti
2128 3687 2239 3731 tres
2274 3676 2522 3745 expletos
2561 3674 2783 3730 duobus
2812 3674 2926 3730 fere
2952 3675 3256 3739 mensibus,
3293 3684 3353 3730 ut
3379 3676 3424 3729 si
3455 3676 3525 3731 de

1952 3765 2401 3821 annisincboatis
2438 3780 2620 3820 sermo
2666 3766 2759 3831 sit,
2808 3751 2996 3835 negari
3038 3774 3275 3835 nequeat
3304 3766 3375 3820 24
3405 3766 3525 3837 ejus

1953 3857 2164 3926 imperii
2194 3872 2367 3911 annos
2396 3857 2675 3912 numerari
2708 3859 2974 3927 potuisse.
3010 3858 3071 3913 In
3104 3860 3254 3915 hunc
3299 3860 3523 3915 modum

1953 3948 2344 4018 Pachymerem
2419 3949 2641 4018 quidem
2709 3951 2779 4004 ab
2838 3965 3028 4005 errore
3089 3951 3440 4007 vindicamus
3507 3972 3520 4008 :

1954 4039 2303 4102 Phrantzem,
2330 4042 2418 4109 qui
2441 4049 2671 4095 mortem
2692 4040 2972 4097 Michae’is
2988 4043 3272 4114 conjungit
3291 4059 3415 4099 cum
3439 4046 3526 4100 in-

1953 4130 2193 4187 dictione
2217 4131 2618 4200 Η,ἀ).ογιστίας
2631 4133 2914 4189 absolvere
2932 4150 3038 4189 non
3062 4150 3368 4204 possumus.
3391 4136 3527 4193 Cer-

1952 4224 2224 4281 tissimum
2254 4224 2402 4279 enim
2426 4234 2685 4279 est'anno
2714 4225 2916 4280 Christi
2953 4228 3110 4291 I282,
3148 4243 3257 4297 quo
3286 4229 3527 4284 Michae-

1953 4318 2060 4373 lem
2089 4324 2304 4373 constat
2353 4326 2654 4383 mortuum,
2704 4319 3061 4376 indictionem
3097 4320 3164 4375 10
3197 4320 3367 4377 fuisse
3417 4338 3524 4376 nu—

1908 4466 1911 4467 ,
1955 4420 2246 4467 meratam.

2028 4503 2119 4560 IV.
2152 4503 2667 4563 Hactenus'versati
2694 4503 3089 4574 chronologica
3134 4506 3400 4561 methodo
3432 4523 3526 4562 su-

280 4601 566 4658 taverunt,
597 4597 846 4666 neglecto
890 4598 1211 4654 discrimine
1244 4601 1452 4655 nullius
1479 4604 1742 4657 momenti
1781 4601 1847 4657 ad
1884 4599 1927 4654 Ι)
1958 4609 2083 4648 mus
2108 4594 2163 4649 in
2190 4596 2417 4664 epochis
2447 4595 2612 4664 hujus
2642 4594 2885 4649 historia:
2919 4595 3174 4664 tigendis,
3210 4612 3332 4667 quae
3368 4607 3523 4654 certo

280 4684 500 4739 civilem
553 4689 998 4754 aestimationem,
1034 4706 1155 4759 qua:
1214 4691 1325 4746 fere
1375 4693 1643 4747 minutam
1695 4694 1854 4762 ἀκρί-

281 4776 440 4829 ϐειαν
492 4781 722 4847 respuit.
750 4781 880 4846 Aut,
912 4782 1061 4851 quod
1097 4783 1457 4838 verisimilius
1504 4801 1652 4848 reor,
1677 4801 1847 4840 anno-

280 4881 407 4921 rum
439 4869 626 4923 mundi
665 4879 721 4924 et
748 4886 870 4925 aera:
905 4887 1018 4926 sum
1043 4873 1397 4944 principium,
1427 4875 1553 4931 item
1585 4885 1644 4930 ut
1675 4876 1855 4930 indic-

280 4959 474 5023 tionis,
515 4977 543 5013 a
581 4958 890 5031 Septembri
940 4964 1113 5020 Graeci
1167 4968 1513 5035 repetebant.
1554 4968 1709 5024 Unde
1739 4968 1855 5037 jam

281 5062 403 5108 tum
438 5068 618 5109 annus
667 5057 857 5111 mundi
911 5057 1068 5128 juxta
1130 5048 1279 5127 ipsos
1337 5057 1469 5113 679i
1541 5068 1784 5129 coeperat
1825 5075 1856 5113 a

281 5158 477 5199 mense
517 5144 633 5200 fere
681 5148 869 5213 tertio,
903 5163 1025 5203 cum
1057 5151 1186 5203 anni
1223 5148 1434 5203 Christi
1467 5148 1607 5204 1282
1651 5151 1857 5206 mensis

279 5234 513 5289 ultimus
569 5236 870 5293 December
927 5239 1270 5295 volvebatur.
1328 5242 1397 5298 Ut
1444 5257 1575 5296 vere
1614 5240 1858 5296 dixerint

280 5324 669 5396 Pachymeres,
694 5326 965 5399 Gregoras
985 5339 1041 5385 et
1069 5331 1369 5388 Phrantzes
1397 5333 1598 5388 obiisse
1620 5333 1857 5389 Michae-

279 5417 390 5472 lem
444 5433 591 5473 anno
640 5419 803 5483 679l,
831 5436 935 5476 nec
968 5437 1093 5477 vere
1127 5434 1305 5479 tamen
1331 5425 1652 5495 scripserint
1680 5424 1858 5494 Spon-

282 5507 465 5563 danus
491 5516 548 5563 et
568 5508 869 5567 Rainaldus
896 5512 1151 5567 eumdem
1186 5530 1329 5569 anno
1348 5513 1550 5570 Christi
1582 5514 1717 5570 1285
1744 5514 1856 5569 fato

277 5598 558 5662 functum,
588 5617 712 5657 cum
745 5602 839 5657 illo
866 5618 1012 5658 anno
1037 5604 1157 5660 dies
1178 5605 1498 5665 Decembris
1532 5604 1821 5659 undecima
1839 5644 1854 5667 .

277 5707 393 5764 qua
439 5688 648 5777 eftlavit'
687 5695 951 5761 animam,
992 5696 1317 5763 Sabbatum,
1355 5713 1465 5754 non
1517 5707 1673 5753 sexta
1720 5698 1857 5752 feria

272 5784 468 5841 fuerit.

354 5878 447 5935 lll.
472 5877 587 5937 lloc
607 5881 776 5938 igitur
796 5882 1175 5939 existimamus
1202 5900 1298 5946 pro
1319 5883 1628 5940 indubitate
1657 5894 1852 5939 tcucn-

1957 4686 2142 4756 aliquo
2195 4687 2446 4757 insigniri
2503 4672 2825 4742 charactere
2883 4694 3227 4754 potuerunt:
3292 4698 3520 4743 caeteras

1958 4795 2191 4849 quarum
2226 4778 2643 4834 statuendarum
2678 4777 2733 4831 in
2764 4778 3023 4846 prudenti
3059 4781 3376 4849 conjectura
3416 4789 3525 4834 tota

1956 4884 2080 4938 Spes
2113 4870 2216 4924 sita
2245 4878 2351 4932 est,
2380 4870 2472 4924 hic
2515 4869 2792 4939 sigillatim
2826 4870 3055 4937 exsequi
3103 4884 3204 4924 nec
3236 4870 3411 4924 otium
3444 4880 3529 4925 est

1956 4972 2058 5011 nec
2084 4971 2264 5026 opera:
2293 4956 2458 5010 fuerit
2487 4957 2747 5025 pretium.
2775 4954 2923 5009 Satis
2949 4955 3022 5009 sit
3057 4970 3173 5020 eas,
3203 4957 3285 5010 uti
3323 4966 3381 5011 et
3407 4968 3527 5011 acta

1958 5048 2061 5103 hoc
2097 5065 2262 5118 opere
2291 5058 2592 5104 memorata
2651 5048 2946 5118 praecipua,
2976 5048 3263 5104 verisimili
3316 5051 3529 5106 ratione

1959 5140 2014 5195 in
2049 5140 2309 5195 ordinem
2339 5141 2600 5212 digestas,
2629 5139 2797 5193 certis
2843 5140 2900 5194 in
2932 5140 3102 5195 abaco
3126 5140 3531 5211 chronologico

1958 5232 2117 5286 annis
2137 5232 2440 5302 assignare.
2470 5230 2627 5297 Quod
2659 5240 2955 5300 antequam
3013 5232 3392 5302 aggredimur,
3430 5234 3531 5289 de-

1957 5324 2303 5380 scribendam
2319 5323 2408 5379 hic
2430 5321 2661 5395 [P.530]
2685 5321 2814 5377 duxi
2830 5322 3334 5379 adnotatiuncuiam
3356 5323 3531 5380 18οῐοη

1960 5418 2057 5481 ris,
2092 5424 2149 5471 ut
2195 5423 2442 5486 apparet,
2489 5415 2735 5469 accurati
2795 5416 3091 5485 ascriptam
3129 5417 3185 5470 in
3226 5417 3528 5471 Barberino

1959 5508 2169 5579 optimo
2196 5506 2386 5562 codice
2417 5507 2482 5561 ad
2523 5522 2675 5560 oram
2700 5508 3057 5573 exteriorem,
3088 5523 3120 5562 e
3155 5508 3377 5579 regione
3400 5524 3527 5562 ver-

1960 5601 2154 5657 borum
2187 5600 2407 5654 illorum
2425 5600 2584 5663 0.27,
2604 5599 2642 5653 l.
2665 5616 2747 5654 tv:
2779 5600 2903 5654 Τῶν
2926 5599 3121 5670 χωρῶν
3149 5602 3531 5669 κατεχομένων

1959 5693 2072 5753 τοῖς
2108 5690 2366 5761 Πέρσαις,
2398 5690 2564 5742 πάλαι
2596 5689 2661 5742 ἂν
2696 5691 2815 5751 ταῖς
2843 5687 3050 5760 χώραις
3081 5690 3174 5743 καὶ
3216 5688 3355 5741 αὐτὰ
3412 5706 3517 5741 συν-

1960 5781 2258 5836 απὼλοντο.
2305 5780 2387 5835 Ad
2418 5780 2559 5844 haec,
2602 5780 2761 5850 signo
2792 5779 2972 5835 indice
3029 5780 3301 5850 apposite,
3356 5779 3436 5833 sic
3465 5795 3530 5833 ex

1963 5875 2193 5930 adverso
2235 5874 2501 5942 scriptum
2544 5888 2708 5928 manu
2744 5872 3125 5942 antiquissima
3154 5884 3211 5930 et
3248 5873 3532 5940 script.qu
