4016 6524
1930 331 2336 393 ΑΡΡΕΝΟΙΧ.

2059 491 2164 498 η--η
2197 492 2282 496 --.,..
2297 490 2454 496 --ρ-θ-
2466 490 2748 498 υ--ν-ο.

3629 335 3774 399 1220

2080 635 2183 693 ΑΙ)

1000 819 1517 939 ’.δΡΕριΜΕΝ
1628 821 2066 940 SAI’IENTI.

2237 822 2662 940 [Nllllllllll
2753 826 3196 945 VETlllllllI

1671 1053 2576 1146 PROLEGOMENA

1139 1251 1652 1315 INTERPRETE
1684 1252 1950 1314 PETRO
1978 1252 2341 1331 POSSINO,
2386 1254 2865 1318 SOCIETATIS
2907 1257 3120 1322 JESU.

1736 1594 2405 1659 PROLEGOMENON
2449 1601 2496 1660 I.

571 1746 860 1807 Historia
882 1745 1344 1825 deportationis
1366 1767 1445 1809 ea?
1474 1747 1663 1808 India
1703 1747 1770 1807 in
1805 1748 2125 1809 Persidem
2161 1748 2314 1810 libri
2344 1752 2448 1812 cui
2479 1750 2700 1812 titulus
2725 1760 2812 1813 est
2846 1772 2866 1812 :
2901 1775 2929 1809 α
2965 1753 3292 1832 Specimen
3321 1756 3660 1835 sapientitz

1755 1850 2067 1910 Indorum
2115 1862 2474 1914 veterum.»

2071 2041 2138 2055 -4

555 2177 598 2232 I.
645 2176 922 2233 Chosroes
948 2217 964 2242 ,
1002 2177 1294 2232 Persarum
1325 2161 1580 2249 rex,'qui
1614 2189 1669 2234 et
1708 2179 2067 2236 Anasuranus
2096 2189 2140 2246 Α
2173 2179 2544 2243 senatoribus,
2584 2179 2716 2233 viris
2741 2177 2978 2249 magnis,
3021 2179 3328 2248 prudentia!
3354 2196 3417 2236 ac
3447 2182 3762 2250 sapientiae,

484 2269 802 2323 noiiiinatus
853 2279 956 2333 cst,
1020 2269 1244 2323 Davidis
1285 2270 1448 2335 filius,
1505 2287 1630 2325 cum
1691 2273 1937 2326 audisset
2000 2274 2072 2329 de

482 2363 722 2430 quodam
779 2361 920 2414 libro
983 2363 1298 2430 conscripto
1359 2362 1414 2416 in
1469 2365 1691 2432 regione
1769 2364 1938 2420 Indiae
1997 2367 2067 2420 ab

481 2453 718 2507 eruditis
745 2463 800 2506 ct
823 2453 1168 2523 sapientibus
1195 2455 1415 2508 illarum
1440 2457 1712 2526 gentium,
1751 2460 2069 2514 continenle

481 2545 700 2599 fabulas
741 2545 898 2599 valde
928 2545 1092 2600 utiles
1127 2547 1273 2600 omni
1311 2548 1596 2602 hominum
1635 2550 1845 2619 generi,
1884 2550 2067 2619 parvis

481 2649 538 2693 et
568 2639 800 2707 magnis,
834 2640 1178 2709 principibus
1214 2627 1270 2694 et
1302 2641 1556 2703 subditis,
1590 2643 1682 2711 qui
1711 2643 2068 2698 absconditus

481 2741 798 2787 servaretur
830 2732 883 2786 in
910 2734 1060 2802 regio
1086 2733 1195 2787 illic
1221 2733 1534 2788 tabulario:
1569 2737 1636 2789 de
1663 2736 1786 2799 hoc,
1821 2739 2066 2805 inquam,

481 2824 689 2877 Certior
717 2822 918 2887 factus,
955 2833 1009 2877 et
1043 2825 1205 2893 plane
1239 2840 1533 2892 persuasus
1565 2827 1839 2879 salubrem
1875 2829 1977 2882 sibi
2007 2844 2070 2882 ac

481 2915 600 2970 suis
670 2915 902 2970 istorum
971 2917 1325 2985 apologorum
1399 2933 1582 2972 mores
1649 2918 2064 2974 informantium

479 3008 852 3078 Cognitionem
905 3009 1044 3068 fore,
1083 3010 1246 3078 jussit
1312 3011 1516 3079 inquiri
1580 3012 1758 3065 virum
1827 3014 2067 3082 aliquem

481 3103 758 3164 doctum,
834 3102 1100 3156 scientem
1173 3103 1372 3170 lingua:
1439 3103 1638 3157 Indicae
1678 3143 1692 3166 ,
1763 3107 1852 3159 cui
1921 3116 2068 3160 recte

480 3193 800 3247 demandari
833 3194 1116 3264 negotium
1151 3204 1340 3264 posset
1377 3196 1495 3265 ejus
1527 3198 1712 3265 Operis
1747 3198 1799 3251 in
1835 3214 2064 3268 regnum

479 3294 534 3336 et
593 3293 906 3339 sermonem
978 3287 1260 3341 Persicum
1301 3288 1692 3344 transferendi.
1762 3291 1916 3344 Ilaud
1987 3292 2062 3346 ita

479 3376 655 3430 multo
725 3385 850 3447 post
927 3377 962 3431 ii
1033 3379 1235 3448 quibus
1299 3381 1440 3434 hanc
1510 3397 1699 3436 curam
1767 3383 1997 3438 dederat
2049 3425 2065 3449 ,

478 3470 832 3523 adduxerunt
885 3470 986 3539 ipsi
1038 3471 1217 3524 virum
1267 3473 1647 3540 prudentem,
1699 3486 1865 3544 atque
1913 3479 2064 3531 omni

477 3579 681 3633 genere
712 3563 1087 3618 doctrinarum
1123 3563 1425 3624 eruditum,
1461 3574 1582 3620 arte
1617 3580 1681 3618 ac
1724 3566 2068 3635 professione
2107 3549 2146 3604 Β

481 3657 778 3721 medicum,
803 3658 1028 3711 nomine
1049 3656 1334 3713 Perzoem.
1361 3657 1461 3717 Hic
1483 3673 1608 3712 cum
1635 3658 1687 3712 in
1712 3671 2068 3728 conspectum

477 3752 725 3805 venisset
758 3750 922 3820 regis,
973 3749 1371 3805 demississima
1418 3750 1792 3818 prostratione
1820 3750 2072 3820 corporis

479 3859 608 3898 cum
663 3852 980 3906 veneratus,
1035 3841 1126 3896 ubi
1189 3841 1606 3903 assurrexisset,
1661 3843 1741 3896 sic
1805 3851 1891 3896 est
1942 3858 2071 3896 eum

477 3936 677 3990 allatus
727 3933 1000 3990 Chosroes
1035 3950 1050 3988 :
1088 3933 1339 3988 Delatum
1409 3933 1474 3986 ad
1550 3949 1635 3988 me
1701 3945 1786 3988 est
1855 3934 1923 3988 de
1980 3943 2070 3988 tua

475 4028 796 4098 prudentia.
841 4027 1159 4082 eruditione
1201 4043 1265 4081 ac
1302 4025 1532 4083 virtute.
1591 4028 1755 4082 Venit
1801 4043 1968 4096 porro
2013 4027 2070 4081 in

479 4138 656 4176 meam
685 4121 935 4175 notitiam
971 4120 1114 4174 fama
1136 4119 1258 4174 libri
1281 4121 1568 4190 cujusdam
1589 4119 1642 4172 in
1666 4120 1818 4173 India
1840 4121 2068 4184 servati,

474 4222 748 4283 praecepta
790 4227 1005 4266 morum
1063 4211 1348 4278 praeclara,
1401 4212 1569 4280 gratis
1617 4212 1824 4266 intexta
1877 4228 2068 4266 narra-

474 4303 766 4366 tiunculis,
808 4303 1103 4357 utilissime
1144 4302 1435 4357 tradentis.
1475 4301 1654 4374 Hujus
1694 4319 1796 4375 ego
1841 4305 2065 4359 videndi

475 4394 1039 4466 communieandique
1119 4393 1305 4450 Persis
1363 4401 1502 4450 meis
1581 4396 1794 4465 ingenti
1877 4405 2069 4453 teneor

477 4490 782 4544 desiderio.
834 4488 933 4542 llic
985 4504 1111 4543 cum
1164 4489 1400 4544 Perzoes
1450 4489 1514 4543 ad
1568 4504 1787 4543 omnem
1837 4507 2064 4560 operam

478 4593 645 4652 atque
661 4581 989 4650 obsequium
1010 4597 1128 4636 sese
1146 4591 1461 4650 promptum
1476 4581 1788 4645 obtulisset,
1807 4585 2069 4652 praecepit

476 4692 573 4728 rex
639 4675 688 4729 ei
752 4674 1034 4728 numerari
1100 4683 1310 4726 tantum
1367 4674 1616 4742 pecuniae
1683 4682 1949 4744 quantum
2008 4673 2091 4728 in

476 4767 743 4821 viaticum
777 4774 833 4819 et
872 4765 1366 4819 commorationem
1410 4766 1465 4818 in
1505 4765 1656 4819 India
1696 4767 2062 4821 necessariam

475 4862 540 4914 ad
575 4877 690 4913 rem
751 4874 872 4929 qme
936 4859 1346 4930 injungebatur.
1413 4857 1633 4914 abunde
1692 4859 2061 4914 suffecturum

477 4955 780 5009 videretur.
832 4954 972 5008 Tum
1025 4953 1129 5022 ipsi
1178 4951 1351 5006 dixit:
1399 4950 1505 5006 Ubi
1544 4952 1660 5007 hazc
1707 4954 2063 5022 expenderis,

474 5058 571 5102 aut
609 5046 1115 5116 quomodocunque
1151 5055 1372 5114 sumptu
1414 5045 1522 5098 alio
1553 5046 1796 5114 egueris,
1842 5045 1926 5099 lac
1964 5060 2067 5099 nos

475 5141 742 5195 continuo
759 5126 856 5208 per
881 5139 1049 5192 fidum
1069 5138 1327 5192 nuntium
1347 5137 1634 5191 certiores.
1659 5137 2065 5191 Submittemus

473 5231 657 5288 statim
724 5231 990 5302 quidquid
1060 5245 1290 5300 posces:
1363 5229 1496 5282 nulli
1566 5231 1714 5282 enim
1785 5230 2065 5298 impendio

472 5335 686 5378 certum
743 5323 904 5377 nobis
958 5329 1066 5386 est,
1123 5336 1234 5390 quo
1291 5329 1399 5374 tam
1463 5320 1613 5374 utilis
1677 5321 2063 5374 commentarii

475 5417 777 5488 participes
810 5415 1028 5478 ﬁamus,
1067 5429 1314 5484 parcere.

543 5511 612 5564 ll.
643 5511 739 5564 Dat
768 5526 826 5563 se
858 5509 912 5562 in
939 5509 1080 5562 viam
1106 5509 1211 5562 sub
1248 5508 1365 5562 base
1390 5507 1647 5574 Perzoes,
1682 5519 1738 5562 et
1769 5509 1822 5562 in
1851 5506 2062 5565 Indiam

473 5603 760 5671 appulsus,
814 5601 890 5654 ibi
937 5599 1288 5669 frequentare
1337 5600 1518 5653 aulam
1577 5598 1782 5669 regiam
1836 5602 2060 5666 institit,

472 5693 833 5763 quotidieque
915 5707 1184 5761 apparere
1273 5690 1328 5744 in
1410 5690 1669 5760 palatinis
1743 5691 2059 5758 exhedris,

474 5785 878 5842 confabulaudo
919 5800 1046 5841 cum
1090 5784 1375 5840 ministris.
1414 5784 1564 5855 regni
1605 5786 1928 5854 proceribus
2003 5802 2065 5841 ac

2177 2272 2448 2326 facundiae
2493 2287 2715 2342 quoque
2761 2281 2816 2325 et
2869 2272 3202 2327 eruditionis
3247 2273 3560 2344 omnigena:
3605 2275 3770 2330 laude

2177 2363 2516 2433 conspicuis.
2571 2363 2922 2429 Quinetiam
2999 2365 3400 2434 praecipuorum
3477 2383 3546 2422 ex
3631 2368 3773 2438 ipsis

2178 2454 2526 2522 maximeque
2544 2454 2845 2508 illustrium
2867 2454 3055 2507 limina
3075 2455 3470 2518 terebat,domi
3486 2473 3772 2528 quemque

2173 2545 2514 2600 conveniens
2531 2560 2592 2599 ac
2609 2545 2856 2600 salutans
2869 2562 3004 2612 sum,
3042 2556 3096 2601 et
3112 2557 3171 2602 ut
3186 2548 3430 2616 ipsorum
3453 2552 3774 2618 promiscuo

2173 2655 2428 2694 sermone
2482 2639 2826 2709 proficiebat,
2906 2641 2989 2694 sic
3041 2648 3098 2693 et
3160 2641 3267 2696 illis
3321 2643 3566 2698 vicissim
3622 2645 3770 2698 haud

2176 2733 2454 2802 ingratum
2501 2733 2777 2787 comitatis
2822 2742 2877 2787 et
2924 2731 3092 2786 studii
3135 2734 3412 2803 specimen
3455 2736 3772 2801 exhibens,

2175 2840 2284 2879 non
2335 2840 2501 2895 parva
2545 2840 2640 2880 sua
2685 2824 2867 2878 laude.
2912 2825 3085 2879 Porro
3144 2824 3198 2880 in
3251 2826 3335 2882 his
3376 2829 3775 2898 congressibus

2175 2914 2601 2984 diligentissime
2632 2915 2884 2978 cavebat,
2921 2931 2990 2970 ne
3019 2916 3152 2986 quid
3183 2925 3370 2988 ageret
3400 2928 3497 2972 aut
3530 2919 3772 2986 diceret,

2177 3008 2322 3061 unde
2385 3007 2645 3062 subolere
2706 3007 2966 3076 cuiquam
3042 3017 3232 3078 posset
3297 3011 3517 3066 venisse
3589 3013 3770 3083 ipsum

2173 3098 2522 3153 exscribendi
2558 3115 2728 3154 causa
2773 3099 2933 3160 libri,
2979 3115 3143 3170 quem
3192 3100 3357 3156 Indos
3379 3103 3595 3158 sciebat
3625 3106 3776 3162 nolle

2175 3192 2570 3246 communicari
2617 3193 2874 3260 gentibus
2913 3193 3145 3250 exteris:
3183 3203 3392 3248 tantum
3431 3210 3548 3264 pra:
3580 3212 3640 3252 se
3683 3197 3770 3254 fe-

2177 3285 2332 3338 rebat
2359 3285 2551 3354 ingens
2587 3283 2925 3338 desiderium
2977 3283 3251 3348 discendi,
3301 3285 3576 3341 simulans
3599 3289 3768 3342 etiam

2175 3392 2233 3430 se
2268 3375 2558 3446 ignarum;
2609 3387 2665 3431 et
2698 3386 2846 3430 tanta
2887 3376 3170 3431 docilitate
3213 3377 3448 3432 audiens
3484 3379 3766 3434 interdum

2175 3470 2277 3523 sibi
2317 3479 2469 3530 nota,
2511 3468 2645 3523 dum
2679 3469 2748 3522 ab
2789 3470 3053 3533 exoratis,
3094 3481 3236 3526 utse
3261 3486 3372 3526 non
3399 3484 3772 3542 gravarentur

2176 3561 2509 3630 discipulum
2572 3560 2925 3631 peregrinum
2982 3560 3228 3627 erudire,
3290 3565 3769 3634 gymnosOphistis

2178 3654 2554 3716 traderentur,
2592 3663 2652 3707 ut
2683 3654 2832 3723 ipsos
2864 3655 3246 3725 magisterium‘
3273 3654 3576 3711 delectaret
3598 3673 3765 3712 suum

2177 3755 2284 3800 tam
2317 3746 2429 3800 aeri
2461 3746 2726 3802 discentis
2769 3749 3080 3803 attentione
3125 3749 3603 3806 commendatum.
3659 3753 3768 3807 Per

2175 3837 2292 3893 hazc
2351 3840 2455 3892 sibi
2511 3841 2813 3894 concilians
2875 3855 3122 3912 amorem
3188 3850 3244 3896 ct
3296 3842 3769 3900 existimationem

2174 3932 2498 3996 multorum,
2527 3934 2678 3988 curis
2707 3933 2991 4000 omnibus,
3016 3935 3322 4004 irrequieta
3348 3934 3636 4001 instantia,
3671 3937 3771 3991 sed

2173 4026 2335 4090 clam,
2396 4036 2453 4079 ut
2507 4041 2646 4095 opus
2705 4033 2848 4089 erat,
2904 4036 2961 4082 et
3015 4029 3153 4082 citra
3213 4030 3590 4097 suspicionem
3648 4030 3768 4084 voti

2173 4115 2408 4185 proprii,
2453 4115 2775 4170 mandatum
2817 4117 2925 4171 sibi
2972 4121 3258 4188 negotium
3289 4120 3544 4190 urgebat,
3571 4121 3771 4176 modos

2171 4209 2470 4278 exquirens
2499 4208 2554 4261 in
2586 4209 2827 4264 latebras
2856 4211 3182 4280 penetrandi
3206 4213 3459 4268 conscias
3482 4213 3776 4268 desidera-

2172 4301 2368 4356 tissimi
2423 4302 2690 4358 thesauri.
2741 4303 2878 4365 Ouia
2929 4320 3058 4358 vero
3108 4304 3162 4358 id
3217 4307 3482 4361 cernebat
3531 4318 3770 4362 externo

2170 4399 2278 4453 sibi
2324 4400 2650 4470 contingere
2693 4399 2853 4454 aliter
2891 4399 3035 4454 haud
3068 4416 3228 4469 posse
3278 4417 3446 4470 quam
3490 4383 3769 4458 beneﬁcio

2169 4492 2477 4562 cujuspiam
2525 4507 2592 4545 ex
2642 4491 2754 4546 illic
2790 4491 3132 4560 potentibus,
3185 4491 3487 4545 multorum
3539 4493 3643 4546 sibi
3699 4509 3764 4547 ex

2171 4584 2306 4653 ipsis
2321 4598 2514 4652 parare
2534 4583 2836 4638 amicitiam
2856 4582 3036 4637 omnis
3053 4583 3270 4653 generis
3290 4582 3490 4637 officiis
3507 4598 3573 4636 cu
3585 4583 3764 4642 rabaI:

2169 4693 2270 4732 nec
2318 4677 2639 4745 plerumque
2684 4675 2926 4730 frustra:
2975 4689 3100 4728 nam
3151 4682 3211 4728 ut
3253 4684 3383 4728 sunt
3418 4673 3534 4727 fe’re
3590 4675 3763 4729 animi

2168 4769 2454 4822 hominum
2511 4767 2578 4820 ad
2659 4767 2889 4836 gratiam
2943 4766 3159 4830 teneri,
3221 4781 3251 4819 a
3313 4766 3570 4835 plurimis
3619 4784 3765 4837 quos

2167 4858 2438 4914 demereri
2497 4859 2765 4927 obsequio
2813 4856 3124 4920 studuerat,
3165 4872 3274 4926 qua
3322 4858 3556 4926 privatis
3587 4898 3600 4919 .
3651 4874 3762 4928 qua

2171 4955 2333 5007 etiam
2370 4951 2803 5021 magistratibus,
2839 4950 2982 5004 haud
3010 4950 3216 5020 vulgari
3245 4950 3677 5006 existimationis
3704 4962 3760 5006 et

2175 5046 2576 5101 benevolentia:
2624 5043 3034 5112 significatione
3064 5042 3376 5099 colebatur.
3428 5041 3544 5111 Ipse
3576 5053 3760 5096 autem

2173 5146 2235 5191 ut
2254 5138 2462 5190 millius
2479 5136 2881 5206 aspernabatur
2899 5133 3168 5194 studium,
3195 5133 3269 5187 ita
3287 5132 3392 5187 hoc
3409 5134 3760 5203 potissimum

2172 5232 2388 5300 agebat,
2419 5240 2477 5284 ut
2501 5229 2753 5291 litterati,
2781 5241 2837 5280 et
2877 5226 3209 5296 supellectili
3236 5227 3457 5296 egregie
3501 5228 3760 5282 instructi

2171 5324 2396 5378 libraria
2421 5321 2754 5391 cujuspiam,
2778 5319 3138 5373 familiaritati
3158 5335 3216 5374 se
3234 5319 3443 5373 intimae
3464 5319 3758 5384 insereret,

2170 5415 2317 5483 quod
2350 5411 2495 5482 apud
2531 5412 2694 5464 talem
2726 5411 2951 5464 demum
2986 5425 3046 5464 se
3097 5408 3272 5479 Optati
3311 5409 3509 5480 scripti
3545 5411 3760 5480 copiam

2170 5507 2416 5561 nancisci
2457 5521 2616 5576 posse
2641 5504 2968 5558 conﬁderet.

2243 5599 2332 5654 III.
2367 5599 2469 5652 Diu
2506 5607 2623 5652 erat
2653 5597 2707 5650 in
2740 5597 2862 5650 talis
2890 5595 2990 5649 viri
3041 5594 3453 5664 conquisitione
3484 5605 3758 5660 versatus,

2171 5709 2294 5746 cun:
2332 5693 2524 5746 multis
2551 5691 2772 5744 tandem
2803 5691 3205 5760 experimentis
3237 5689 3495 5754 edoctus,
3532 5705 3760 5758 persua-

2175 5786 2306 5840 dere
2358 5785 2461 5840 sibi
2505 5785 2694 5856 capit,
2743 5799 2911 5838 unum
2957 5784 3272 5854 quempiam
3318 5783 3463 5837 inter
3511 5794 3763 5851 proceres
