4016 6524
323 359 452 425 1221

1198 353 1582 414 SPECIMEN
1621 351 2054 413 SAPIENTixE
2088 354 2445 415 INDORUM
2488 359 2657 419 VET.

3429 366 3568 429 1222

320 476 578 530 Indorum
625 472 992 533 humanitate,
1036 470 1346 539 prudentia,
1381 468 1703 524 eruditione
1741 478 1886 521 tanta
1929 478 1959 525 Α
1993 469 2162 523 etiam
2216 470 2495 539 alieganda
2541 474 2872 543 quandoque
2902 474 3099 530 idonea
3164 464 3321 532 istius
3358 480 3564 537 silentii

320 564 715 635 propemodum
762 578 881 617 esse
926 564 1235 633 praeditum,
1287 570 1490 631 quanta
1533 577 1670 629 opus
1716 568 1883 621 esset,

320 665 380 711 ut
409 672 477 710 ex
513 672 580 709 eo
611 656 819 723 sperari
853 657 1023 724 optati
1053 654 1215 708 ofﬁcii
1252 655 1461 709 fructus
1493 661 1697 723 posset.
1729 651 1887 705 IInne

316 760 449 813 ergo
519 742 716 797 institit
779 743 1025 812 quotidie
1101 744 1320 805 visere,
1395 743 1607 795 eunetis
1675 741 1887 794 ambire

316 835 621 904 obsequiis,
656 835 917 903 singulari
949 836 1184 905 quadam
1214 836 1440 888 honoris
1490 835 1889 905 significatione

317 929 654 991 demulcere,
712 937 991 996 postremo
1043 929 1223 997 epulis
1262 930 1554 997 excipere;
1608 926 1887 981 munerari

315 1022 453 1089 quin
482 1022 668 1084 etiam,
713 1032 768 1076 et
798 1036 918 1089 quae
954 1022 1056 1090 ipsi
1106 1031 1255 1091 grata
1291 1029 1508 1090 putaret
1538 1020 1675 1081 fore,
1707 1036 1886 1088 quan-

318 1114 460 1166 tovis
517 1121 697 1181 empta
760 1115 937 1179 pretio
1007 1113 1247 1177 donare;
1323 1128 1457 1181 quas
1523 1112 1577 1165 in
1639 1128 1727 1165 res
1779 1127 1887 1165 non

316 1203 590 1257 modicam
612 1204 856 1272 pecunia:
874 1205 1050 1259 allatae
1066 1220 1096 1259 e
1119 1204 1339 1259 Perside
1360 1215 1569 1273 partem
1598 1203 1885 1272 impendit.

315 1293 415 1349 His
435 1296 802 1364 respondebat
821 1296 911 1349 ille
928 1296 1149 1365 quidem
1174 1296 1429 1349 comitate
1456 1303 1605 1347 tanta
1626 1306 1886 1363 quantam

315 1403 345 1440 a
397 1388 785 1442 liberalissimo
840 1388 1346 1458 gratiosissimoque
1397 1386 1618 1441 homine
1669 1401 1889 1456 Sperare

316 1480 551 1533 Perzoes
638 1480 943 1548 potuisset:
1040 1489 1299 1535 caeterum
1392 1480 1535 1535 idem
1622 1490 1887 1548 pra-terea

316 1572 617 1624 demiratus
657 1570 971 1641 aliquandiu
1028 1581 1134 1625 tam
1185 1573 1497 1626 inusitatam
1539 1572 1805 1640 ingeniosi
1835 1580 1890 1623 et

315 1664 675 1717 curiosissimi
709 1666 930 1718 advenae
975 1664 1347 1719 assiduitatem
1380 1675 1436 1722 et
1465 1664 1803 1733 diligentiam
1833 1663 1885 1717 iu

315 1771 374 1809 se
406 1758 663 1821 colendo,
710 1758 947 1827 denique
989 1758 1253 1812 divinavit
1298 1758 1444 1827 quod
1473 1766 1582 1812 ‘res
1626 1767 1793 1821 erat;
1833 1766 1888 1811 et

1993 576 2179 622 causa,
2214 561 2475 617 dilueres.
2508 565 2663 619 Nunc
2692 568 2955 630 quoniam
2985 568 3271 639 ingressus
3320 574 3466 625 ultro
3502 584 3561 627 tu

1994 651 2109 719 ipse
2160 653 2213 704 in
2252 667 2377 705 eum
2437 667 2749 707 sermonem
2814 671 2874 709 es
2908 656 3045 725 ,qui
3096 657 3235 710 viam
3300 660 3567 727 panderet

1994 744 2178 796 animo
2214 758 2335 797 meo
2374 744 2630 812 gestienti
2661 744 2950 800 effundere
2986 763 3042 800 se
3065 764 3247 801 coram
3278 758 3328 802 te
3365 761 3561 812 totum,

1993 853 2100 889 non
2135 840 2317 905 putavi
2342 839 2720 908 negligendam
2753 842 3094 895 occasionem
3123 847 3432 898 ostentandi
3467 846 3565 898 tibi

1993 933 2348 998 sagacitatem
2402 947 2576 985 meam
2605 971 2619 996 ,
2655 948 2815 1001 quam
2866 935 3030 989 tantis
3072 938 3316 991 artiﬁciis
3377 954 3566 992 arcere

1994 1021 2314 1089 ncquivisti,
2353 1024 2652 1091 quominus
2686 1022 2741 1079 in
2776 1026 2972 1079 ultimo
3019 1044 3238 1081 recessu
3286 1029 3569 1084 abditissi-

1995 1127 2209 1165 morum
2261 1115 2461 1167 mentis
2518 1125 2623 1168 tua:
2684 1117 3047 1182 penetralium
3084 1119 3563 1188 deprehendi-ret:

1994 1218 2217 1271 scopum
2265 1204 2726 1274 peregrinationis
2757 1206 2822 1259 ad
2850 1210 2965 1273 [nos
2999 1216 3101 1261 tua:
3129 1225 3237 1262 non
3269 1210 3437 1262 alium
3468 1212 3566 1266 tibi

1993 1295 2160 1351 fuisse
2212 1298 2555 1366 propositum
2594 1314 2797 1367 ,quam
2845 1309 2905 1353 ut
2953 1303 3226 1369 specimen
3282 1303 3566 1370 sapientiae

1992 1390 2321 1443 nostratium
2371 1390 2663 1443 doctorum
2709 1391 2929 1445 areanis
2966 1392 3108 1459 apud
3140 1407 3239 1445 nos
3282 1394 3564 1446 Conditum

1992 1480 2194 1534 litteris
2220 1521 2233 1543 ,
2275 1474 2623 1537 exscriberes
2652 1484 2801 1544 inde,
2848 1490 3139 1550 vestraque
3181 1484 3363 1552 lingua
3404 1500 3567 1552 expo-

1993 1573 2157 1626 situm
2185 1575 2294 1643 regi
2327 1582 2419 1625 tuo
2450 1576 2666 1629 rediens
2689 1575 2943 1630 offerres.

2064 1665 2127 1721 V.
2157 1666 2233 1719 Ac
2261 1681 2328 1719 ne
2365 1675 2416 1721 te
2470 1667 2663 1720 habeat
2697 1666 3019 1729 sollicitum,
3057 1667 3202 1735 quod
3244 1682 3329 1720 me
3383 1666 3561 1720 subof-

1994 1756 2206 1811 fensum
2241 1759 2623 1812 taciturnitate
2654 1768 2742 1811 tua
2782 1756 2916 1817 dixi,
2944 1758 3106 1810 velim
3137 1773 3203 1811 ne
3225 1758 3300 1811 sis
3326 1757 3566 1823 nescius,

313 1847 508 1903 deesse
547 1864 657 1903 non
697 1865 856 1919 posse
899 1850 1190 1920 judicavit,
1233 1850 1389 1921 quin,
1436 1864 1493 1903 se
1537 1848 1788 1917 adjutore
1822 1863 1884 1901 ac
1921 1824 1962 1878 Β
1993 1865 2103 1904 non
2144 1852 2321 1905 solum
2378 1851 2652 1921 ignovisse
2684 1868 2769 1905 me
2804 1852 2900 1905 tibi
2935 1851 3090 1904 facile
3116 1892 3131 1915 ,
3172 1850 3265 1904 sed
3302 1868 3397 1918 pra
3418 1860 3566 1904 terea

313 1952 621 2009 sequestro.
664 1942 941 2010 particeps
988 1956 1319 1996 arcanorum
1368 1942 1563 1996 Indica:
1602 1941 1885 2010 sapientis:

314 2043 800 2087 monumentorum
858 2034 973 2087 ﬁeri
1028 2034 1259 2089 Perzoes
1313 2033 1564 2104 cupiens,
1619 2033 1671 2086 in
1724 2033 1885 2087 istam

313 2124 662 2180 demerenda:
713 2142 823 2181 sua:
872 2128 1059 2197 gratia:
1117 2126 1462 2182 sedulitatem
1522 2125 1885 2179 incumberet.

316 2217 419 2271 Per
453 2218 601 2272 hunc
629 2218 849 2272 modum
890 2220 1213 2289 proﬁciente
1243 2219 1387 2274 inter
1419 2221 1566 2288 ipsos
1600 2219 1885 2274 familiari-

314 2319 451 2371 tate,
481 2309 811 2379 ﬁduciaque,
847 2321 905 2364 ut
939 2311 1018 2374 ﬁt,
1050 2311 1224 2364 mutui
1257 2312 1481 2369 amoris,
1519 2311 1888 2381 frequentatis

315 2405 573 2473 utrinque
626 2405 1020 2460 benevolentiae
1070 2406 1319 2471 indiciis,
1367 2417 1668 2470 crescente,
1722 2422 1886 2462 ausus

311 2494 608 2563 aliquando
676 2494 906 2548 Perzoes
973 2496 1149 2549 amico
1214 2496 1268 2550 in
1334 2512 1595 2551 arcanum
1657 2496 1886 2549 seducto

309 2587 574 2640 conclave
618 2586 821 2659 aliquid
853 2586 918 2641 de
961 2602 1060 2641 suo
1090 2588 1365 2642 desiderio
1414 2588 1594 2654 fateri,
1628 2604 1751 2642 eum
1801 2588 1885 2643 his

309 2676 486 2731 ferme
512 2677 696 2731 verbis
726 2677 922 2733 affatus
946 2687 1030 2733 est
1057 2674 1089 2738 ε’
1106 2680 1237 2733 Eam
1276 2680 1437 2735 video
1472 2682 1793 2735 cbaritatem
1829 2682 1883 2735 in

311 2784 423 2831 me,
459 2768 651 2832 frater,
723 2779 867 2825 tuam
923 2771 1010 2825 cui
1072 2772 1213 2825 male
1306 2780 1468 2840 atque
1522 2774 1731 2842 ingrate
1797 2789 1884 2828 mc

312 2862 649 2931 respondere
721 2864 1038 2925 arbitrarer,
1082 2864 1212 2917 site
1280 2865 1513 2919 celarem
1583 2866 1881 2935 quidquam

312 2957 637 3010 intimorum
668 2956 836 3011 animi
873 2956 979 3011 mei
1003 2971 1288 3010 sensuum.
1322 2956 1501 3022 Quare
1531 2957 1747 3012 fatebor
1786 2958 1883 3013 tibi

306 3050 592 3119 equidem,
640 3048 694 3102 id
731 3050 877 3117 quod
923 3064 990 3103 ex
1038 3064 1147 3118 quo
1198 3048 1306 3102 huc
1352 3050 1471 3103 veni
1508 3066 1704 3119 magna
1750 3066 1882 3104 cura

308 3143 569 3197 omnibus
588 3142 876 3205 abscondi,
898 3142 1042 3212 quod
1069 3142 1123 3196 in
1148 3151 1198 3196 te
1221 3143 1497 3212 a’quttatis
1516 3158 1580 3196 ac
1600 3144 1883 3211 sapientia:
1909 3168 1952 3223 ο
1995 3141 2225 3193 alterum

309 3246 526 3290 tantum
572 3235 838 3289 exsistere
880 3235 1224 3289 documentis
1269 3235 1567 3303 perspexi,
1614 3243 1880 3304 quantum

310 3328 366 3380 in
429 3341 497 3380 eo
548 3324 849 3380 desiderari
909 3334 1104 3396 potest,
1174 3341 1339 3396 quem
1402 3342 1732 3380 arcanorum
1796 3327 1880 3381 vel

308 3417 535 3471 maximi
582 3418 847 3472 momenti
897 3417 1141 3489 prudens
1212 3425 1363 3473 recte
1407 3419 1588 3488 quivis
1624 3419 1880 3475 adhibeat

306 3511 597 3565 arbitrum.

382 3602 469 3657 IV.
501 3604 581 3656 Ita
614 3603 991 3657 exordientem
1025 3602 1284 3657 Pcrzoem
1317 3602 1673 3672 interpellans
1714 3605 1881 3660 ludus

305 3698 567 3765 sapiens:
600 3697 810 3749 Dudum
847 3696 1107 3759 mirabar,
1154 3694 1355 3763 inquit,
1413 3696 1600 3748 tandiu
1659 3696 1878 3751 differre

307 3800 384 3855 te,
412 3790 557 3859 quod
594 3807 717 3845 sero
755 3806 901 3845 nunc
938 3790 1154 3843 tandem
1201 3790 1462 3853 inchoas;
1508 3800 1669 3860 atque
1718 3792 1875 3858 adeo,

306 3883 356 3939 si
408 3900 496 3938 me
529 3883 666 3937 sinis
713 3883 863 3955 loqui
905 3883 1095 3947 libere,
1144 3882 1237 3935 tibi
1292 3897 1430 3951 pene
1461 3884 1875 3952 succensebam,

306 3976 528 4048 quodin
544 3976 665 4030 aliis
680 3976 895 4030 cunctis
908 3974 1162 4028 amicitize
1179 3974 1377 4029 ofﬁciis
1400 3974 1873 4045 diligentissimus,

304 4072 364 4124 in
382 4070 483 4123 hoc
502 4069 744 4123 omnium
767 4068 1040 4137 praecipuo
1063 4067 1486 4137 aperiendorum
1510 4079 1874 4135 secretorum,

302 4146 563 4217 illiberali
633 4176 769 4230 pene
834 4162 1068 4229 quadam
1159 4159 1511 4215 cunctatione
1605 4176 1871 4217 cessares.

302 4257 628 4325 Quanquam
663 4270 731 4307 ne
776 4253 1021 4307 vicissim
1065 4268 1166 4321 ego
1214 4252 1310 4305 tibi
1349 4263 1541 4306 contra
1583 4252 1733 4322 leges
1761 4254 1871 4307 veri

234 4388 241 4419 ε
302 4349 510 4402 amoris
602 4346 946 4401 dissimulem
1028 4344 1311 4414 quidpiam
1363 4383 1378 4406 ,
1472 4344 1675 4398 frustra
1749 4360 1873 4399 eras

304 4439 364 4491 in
393 4438 496 4490 hoc
524 4436 707 4491 studio
738 4436 877 4489 clam
905 4449 991 4490 me
1020 4434 1262 4489 habendi
1298 4444 1487 4488 votum
1521 4434 1653 4488 illud
1682 4476 1697 4501 ,
1724 4435 1871 4504 quod

303 4544 410 4600 ego
444 4528 649 4581 dudum
706 4527 983 4597 pellnccns
1029 4526 1085 4580 in
1144 4534 1235 4579 tua
1296 4525 1483 4578 intima
1538 4527 1871 4581 conscientia
1906 4505 1948 4559 υ

304 4621 539 4692 perlegi.
584 4621 687 4673 Diu
716 4660 729 4683 ,
780 4621 1043 4687 inquam,
1101 4628 1183 4673 est
1216 4618 1359 4687 quod
1408 4632 1493 4671 me
1533 4634 1641 4671 non
1686 4619 1822 4672 fallit
1856 4658 1870 4683 ,

306 4714 522 4766 venisse
551 4721 600 4765 te
619 4712 672 4764 in
714 4710 921 4764 Indiam
952 4726 1016 4763 eo
1043 4709 1273 4764 consilio
1294 4748 1307 4769 ,
1336 4717 1393 4761 ut
1431 4718 1630 4762 nostra:
1657 4709 1875 4778 sapien-

304 4807 397 4859 tia:
443 4804 730 4859 thesauros
764 4803 1052 4871 expilares,
1081 4817 1520 4869 arcanorumque
1556 4801 1679 4854 inde
1710 4802 1876 4855 libro-

304 4912 429 4951 rum
458 4897 672 4965 copiam
708 4905 901 4948 nactus
927 4934 941 4956 ,
966 4910 1031 4944 ex
1079 4894 1144 4945 iis
1192 4884 1419 4945 erueres
1456 4892 1599 4945 unde
1638 4894 1871 4961 patriam

304 4988 479 5041 redux
504 4988 709 5040 ditares
739 4998 906 5038 tuam.
930 4988 983 5037 lu
1016 5000 1123 5052 quo
1153 4987 1275 5046 etsi,
1312 4994 1370 5036 ut
1407 4984 1540 5045 dixi,
1599 4984 1877 5038 suboffen-

304 5082 471 5133 debat
525 5096 610 5132 me
662 5089 754 5131 tua
811 5079 901 5131 illa
954 5094 1057 5129 non
1102 5075 1233 5129 satis
1266 5074 1551 5128 familiaris
1597 5075 1662 5127 de
1699 5091 1755 5129 rc
1782 5077 1873 5130 tali

305 5171 654 5225 taciturnitas
686 5210 700 5233 ,
766 5167 1157 5223 necessitudini
1202 5166 1346 5219 inter
1396 5181 1496 5219 nos
1546 5166 1874 5222 coalesccnti

304 5262 615 5316 convicium
652 5264 765 5315 visa
804 5263 981 5315 facere
1017 5300 1029 5319 .
1075 5258 1371 5328 temperavi
1418 5267 1597 5312 tamen
1665 5260 1732 5313 ab
1780 5277 1870 5313 ex-

304 5354 631 5425 postulando
686 5356 752 5408 de
791 5334 856 5407 ea
894 5361 1073 5407 tecum
1098 5394 1111 5417 ,
1161 5360 1455 5406 contentus
1496 5351 1788 5406 observare
1825 5366 1874 5407 te

302 5444 569 5510 interim,
608 5454 663 5500 et
710 5447 866 5515 quasi
921 5444 1361 5498 dissimulatione
1402 5453 1591 5496 mutua
1642 5444 1873 5511 ulcisci;

302 5539 434 5591 dum
469 5548 523 5591 tu
553 5540 764 5592 caeteris
818 5537 1117 5591 virtutibus
1145 5577 1159 5601 ,
1190 5546 1243 5590 et
1276 5576 1291 5600 ,
1327 5552 1447 5604 quae
1490 5551 1587 5589 usu
1622 5552 1678 5590 se
1708 5540 1876 5606 magis

307 5632 587 5700 magisque
655 5631 975 5699 quotidiano
1043 5632 1417 5693 exercebant,
1496 5628 1718 5684 dotibus
1770 5632 1875 5685 tuis

305 5724 579 5792 pineclaris
631 5722 959 5776 eruditionis
1014 5732 1066 5776 et
1119 5722 1370 5792 ingenii,
1406 5722 1581 5775 labem
1638 5724 1782 5777 illam
1818 5727 1871 5779 in

302 5814 662 5868 aestimatione
702 5828 817 5867 mea
872 5815 1311 5881 qualemcunque
1339 5827 1748 5881 compensares,
1777 5824 1870 5869 aut

1989 1944 2155 1997 etiam
2203 1946 2515 2011 suspexisse
2549 1943 2987 1997 moderationem
3037 1944 3090 1995 in
3146 1944 3251 1996 hoc
3285 1954 3432 1997 tuam
3458 1983 3473 2006 ,
3508 1944 3564 1997 in

1987 2050 2094 2104 qua
2120 2051 2372 2103 magnum
2404 2036 2686 2104 sapientia:
2718 2036 2890 2088 instar
2917 2037 3279 2105 agnoscebam
3312 2051 3327 2099 ;
3361 2052 3566 2106 gnarus

1987 2143 2148 2195 quam
2176 2128 2332 2196 pauci
2368 2129 2625 2189 resistant
2650 2128 2920 2196 prurigini
2967 2127 3239 2196 prodendi
3277 2127 3565 2181 familiari-

1989 2220 2090 2273 bus
2124 2220 2394 2289 quidquid
2432 2230 2614 2273 mente
2646 2230 2869 2273 versant
2904 2259 2916 2279 .
2950 2231 3265 2289 quantaque
3297 2221 3558 2273 cautione

1988 2325 2125 2380 opus
2152 2312 2264 2375 sit,
2291 2315 2593 2381 prmsertim
2635 2313 2965 2382 degentibus
3020 2328 3243 2381 peregre
3284 2313 3387 2365 sub
3438 2328 3564 2383 rege

1987 2403 2308 2473 legibusque
2340 2405 2753 2467 diversissimis,
2782 2406 2835 2457 in
2871 2415 3017 2457 recte
3046 2404 3357 2473 deligendo,
3393 2420 3561 2473 quem

1988 2496 2203 2550 consilii
2233 2497 2488 2566 ancipitis
2517 2507 2572 2551 et
2604 2497 3005 2550 offensionibus
3039 2497 3149 2550 illic
3178 2497 3426 2558 obnoxii,
3453 2514 3562 2551 non

1988 2586 2250 2641 damnose
2283 2588 2405 2656 quis
2452 2589 2719 2641 arbitrum
2759 2587 2943 2641 faciat:
2978 2589 3123 2657 Ergo
3154 2628 3167 2651 ,
3204 2598 3257 2640 ut
3294 2589 3440 2656 quod
3476 2605 3565 2643 res

1987 2688 2072 2732 est
2127 2679 2302 2732 fatear
2329 2722 2342 2743 ,
2385 2696 2451 2733 eo
2489 2692 2540 2734 te
2602 2680 2826 2734 nomine
2860 2680 3032 2748 magis
3064 2682 3273 2741 amavi,
3302 2697 3363 2734 ac
3394 2682 3565 2735 multo

1989 2770 2162 2837 pluris
2204 2770 2328 2823 feci.
2381 2770 2471 2824 Sic
2498 2770 2642 2824 enim
2684 2770 2892 2823 dudum
2931 2771 3061 2824 mihi
3090 2771 3362 2839 persuasi,
3433 2781 3563 2824 octo

1988 2876 2107 2913 esse
2144 2862 2195 2915 in
2246 2863 2447 2930 quibus
2478 2863 2919 2930 experimentum
2957 2862 3159 2915 indolis
3209 2878 3450 2930 magme,
3478 2865 3565 2915 in-

1987 2954 2242 3022 geniique
2268 2954 2443 3007 laudis
2464 2956 2677 3007 eximiz-e
2708 2958 2927 3022 capacis
2956 2996 2967 3015 ,
3000 2955 3141 3008 sumi
3192 2964 3407 3007 certum
3436 2970 3565 3022 pos-

1990 3051 2099 3099 sit:
2135 3049 2377 3115 primum
2411 3056 2495 3101 est
2522 3049 2707 3101 mitem
2741 3064 2860 3101 esse
2904 3058 2957 3101 et
2991 3063 3202 3109 comem
3240 3049 3303 3100 ad
3328 3064 3566 3113 omnes;

2323 3151 2473 3193 recta
2510 3141 2711 3193 intueri
2753 3140 3089 3193 destinatum
3119 3156 3275 3193 suum
3306 3183 3320 3204 ,
3373 3142 3563 3209 illique

1988 3231 2259 3285 indefesse
2286 3271 2300 3295 ,
2335 3231 2428 3285 sed
2464 3230 2735 3299 patienter
2765 3273 2778 3295 ,
2823 3232 3070 3300 urgendo
3121 3231 3375 3284 insistere
3408 3247 3421 3295 ;
3449 3239 3562 3283 ter-

1987 3326 2144 3389 tium,
2185 3325 2411 3379 subesse
2438 3326 2778 3394 obsequique
2825 3326 3044 3390 regibus
3074 3340 3089 3389 ;
3118 3333 3378 3393 quartum
3415 3365 3429 3385 ,
3466 3339 3559 3376 ar--

1983 3432 2118 3471 cana
2150 3418 2395 3487 probatis
2429 3417 2691 3470 duntaxat
2719 3417 2916 3470 amicis
2951 3417 3180 3470 credere
3216 3432 3229 3482 ;
3259 3417 3511 3485 quintum
3540 3454 3556 3480 ,

1983 3509 2038 3561 in
2079 3508 2428 3561 comitatibus
2456 3508 2775 3576 principum
2814 3508 2894 3560 sic
2920 3523 3190 3576 apparere
3227 3509 3555 3575 sapientem,

1985 3610 2044 3654 ut
2087 3601 2274 3653 odiosa
2306 3601 2528 3654 tristitia
2582 3599 2946 3668 philosophia:
3001 3615 3111 3653 non
3166 3600 3447 3668 popularis
3502 3606 3561 3652 et

1981 3694 2351 3762 superciliosae
2384 3694 2689 3747 declinatur
2717 3709 2731 3757 ;
2765 3700 2979 3746 sextum
3011 3730 3024 3753 ,
3056 3693 3131 3744 ita
3181 3700 3466 3744 mansuete
3489 3707 3557 3743 ac

1980 3787 2191 3856 placide
2220 3801 2343 3839 cum
2385 3785 2599 3837 vitiosis
2641 3784 2806 3837 etiam
2834 3792 2886 3836 ct
2924 3784 3196 3851 improbis
3230 3798 3391 3851 agere
3423 3823 3438 3847 ,
3494 3789 3558 3834 ut

1980 3878 2046 3931 ad
2073 3893 2167 3931 eos
2192 3894 2257 3931 ne
2290 3876 2529 3945 suspicio
2552 3875 2771 3943 quidem
2797 3875 2962 3928 celari
2992 3876 3391 3943 requirentium
3425 3889 3559 3927 eon-

1980 3971 2227 4025 siliornm
2257 3968 2361 4021 ulla
2390 3969 2604 4023 sinatur
2639 3982 2916 4030 emanare;
2950 3968 3265 4036 septimum,
3293 3981 3555 4020 exercere

1979 4062 2279 4116 dominium
2300 4062 2351 4115 in
2376 4060 2993 4128 linguam,l’renareque
3036 4059 3183 4111 illam
3224 4060 3276 4111 in
3308 4056 3554 4111 occasio-

1978 4154 2141 4208 nibus
2175 4152 2379 4221 ingenii
2430 4151 2735 4204 dicacitate
2780 4148 3205 4203 commendandi
3234 4187 3249 4211 ,
3283 4149 3352 4203 ab
3403 4150 3553 4203 omni

1977 4244 2227 4307 dicterio,
2257 4242 2402 4312 quod
2438 4243 2521 4295 vel
2553 4242 2778 4309 oblique
2846 4240 3180 4309 perstringat
3211 4242 3551 4309 quempiam.

1976 4338 2239 4391 Octavum
2274 4334 2513 4402 denique
2546 4372 2561 4397 ,
2596 4336 2648 4387 in
2681 4341 2958 4386 conventu
3004 4332 3253 4385 virorum
3306 4341 3552 4401 gravium

1978 4441 2084 4479 non
2120 4436 2321 4479 temere
2358 4422 2615 4492 prodire,
2648 4437 2711 4474 ac
2764 4433 2896 4475 testu
2929 4420 3263 4475 eruditionis
3310 4421 3552 4475 consciae

1978 4516 2206 4587 provehi
2237 4514 2587 4569 sermonibus
2628 4514 2769 4565 ultra
2823 4528 2989 4581 quam
3044 4524 3235 4581 poscat
3286 4513 3556 4582 prepositi

1978 4610 2045 4663 ad
2099 4608 2390 4662 dicendum
2442 4614 2538 4659 aut
2593 4604 3011 4659 deliberandum
3071 4607 3382 4674 argumenti
3443 4607 3556 4659 for-

1976 4703 2145 4756 mula.
2178 4700 2272 4755 His
2298 4712 2421 4754 octo
2472 4698 2864 4770 qui'preeditus
2901 4682 3124 4751 dotibus
3166 4689 3259 4757 sii.
3296 4715 3375 4751 na:
3402 4699 3450 4752 is
3491 4708 3549 4752 et

1980 4808 2127 4852 tutus
2158 4798 2263 4850 erit
2293 4811 2322 4849 a
2354 4795 2606 4864 periculo
2632 4793 2960 4846 damnorum
2998 4793 3049 4843 in
3086 4808 3207 4860 qure
3242 4792 3385 4843 haud
3421 4808 3546 4844 raro

1978 4887 2699 4945 incurruntinconsiderate
2744 4895 3186 4944 conversantes;
3226 4894 3279 4935 et
3326 4899 3554 4951 compos

1976 4983 2091 5036 fere
2126 4981 2220 5034 ﬁet
2248 4989 2495 5033 votorum
2542 4991 3001 5046 quorumcuuque
3028 5014 3043 5040 ,
3092 4975 3305 5029 cunctis
3356 4976 3421 5027 ad
3458 4977 3550 5029 tali

1976 5074 2267 5129 favendum
2320 5070 2556 5125 naturali
2612 5069 2848 5136 quadam
2894 5066 3256 5120 inclinatione
3309 5081 3553 5134 propen-

1978 5168 2255 5222 dentibus.
2277 5165 2459 5233 Itaque
2482 5161 2627 5231 quod
2654 5162 2751 5215 has
2777 5162 2831 5213 in
2868 5170 2918 5213 te
2948 5174 3137 5212 omnes
3159 5159 3389 5211 virtutes
3418 5158 3551 5223 vidi,

1978 5271 2264 5330 promptus
2301 5273 2428 5310 ecce
2465 5267 2781 5324 pronusque
2838 5266 2959 5304 sum
3004 5251 3071 5303 ad
3127 5250 3551 5319 gratificandqu

1982 5355 2102 5416 tibi,
2134 5360 2397 5421 quantum
2435 5350 2541 5401 erit
2572 5347 2624 5398 iu
2653 5362 2737 5398 me
2762 5346 2952 5406 situm,
2990 5345 3361 5412 quodcunque
3390 5352 3552 5410 Opta-

1979 5450 2142 5503 veris.
2181 5448 2372 5500 Moneo
2407 5453 2585 5495 tamen
2613 5439 2831 5493 difﬁcile
2869 5449 2919 5492 te
2945 5440 3227 5507 negotium
3287 5446 3550 5502 tractare;

1980 5556 2041 5593 ac
2082 5554 2191 5607 quo
2238 5537 2408 5605 magis
2433 5535 2610 5587 sentio
2644 5532 2790 5584 haud
2846 5547 3006 5600 posse
3061 5548 3145 5584 me
3177 5534 3230 5583 in
3273 5546 3339 5583 eo
3377 5546 3551 5599 quan-

1982 5645 2094 5683 tum
2126 5628 2347 5690 vellem,
2378 5642 2443 5680 eo
2480 5643 2674 5695 precor
2702 5630 2870 5681 Deum
2906 5626 3193 5689 intentius,
3224 5632 3280 5677 ut
3310 5624 3551 5679 fortunet

1979 5733 2259 5791 coeptum,
2339 5722 2671 5776 amoliendis
2723 5736 2845 5775 sese
2901 5728 3092 5773 contra
3142 5720 3550 5789 objectantibus

1981 5816 2277 5871 obstaculis
2314 5831 2422 5869 non
2456 5816 2681 5886 parvis;
2719 5830 2842 5885 quae
2867 5815 3125 5883 equidem
3162 5813 3293 5869 dum
3328 5822 3525 5881 reputo
