4016 6520
476 310 617 380 1223

1893 309 2135 369 ΑΡΡΕΝ
2148 310 2302 371 DIX.

3599 311 3743 379 1224.

470 431 802 487 cohorresco
870 428 1145 485 interdum
1219 435 1407 496 totus;
1466 429 1671 499 quippe
1724 428 2056 483 obversante
2089 435 2130 491 Α
2162 427 2359 485 tertius
2398 435 2601 485 nostrae
2642 430 2995 487 conscientia:
3032 435 3321 493 amborum
3362 435 3698 492 adhibeatur
3727 469 3744 495 ο

473 525 647 579 menti
684 539 816 578 mea:
846 538 990 578 Saeva
1030 523 1269 593 imagine
1323 523 1595 579 malorum
1626 536 1748 591 qua:
1781 520 1882 575 hac
1913 521 2053 575 forte

471 617 816 687 deprehensa
872 615 1158 669 molitione
1212 615 1267 668 in
1310 622 1465 668 tuum
1496 613 1629 666 mihi
1658 613 1816 682 longe
1842 612 2055 666 charis-

470 710 668 764 sitnutn
704 706 1073 761 redundarent
1095 714 1278 775 caput.
1319 706 1427 760 Sed
1461 714 1676 759 avertet
1700 705 1953 767 sinistra,
1994 706 2071 759 ut‘

470 814 654 868 spero,
681 808 878 851 cuncta
911 796 1212 866 prapttium
1244 796 1574 849 innocentiae
1599 803 1704 847 tua:
1746 804 2050 875 nostroque

472 888 648 943 amori
677 888 927 956 Numen;
955 887 1113 957 cujus
1142 885 1267 940 tecti
1303 885 1609 954 patrocinio
1640 883 2050 953 (conﬁdendum
2082 875 2091 883 ’

472 990 556 1036 est
613 978 811 1048 enim)
852 977 1083 1032 adversa
1137 975 1452 1047 infestaque
1503 975 1726 1030 innoxie
1790 975 2052 1045 quaelibet

470 1070 867 1127 eluctabimur.

550 1184 635 1240 VI.
665 1184 830 1239 Varie
870 1181 1057 1238 aﬁ‘ecit
1088 1182 1369 1251 inopinata
1393 1181 1510 1235 haec
1538 1180 1713 1235 oratio
1735 1179 2050 1234 audientem

470 1275 757 1330 Perzoem.
855 1274 1089 1328 Miratus
1148 1251 1391 1343 primum
1454 1283 1538 1327 est
1590 1272 1871 1326 solertiam
1932 1271 2052 1326 Indi

472 1381 649 1436 usque
700 1380 767 1420 eo
819 1366 1197 1436 perspicacem
1226 1406 1241 1429 ,
1286 1376 1345 1418 ut
1376 1366 1613 1420 latebras
1641 1366 1827 1421 cordis
1860 1381 2054 1436 perva-

474 1456 655 1511 deret.
685 1457 944 1528 Ejusdem
976 1467 1166 1527 postea
1196 1457 1600 1513 humanitatem
1632 1457 2051 1529 suspexit,quod

474 1548 531 1601 in
565 1549 831 1603 nonnulla
863 1550 1251 1619 expostulandi
1306 1566 1492 1604 secum
1534 1566 1723 1612 causa,
1753 1552 1902 1606 omni
1927 1567 2049 1605 ver-

476 1640 675 1696 borum
705 1641 1010 1711 asperitate
1055 1650 1440 1710 temperasset.
1493 1643 1777 1697 l‘ostremo
1811 1643 2051 1712 gratula-

478 1742 569 1787 tus
592 1734 700 1788 sibi
727 1714 925 1799 est,.et
977 1734 1265 1805 probatam
1297 1734 1671 1803 irrel‘ragabili
1693 1737 1805 1804 jam
1832 1734 2051 1803 eriperi-

2158 533 2256 575 ant
2331 522 2833 594 quomodocunque
2908 525 3247 585 interveniat
3303 531 3531 589 arbiter.
3589 530 3746 585 Inter
3834 592 3837 593 ν

2156 613 2296 679 duos
2328 622 2521 682 potest
2543 625 2822 687 utcunque
2869 620 3174 676 consistere
3204 624 3473 677 securitas
3499 620 3743 687 secreti;

2156 709 2304 776 quod
2335 717 2445 763 tres
2470 709 2653 763 sciunt
2685 712 2860 766 teneri
2891 711 3028 783 quin
3058 725 3280 769 emanet
3299 714 3366 769 ad
3400 715 3615 785 plures,
3637 729 3745 769 ne-

2156 798 2298 869 quit.
2327 799 2386 854 Si
2439 811 2624 854 autem
2682 804 2959 858 cnotucrit
2988 845 3003 870 ,
3038 806 3327 875 cooperari
3383 821 3473 861 me
3513 805 3618 862 tibi
3680 806 3739 861 in

2155 891 2523 960 cxscriptione
2559 901 2613 947 et
2653 893 3038 963 deportatioue
3082 897 3149 951 ad
3188 908 3410 954 exteros
3442 913 3739 954 commen-

2154 982 2422 1036 tariorum
2457 985 2805 1052 nostratium,
2829 995 3016 1042 actum
3057 988 3126 1044 de
3156 1005 3243 1045 me
3281 990 3390 1055 sit;
3424 999 3543 1046 tum
3572 991 3743 1047 nulla

2154 1090 2307 1143 opes,
2340 1076 2488 1129 nulla
2519 1076 2842 1146 suffragatio
2888 1089 3056 1150 caput
3083 1096 3266 1137 meum
3292 1093 3605 1138 servarent.
3631 1083 3745 1137 Re-

2155 1179 2277 1231 gem
2305 1164 2576 1219 habemus
2604 1168 2799 1222 saevire
2841 1170 3107 1225 atrociter
3154 1175 3225 1226 ob
3273 1187 3364 1227 res
3405 1172 3567 1227 nihili
3605 1172 3745 1228 soli-

2156 1265 2295 1322 tum,
2327 1272 2430 1311 nec
2465 1259 2819 1325 revocabilis,
2856 1260 2950 1316 ubi
2975 1263 3315 1334 praecipitem
3342 1265 3424 1321 ira
3455 1265 3741 1332 extulerit,

2154 1349 2214 1404 in
2246 1351 2463 1404 mitiora
2499 1351 2824 1407 voluntatis.

2228 1440 2340 1498 Vll.
2392 1444 2492 1498 llic
2573 1444 2808 1501 Perzoes
2876 1448 3087 1518 gratias
3142 1450 3251 1519 egit
3308 1457 3417 1503 tam
3469 1464 3744 1520 generoso

2153 1535 2353 1598 amico.
2390 1545 2554 1605 prout
2588 1552 2687 1606 par
2708 1547 2831 1592 erat
2856 1580 2872 1604 ,
2907 1555 3131 1609 magnas
3151 1582 3166 1607 ,
3197 1557 3264 1595 ex
3290 1542 3509 1597 cunctis
3590 1543 3744 1612 sigil-

2154 1628 2308 1681 latim
2360 1630 2797 1684 circumstantiis
2835 1631 3092 1687 beneﬁcii
3141 1633 3261 1704 ejus
3304 1635 3567 1688 meritum
3590 1633 3742 1688 aesti-

2154 1733 2311 1772 mans
2336 1758 2350 1779 ,
2402 1720 2549 1789 quod
2599 1721 2746 1777 ultro
2779 1723 3098 1794 priusquam
3129 1735 3423 1797 rogaretur
3452 1765 3470 1792 ,
3493 1726 3644 1797 quod
3679 1726 3738 1779 in

478 1837 666 1883 mento
716 1828 878 1882 amici
921 1843 1086 1898 quem
1140 1829 1410 1883 hactenus
1437 1829 1856 1897 exploraverat,
1886 1826 2048 1882 fidem

2165 1820 2211 1858 re
2240 1804 2344 1860 sibi
2384 1808 2720 1875 periculosa,
2762 1810 2911 1879 quod
2955 1812 3164 1867 homini
3201 1822 3432 1880 extero,
3463 1822 3575 1868 tam
3607 1827 3745 1884 pro-

380 1940 383 1941 '
478 1935 876 2000 usquequaque
903 1921 1217 1976 sinceram:
1255 1930 1311 1975 et
1342 1930 1495 1975 certa
1546 1929 1661 1975 tum
1703 1920 1925 1973 demum
1952 1917 2049 1973 ﬁr-

478 2018 648 2067 mavit
691 2014 936 2068 animum
970 2014 1169 2068 ﬁducia
1205 2014 1583 2084 consequendi
1614 2014 1757 2081 quod
1785 2012 2050 2082 optabat,

477 2106 685 2160 auxilio
718 2107 908 2176 utique
957 2118 1147 2177 parato
1179 2117 1288 2161 tam
1344 2107 1433 2160 ﬁdi
1470 2124 1535 2161 ac
1584 2106 1823 2162 eﬁicacis
1855 2121 2055 2175 coope-

479 2197 700 2250 ratoris.
743 2196 840 2251 His
879 2197 1097 2252 intento
1144 2198 1580 2268 cogitationibus
1608 2239 1624 2263 ,
1665 2208 1722 2252 et
1748 2198 1898 2252 vultu
1931 2196 2054 2266 qui-

480 2288 605 2341 dem
637 2288 830 2343 fatenti
863 2290 943 2344 sic
971 2305 1030 2345 se
1055 2305 1173 2345 rem
1225 2291 1429 2345 habere
1484 2300 1542 2344 ut
1590 2290 1799 2345 amicus
1840 2289 2053 2344 divina-

482 2389 641 2434 verat
667 2419 682 2444 ,
708 2380 945 2434 necdum
983 2390 1165 2435 tamen
1194 2380 1505 2450 expedienti
1551 2390 1801 2435 mutuum
1846 2397 2056 2436 sermo-

480 2486 633 2536 nem,
655 2471 735 2526 sic
758 2472 947 2538 Indus,
970 2474 1120 2527 omni
1142 2474 1190 2527 ei
1216 2474 1399 2527 timori
1423 2474 1695 2529 demendo
1725 2476 1924 2529 iterum
1971 2484 2055 2530 est

482 2578 644 2618 orsus
672 2563 932 2618 :Miraris
984 2565 1041 2618 in
1094 2566 1197 2619 isto
1244 2566 1466 2621 silentio
1515 2570 1752 2621 fortasse
1796 2569 1891 2636 qui
1934 2568 2054 2622 ﬁeri

483 2655 728 2723 potuerit
758 2666 818 2709 ut
845 2666 1031 2711 votum
1058 2665 1238 2722 tuum,
1263 2659 1369 2713 etsi
1388 2676 1417 2713 a
1445 2669 1496 2714 te
1526 2661 1773 2715 studiose
1806 2671 2009 2716 tectum
2037 2696 2067 2728 ,-

487 2747 828 2815 penetrarint
892 2758 1119 2816 tamen;
1151 2750 1230 2806 sic
1273 2752 1435 2817 habe,
1482 2762 1655 2809 artem
1714 2755 1913 2809 callere
1969 2770 2059 2810 me

488 2839 788 2894 insidiandi
834 2843 1027 2897 amicis
1102 2844 1443 2911 innocenter,
1473 2847 1577 2901 hoc
1603 2856 1688 2901 est
1721 2848 2058 2917 perducendi

484 2946 582 2986 eos
619 2949 729 2987 non
762 2935 926 2988 modo
950 2936 1087 2991 citra
1121 2938 1401 3005 damnum,
1436 2940 1531 2995 sed
1568 2942 1733 2994 etiam
1756 2957 1881 2996 cum
1910 2958 2062 2996 eom-

485 3023 648 3078 modo
709 3025 952 3095 ipsorum
1006 3045 1118 3098 quo
1198 3031 1426 3086 minime
1483 3034 1760 3087 volebant.
1811 3034 1878 3088 Ut
1910 3034 2058 3088 enim

485 3130 729 3185 aucupes
760 3120 1055 3175 observato
1104 3132 1266 3192 gustu
1319 3125 1505 3179 avium
1551 3142 1692 3195 quas
1737 3138 2007 3180 venantur
2039 3167 2054 3193 ,
2081 3143 2128 3206 ρ

486 3207 758 3278 objiciunt
785 3213 868 3268 eis
897 3229 1055 3269 escas
1099 3233 1238 3285 quas
1262 3219 1367 3272 illae
1388 3229 1675 3288 appetunt,
1711 3230 1766 3275 et
1801 3221 1904 3275 hac
1939 3222 2059 3275 ille-

486 3303 653 3358 cebra
686 3304 944 3360 delinitas
966 3310 1302 3377 pertrahunt
1329 3312 1385 3365 in
1417 3313 1646 3382 laqueus
1681 3314 1836 3383 juxta
1857 3331 2060 3382 expan-

486 3409 599 3456 sos,
631 3394 711 3450 sic
734 3412 836 3465 ego
857 3398 1141 3453 intellecto
1171 3409 1264 3455 tuo
1302 3404 1508 3468 studio,
1529 3405 1849 3475 ingentique
1870 3421 2058 3462 amore

486 3485 842 3554 litterarum,
895 3490 964 3544 de
1029 3491 1302 3547 industria
1358 3497 1696 3550 mentionem
1749 3498 2058 3554 inferebam

486 3580 815 3633 nostratium
846 3594 1331 3639 monumentorum
1361 3586 1430 3641 de
1450 3590 1697 3645 moribus
1721 3592 2059 3661 scriptorum

490 3681 751 3726 accurate
782 3712 796 3737 ,
834 3689 943 3743 qua
968 3682 1498 3736 commemoratione
1523 3698 1649 3737 cum
1681 3684 1908 3739 salivam
1958 3685 2058 3740 tibi

491 3766 703 3820 moveri
732 3776 839 3820 tam
873 3771 1134 3838 exquisiti
1180 3773 1311 3839 cibi,
1341 3776 1490 3829 nulla
1517 3778 1650 3831 satis
1679 3785 1769 3831 tua
1797 3778 2059 3833 dissimu-

489 3853 625 3909 latio
665 3857 922 3922 celaret,
979 3859 1180 3916 deveni
1236 3868 1499 3932 tandem,
1551 3868 1813 3923 adhibitis
1863 3871 2058 3925 eodem

496 3947 753 4016 plurimis
782 3950 911 4005 hinc
940 3952 1068 4008 inde
1098 3954 1222 4011 aliis
1254 3956 1474 4014 indiciis
1496 4000 1511 4023 ,
1540 3961 1596 4014 in
1628 3964 1879 4017 notitiam
1910 3965 2061 4020 desi-

489 4039 631 4094 derii
658 4042 803 4111 quod
837 4054 889 4098 te
916 4044 1025 4099 huc
1047 4045 1224 4102 duxit.
1263 4049 1391 4103 Scio
1432 4061 1636 4108 temere
1668 4055 1731 4108 in
1753 4050 2064 4128 talibu'sju-

414 4150 429 4165 ί
491 4134 679 4189 dieare
736 4137 960 4192 multos.
1022 4137 1130 4194 Sed
1183 4141 1229 4195 si
1292 4155 1743 4214 argumentorum
1797 4150 2062 4218 cpinandi

493 4224 743 4281 delectus
775 4229 870 4298 qui
919 4229 1084 4285 debet
1113 4232 1380 4288 habeatur
1408 4273 1423 4297 ,
1464 4250 1590 4290 raro
1620 4240 1884 4293 erraverit
1919 4242 2061 4294 divi-

493 4319 670 4374 natio.
695 4321 772 4375 Ac
785 4321 930 4376 sicut
953 4322 1247 4379 aediﬁcium
1271 4324 1444 4381 ﬁrmis
1467 4326 1710 4384 innitens
1738 4330 2063 4387 fundamen-

495 4413 566 4468 tis
589 4422 698 4467 stat
726 4417 1118 4471 inconcussum
1159 4417 1429 4474 adversus
1466 4423 2008 4494 ventos-imbresque
2045 4442 2061 4492 ;

491 4504 641 4560 sicut
664 4508 841 4572 natus,
874 4508 1062 4562 carina
1087 4509 1286 4565 subtus
1313 4511 1489 4565 solida
1510 4554 1526 4579 ,
1556 4513 1828 4569 lateribus
1864 4516 2065 4569 validis

491 4614 561 4653 ex
588 4608 707 4653 arte
748 4599 961 4655 aﬁ'abre
997 4612 1282 4670 compacta
1323 4605 1537 4660 resistit
1573 4606 1730 4661 iratis
1762 4607 2065 4676 ﬂuctibus;

496 4693 580 4747 sic
612 4681 818 4761 Opinio‘
856 4707 923 4746 ex
971 4694 1234 4763 prudenti
1286 4701 1698 4768 comparatione
1741 4710 2068 4772 maturaque

491 4772 853 4842 aestimatione
880 4788 1164 4859 signorum
1196 4791 1251 4843 in
1283 4807 1454 4845 unum
1499 4808 1565 4847 ex
1586 4792 1810 4849 diverso
1830 4797 2062 4866 conspi-

496 4878 738 4934 rantium
760 4879 1023 4949 plurium,
1042 4890 1190 4936 recte
1216 4884 1597 4940 ratiocinantis
1621 4887 1806 4942 animo
1839 4889 2027 4943 innata
2051 4930 2067 4957 ,

495 4973 721 5041 coargui
766 4988 877 5026 non
936 4974 1140 5042 timet;
1192 4977 1326 5045 quin
1394 4978 1680 5034 verissima
1737 4981 2067 5053 plerumque

496 5061 616 5131 ipsa
648 5062 996 5118 consciorum
1026 5066 1376 5123 confessione
1405 5071 1839 5140 comprobatur;
1884 5089 1988 5129 nec
2016 5082 2068 5128 te

499 5169 669 5225 porro
715 5155 983 5225 pmniteat
1021 5156 1227 5214 habere
1266 5175 1354 5231 me
1386 5161 1655 5216 arbitrum
1699 5165 1960 5234 ancipitis
1981 5182 2068 5220 ar-

496 5248 657 5316 cani;
699 5258 908 5305 tantum
942 5251 1137 5306 absum
1169 5267 1201 5307 a
1242 5253 1548 5309 deserendo
1575 5263 1663 5320 te,
1698 5265 1761 5312 ut
1793 5258 2070 5329 particeps

498 5341 667 5413 hujus
690 5343 765 5397 tui
801 5344 1173 5415 quodcunque
1217 5355 1304 5402 est
1349 5348 1603 5404 criminis
1632 5350 1778 5405 ultro
1807 5350 1927 5406 ﬁeri
1990 5352 2071 5407 fe-

499 5435 723 5492 stinem.
744 5437 856 5501 Sic,
875 5437 1125 5508 inquam,
1150 5438 1393 5506 decrevi,
1408 5457 1628 5498 omnem
1659 5443 1911 5501 conferre
1933 5460 2069 5515 ope-

499 5546 618 5585 ram
640 5571 657 5596 ,
690 5549 758 5588 ne
783 5535 906 5589 vitae
930 5535 1154 5606 quidem
1190 5552 1255 5591 ac
1281 5538 1446 5608 capiti
1482 5540 1758 5609 parcendo
1785 5581 1799 5605 ,
1823 5557 1935 5613 quo
1965 5542 2066 5597 tibi

497 5625 780 5696 contingat
813 5627 865 5681 id
896 5627 1043 5698 quod
1075 5614 1255 5699 optas.
1296 5633 1499 5689 Verum
1545 5635 1613 5689 ad
1668 5637 1775 5690 hoc
1841 5652 2068 5693 necesse

499 5729 729 5783 prorsus
750 5726 878 5773 ante
909 5719 1095 5776 omnia
1139 5730 1226 5777 est
1254 5766 1270 5789 ,
1324 5734 1383 5779 ut
1437 5726 1790 5780 intendamus
1838 5738 2071 5798 uterque

501 5807 842 5879 diligentiam
877 5812 1121 5882 latendi,
1148 5816 1972 5890 sollicitissimequecaveamus
2003 5839 2071 5879 ne

2154 1892 2286 1958 lixe,
2312 1901 2421 1948 tam
2472 1897 2716 1966 gratuito
2760 1898 2994 1955 faveret.
3039 1900 3118 1957 De
3148 1911 3363 1959 secreto
3389 1944 3405 1969 ,
3441 1902 3595 1975 quod
3622 1917 3746 1958 mo-

2152 1998 2369 2051 nuerat,
2396 2004 2656 2044 securum
2689 1993 2840 2047 omni
2869 2009 2937 2048 ex
2963 2003 3117 2064 parte
3138 1996 3301 2067 jussit
3338 2012 3481 2056 esse.
3514 1998 3593 2052 De
3615 2012 3741 2052 mea

2157 2080 2283 2143 ﬁde,
2308 2079 2589 2158 inquiens,
2622 2098 2731 2137 non
2768 2084 2952 2140 minus
2988 2094 3145 2155 potes
3174 2103 3239 2142 ac
3271 2087 3442 2143 debes
3473 2103 3642 2158 quam
3666 2086 3741 2143 de

2154 2180 2248 2226 tua
2278 2173 2449 2243 ipsius
2474 2175 2529 2228 in
2560 2175 2666 2230 hoc
2707 2176 2855 2246 quod
2895 2177 3004 2249 tegi
3036 2179 3329 2250 utriusque
3350 2179 3623 2245 interest,
3660 2189 3744 2234 ta-

2156 2266 2331 2319 cendo
2362 2268 2667 2322 constantia
2691 2279 2748 2323 et
2791 2272 3172 2326 moderatione
3193 2272 3512 2337 conﬁdere;
3542 2288 3742 2342 quare,

2157 2353 2306 2424 quod
2341 2354 2408 2408 ad
2458 2372 2545 2411 me
2597 2358 2838 2423 attinet,
2887 2368 2998 2414 tam
3040 2362 3138 2416 tibi
3190 2373 3338 2417 certa
3385 2363 3744 2418 incolumitas

2158 2455 2252 2503 tua
2297 2457 2403 2514 est,
2454 2465 2616 2518 quam
2665 2451 2813 2521 quod
2866 2452 2922 2524 Ln
2956 2453 3065 2511 vita
3117 2462 3299 2526 potest
3363 2470 3488 2510 esse
3549 2456 3748 2511 certis-

2158 2539 2382 2596 simum.
2424 2540 2670 2597 Condam
2707 2558 2794 2597 me
2836 2543 3027 2614 paucis
3071 2543 3306 2613 diebus,
3353 2554 3413 2603 et
3455 2547 3745 2602 celeritate

2159 2647 2373 2688 summa
2417 2634 2570 2703 quod
2611 2636 2775 2706 cupio
2820 2637 3128 2692 exscribam
3161 2676 3179 2703 ,
3206 2638 3428 2694 interim
3461 2653 3589 2694 cum
3634 2639 3748 2694 alio

2161 2736 2362 2795 pra-ter
2396 2734 2447 2779 te
2471 2741 2641 2779 unum
2671 2727 3041 2795 congrediens
3070 2732 3315 2784 nemine.
3343 2730 3605 2785 Perfecto
3637 2745 3742 2787 ne-

2160 2816 2310 2886 gotio
2339 2815 2567 2870 evolabo
2594 2819 2777 2871 statim
2807 2858 2822 2883 ,
2855 2827 2914 2872 ut
2946 2834 3014 2873 ne
3050 2819 3095 2873 si
3119 2820 3315 2874 vellem
3341 2820 3589 2890 quidem,
3612 2837 3747 2892 pos-

2144 2923 2277 2964 sem
2304 2907 2454 2963 hisce
2496 2910 2755 2978 cuiquam
2818 2910 2873 2964 in
2938 2910 3192 2980 partibus
3246 2912 3594 2976 ullum,inter
3637 2929 3747 2969 nos

2167 3011 2574 3077 transactorum
2610 3001 2880 3056 indicium
2931 3002 3246 3058 effundere.
3303 3004 3386 3059 Ille
3436 3006 3573 3060 hinc
3619 3022 3751 3077 pro-

2167 3074 2319 3147 fecto
2356 3103 2409 3145 tu
2442 3078 2725 3163 supereris
2755 3110 2899 3148 unus
2933 3094 3027 3165 qui
3067 3112 3184 3151 rem
3228 3098 3390 3153 scias.
3422 3097 3599 3164 Quam
3624 3108 3746 3154 tuta

2161 3184 2260 3239 tibi
2294 3200 2357 3239 ac
2393 3184 2502 3238 ﬁda
2525 3192 2611 3239 est
2645 3197 2736 3239 tua
2768 3187 2992 3256 propria
3024 3189 3390 3254 conscientia,
3419 3198 3532 3244 tam
3564 3205 3750 3245 remo-

2161 3285 2283 3330 tum
2309 3277 2378 3331 ab
2407 3277 2558 3330 omni
2612 3278 2778 3332 etiam
2815 3280 3006 3333 umbra
3037 3281 3290 3350 periculi,
3319 3282 3487 3352 hujus
3516 3282 3746 3353 quidem

2158 3369 2288 3426 facti
2321 3373 2498 3441 gratia
2532 3413 2546 3437 ,
2581 3382 2632 3427 te
2683 3373 3035 3428 manifesmm
3072 3384 3160 3430 est
3209 3374 3346 3430 fore.
3393 3374 3523 3430 Hmc
3579 3387 3636 3430 et
3676 3360 3773 3432 lin

2158 3478 2276 3517 eam
2310 3463 2634 3519 sententiam
2655 3464 2758 3517 alia
2785 3464 2969 3519 locuto
2990 3464 3189 3520 Perin
3219 3465 3440 3536 aperuit
3467 3466 3639 3521 Indus
3662 3481 3752 3521 sa-

2159 3555 2323 3626 piens
2364 3571 2633 3610 arcanum
2686 3571 2935 3612 muscum
2994 3573 3199 3622 suum;
3237 3558 3312 3612 ibi
3361 3558 3449 3613 ille
3487 3574 3615 3613 cum
3651 3559 3752 3613 has

2161 3647 2570 3704 dissertationes
2631 3650 2951 3717 quindecim
3022 3651 3496 3722 gymnosophistae
3541 3652 3750 3707 veteris

2161 3738 2227 3793 ad
2282 3756 2460 3809 regem
2520 3742 2939 3797 Abessalomum
2971 3784 2987 3809 ,
3018 3752 3135 3797 tum
3181 3744 3289 3798 alia
3351 3753 3578 3799 strenue
3624 3760 3747 3814 qua:

2159 3832 2339 3887 voluit
2366 3833 2665 3903 exscripsit
2694 3836 2923 3888 istorum
2967 3835 3162 3890 Indica:
3219 3836 3504 3906 sapientiae
3548 3851 3752 3890 monu-

2164 3934 2502 3980 mentorum.
2550 3926 2776 3980 lntcrim
2808 3937 2990 3981 autem
3030 3928 3263 3995 pecunia
3288 3942 3453 3997 quam
3487 3928 3753 3983 attulerat

2170 4033 2201 4071 e
2232 4018 2464 4073 Perside
2489 4017 2661 4073 ferme
2698 4020 2805 4089 jam
2834 4020 3312 4089 expensa,reinisit
3348 4036 3415 4076 eo
3445 4020 3616 4075 ﬁdum
3645 4021 3751 4076 ho-

2165 4104 2370 4159 minem
2400 4146 2414 4167 ,
2465 4106 2557 4175 qui
2608 4107 2718 4176 regi
2771 4107 3099 4162 Anasurano
3162 4109 3489 4175 nuntiaret,
3535 4110 3752 4181 magnis

2165 4194 2385 4250 tandem
2417 4195 2703 4252 laboribus
2751 4213 2809 4252 se
2844 4199 3125 4270 peregisse
3164 4200 3313 4271 quod
3341 4201 3589 4269 iusserat
3618 4219 3634 4257 :
3665 4217 3752 4257 re-

2163 4286 2409 4341 laturum
2458 4288 2558 4358 ipsi
2590 4289 2775 4343 statim
2816 4306 2937 4359 qua:
2970 4292 3200 4362 Optabat
3222 4332 3239 4357 ,
3267 4293 3360 4347 ubi
3382 4294 3647 4350 viaticum
3680 4292 3749 4350 a'd

2166 4377 2405 4432 reditum
2455 4378 2794 4448 suppeditari
2828 4379 2933 4435 sibi
2964 4381 3305 4438 mandasset.
3337 4383 3524 4439 Laetus
3551 4386 3749 4441 nuntio

2099 4488 2141 4542 ο
2170 4483 2265 4522 rex
2298 4484 2406 4522 non
2436 4469 2612 4524 solum
2649 4470 2797 4538 quod
2849 4471 3138 4542 petebatur
3179 4475 3566 4531 liberalissime
3615 4477 3750 4532 sub-

2171 4559 2322 4614 misit
2348 4599 2362 4623 ,
2393 4559 2489 4615 sed
2518 4562 2746 4616 redditis
2778 4562 3196 4621 humanissimis
3226 4566 3430 4623 litteris
3451 4584 3622 4639 quam
3645 4569 3748 4624 sibi

2177 4659 2392 4717 gratum
2427 4664 2492 4705 ac
2508 4651 2823 4721 jucundum
2860 4654 3143 4710 accideret
3170 4656 3394 4735 Perzois
3420 4659 3752 4730 obsequium

2176 4741 2389 4810 prolixe
2415 4740 2757 4810 declaravit;
2820 4756 2935 4800 tum
2974 4747 3085 4801 Deo
3115 4749 3323 4818 gratias
3340 4765 3530 4821 agens,
3568 4761 3625 4807 et
3648 4753 3752 4808 sibi

2176 4831 2478 4899 gratulans,
2508 4830 2840 4888 hortabatur
2869 4845 2927 4889 ut
2954 4840 3138 4905 quoad
3169 4854 3270 4893 suo
3300 4842 3600 4897 commodo
3623 4844 3756 4898 lice-

2177 4927 2282 4984 ret,
2314 4929 2613 4976 maturaret
2652 4923 2889 4978 reditum
2919 4927 2974 4980 in
3008 4927 3239 4996 patriam
3274 4968 3292 4996 ,
3326 4930 3420 4985 ubi
3456 4947 3588 4988 eum
3624 4935 3756 4990 ﬁde-

2177 5009 2248 5064 lis
2274 5025 2458 5080 operzc
2493 5013 2719 5082 praemia
2750 5028 3060 5074 manerent.

2251 5102 2388 5156 Vlll.
2424 5103 2537 5159 Hac
2580 5106 2817 5163 Perzoes
2848 5109 2989 5164 lecta
3049 5110 3283 5181 epistola
3313 5155 3327 5175 .
3357 5115 3653 5172 confestim
3698 5134 3757 5174 se

2181 5190 2271 5244 dat
2296 5192 2349 5245 in
2394 5193 2537 5247 viam
2567 5233 2581 5257 ,
2610 5209 2676 5250 ac
2697 5212 2818 5250 eam
2851 5196 3087 5254 feliciter
3112 5216 3393 5268 emensus,
3420 5204 3757 5261 incolumem

2178 5297 2238 5337 sc
2269 5283 2414 5339 sistit
2469 5284 2745 5354 Chosroi;
2793 5290 2887 5359 qui
2936 5291 3160 5360 quantis
3196 5293 3378 5364 ipsum
3420 5295 3756 5355 benevolenc

2182 5376 2270 5431 tim
2306 5376 2799 5448 signiﬁcationibus
2842 5386 3161 5455 exceperit,
3201 5386 3349 5442 haud
3392 5389 3556 5447 facile
3577 5394 3648 5448 sit
3673 5392 3759 5449 di-

2181 5468 2362 5524 cendo
2406 5472 2661 5543 exsequi.
2721 5474 3021 5544 Amplexus
3055 5477 3329 5536 charitate
3384 5482 3760 5541 sincerissima

2181 5560 2468 5629 reducem,
2495 5568 2925 5623 commentarios
2950 5584 3117 5624 manu
3158 5580 3352 5627 tenens
3384 5589 3530 5643 quos
3561 5575 3757 5633 attule-

2185 5660 2284 5713 rat,
2311 5650 2489 5707 Beasti
2521 5669 2623 5710 nos
2655 5695 2671 5721 ,
2710 5657 2910 5726 inquit,
2940 5667 2998 5712 et
3027 5659 3142 5714 voti
3175 5671 3463 5732 compOtes
3484 5666 3760 5737 antiquis-

2182 5742 2305 5797 simi
2334 5742 2544 5801 faciens
2576 5787 2589 5809 ,
2623 5756 2893 5804 aeternum
2928 5751 3028 5806 tibi
3068 5751 3401 5821 devinxisti,
3438 5768 3623 5814 macte
3655 5759 3757 5815 ista

2183 5832 2471 5904 industria,
2524 5836 2813 5911 ﬁdelitate,
2861 5844 3188 5913 diligentia;
3230 5847 3489 5906 dabimus
3538 5850 3610 5907 de
3654 5864 3759 5907 ce-
