4016 6518
292 382 431 444 12ῗὸ

284 584 469 640 fructu
506 630 520 652 ,
547 605 710 658 quam
747 605 933 649 nostra
973 597 1257 667 voluptate
1288 646 1301 669 ,
1339 613 1552 660 tantum
1606 609 1855 665 laborum

283 684 341 729 et
390 678 773 745 periculorum
826 687 1169 747 exhauseris.
1216 693 1328 747 Sub
1365 696 1481 751 ha:e
1524 699 1668 753 diem
1723 718 1855 757 ron-

285 762 422 821 dicit
456 780 779 839 posterum;
815 778 972 845 cujus
1021 781 1129 835 diei
1186 795 1369 840 notata
1421 788 1552 842 hora
1604 794 1802 847 eruditi
1837 836 1851 857 ,

281 874 422 926 quos
456 860 508 913 in
551 868 810 918 comitatu
848 867 1079 925 habebat
1117 874 1402 942 plurimos,
1438 880 1851 953 oninigeanue

279 950 567 1018 sapientiae
622 958 1018 1015 consultissimi
1093 965 1195 1019 viri
1253 971 1613 1026 convenirent
1667 975 1732 1027 ad
1790 992 1847 1029 se

279 1054 496 1107 omnes,
518 1046 757 1101 audituri
796 1066 1023 1123 peregre
1056 1056 1310 1113 advectos
1349 1061 1521 1116 libros
1554 1105 1567 1130 ,
1594 1066 1721 1119 dum
1749 1067 1848 1120 lin.

272 1148 377 1200 gna
417 1134 656 1202 primum
690 1141 901 1195 Persica
939 1160 1002 1198 ex
1029 1147 1245 1205 Perzois
1284 1152 1737 1223 interpretatione
1764 1178 1848 1215 re-

276 1222 604 1281 citarentur.
636 1229 981 1305 Cougregato
1029 1247 1173 1294 etetu
1220 1243 1558 1311 amplissimo
1587 1288 1601 1311 ,
1633 1252 1843 1309 medius

273 1316 330 1370 in
365 1318 563 1377 throno
595 1340 711 1391 rex,
752 1333 983 1399 sumptis
1008 1332 1059 1386 in
1094 1350 1288 1391 manus
1321 1347 1376 1392 et
1406 1342 1690 1409 explicatis
1710 1346 1841 1401 Per-

268 1410 384 1465 zois
406 1415 712 1484 codicibus,
742 1421 907 1490 jussit
930 1440 998 1477 cx
1020 1426 1098 1480 eis
1123 1444 1153 1482 a
1176 1431 1520 1488 vocalissimo
1544 1450 1838 1509 anagnoste

268 1506 617 1569 pronuntiari
656 1526 747 1578 per
781 1512 943 1569 horas
1000 1519 1267 1587 plurimas
1297 1524 1710 1587 dissertationes
1741 1550 1838 1603 po-

270 1592 544 1649 tissimum
571 1600 887 1667 quindecim
948 1615 1408 1683 gymnosophistm
1453 1635 1575 1674 cum
1605 1621 1838 1678 Abessa-

265 1683 415 1739 lomo
449 1704 574 1758 rege
604 1708 619 1757 ;
654 1692 995 1755 initiantibus
1018 1704 1173 1758 avide
1203 1710 1437 1774 cunctis,
1460 1721 1515 1766 et
1549 1715 1831 1770 veritatem

263 1781 372 1828 tam
427 1781 569 1848 aptis
615 1799 926 1853 expressam
980 1791 1224 1863 fabulis,
1276 1799 1550 1872 eﬂ'ataque
1605 1821 1834 1864 summa:

262 1864 520 1924 humana:
558 1878 841 1942 sapientiae
877 1879 1173 1940 bestiarum
1206 1894 1578 1952 amaznissime
1610 1900 1832 1967 profusa

263 1957 475 2027 linguis
501 2001 515 2025 ,
547 1965 922 2031 pulcherrimo
976 1974 1189 2031 intextu
1233 1986 1510 2052 peregrini
1565 1991 1782 2046 artificii
1816 2035 1832 2059 ,

259 2053 526 2107 concordi
577 2056 988 2119 celebrantibus
1015 2068 1306 2137 applausu.
1339 2074 1397 2127 In
1430 2076 1675 2146 digressu
1711 2099 1834 2153 gra-

255 2137 476 2195 vissimi
539 2146 747 2216 quique
784 2164 1103 2210 senatorum
1149 2176 1345 2217 manus
1395 2166 1450 2220 in
1487 2171 1688 2226 malum
1725 2175 1830 2229 tol-

253 2228 467 2298 lebant,
508 2240 849 2304 gratulantes
883 2244 1133 2314 Numini,
1166 2254 1313 2322 quod
1340 2256 1443 2312 ista
1466 2262 1577 2330 regi
1611 2277 1792 2321 mente
1813 2308 1827 2332 ,

255 2321 362 2375 isto
398 2325 592 2382 Perzoi
627 2334 811 2388 studio
853 2352 1227 2412 successuque
1259 2352 1424 2418 empti
1465 2354 1704 2412 difﬁcilis
1729 2361 1829 2414 do-

252 2414 460 2481 nando,
491 2420 637 2477 diem
664 2424 883 2482 demum
927 2432 1247 2492 illuceseere
1287 2438 1660 2503 felicissimam
1692 2466 1826 2506 con-

249 2511 511 2565 cessisset
539 2514 749 2571 Persidi
778 2559 791 2582 ,
826 2523 991 2579 tantis
1020 2535 1218 2583 exterae
1244 2536 1526 2601 sapientiae
1552 2540 1824 2599 thesauris

243 2596 370 2665 jure
406 2600 665 2672 deinceps
716 2608 1051 2677 gloriaturai.
1096 2615 1234 2674 [line
1282 2622 1531 2681 conversi
1590 2631 1656 2684 ad
1692 2633 1822 2689 Per-

247 2703 425 2752 zoem,
462 2694 672 2749 nullout
710 2698 985 2758 faciebant
1013 2708 1174 2762 finem
1216 2712 1419 2783 ingenii
1471 2720 1591 2790 ejus
1633 2723 1821 2781 facun.

245 2779 482 2852 ditisque,
514 2802 577 2842 ac
618 2790 671 2845 in
706 2797 868 2850 tantis
890 2801 1151 2867 periculis
1178 2816 1616 2878 contemnendis,
1640 2818 1818 2877 feren-

244 2872 681 2947 dislaboribus,
749 2885 1091 2948 fortitudinis
1138 2901 1567 2974 constantiaque
1621 2912 1818 2978 prmdi~

240 2966 471 3033 caudae;
502 2987 611 3040 quo
632 2976 852 3032 aiebant
896 2984 1117 3040 nomine
1142 2991 1373 3057 patriam
1401 2993 1501 3064 ipsi
1532 3014 1685 3055 suam
1716 3004 1817 3058 im-

239 3060 495 3114 mortalis
561 3064 813 3123 beneﬁcii
873 3088 1091 3138 semper
1144 3080 1469 3140 debitricem
1522 3088 1658 3147 fore.
1699 3095 1812 3151 Rex

238 3146 378 3216 ipse,
409 3151 551 3206 haud
599 3172 717 3214 sese
741 3162 850 3232 jam
890 3169 1117 3236 capiens
1147 3213 1161 3238 ,
1192 3177 1355 3242 pandi
1390 3182 1686 3248 apothecas
1725 3205 1807 3244 re—

232 3240 450 3308 giarum
482 3262 646 3317 opum
670 3252 855 3322 jussit,
892 3257 1167 3331 ductoque
1218 3282 1403 3324 secum
1438 3272 1584 3330 intro
1614 3278 1806 3336 Perzoi

228 3330 598 3400 jurejurando
635 3344 981 3403 conﬁrmavit
1019 3355 1331 3414 condonare
1360 3377 1419 3417 se
1452 3364 1552 3434 ipsi
1584 3384 1647 3424 ac
1682 3372 1807 3440 jure

225 3426 341 3489 jam
400 3445 546 3486 nunc
572 3449 735 3502 quam
785 3441 994 3509 optimo
1035 3449 1318 3515 proprium
1369 3458 1589 3514 tradere
1639 3465 1803 3532 quid-

230 3519 366 3584 quid
403 3537 467 3575 ac
517 3538 785 3593 quantum
835 3532 963 3587 inde
1006 3538 1202 3605 vellet;
1231 3543 1494 3614 eligeret,
1531 3566 1753 3621 caperet
1784 3597 1798 3621 ,

229 3612 379 3661 nulla
440 3622 795 3685 verecundia,
855 3628 1001 3680 nulla
1043 3632 1379 3698 parcimonia
1422 3639 1644 3698 domum
1699 3664 1801 3701 au-

223 3697 398 3755 ferret
424 3743 437 3766 ,
472 3722 499 3758 e
566 3709 886 3769 clarissimis
917 3719 1025 3774 illis
1069 3726 1302 3791 gemmis
1331 3768 1345 3793 ,
1378 3746 1409 3784 e
1462 3736 1799 3802 pretiosissi-

224 3793 329 3847 mis
367 3800 570 3861 pannis
598 3816 732 3855 auro
771 3809 930 3863 textis
962 3822 1018 3865 et
1053 3814 1240 3881 blatta,
1276 3822 1610 3896 reliquisque
1634 3828 1795 3901 regia:

216 3902 365 3953 gaz:e
394 3890 658 3946 immensa
690 3895 803 3951 illic
831 3902 984 3969 capia
1014 3918 1285 3977 congesta:
1313 3912 1542 3971 divitiis.

204 4443 295 4486 tua
350 4440 635 4507 majestate
691 4449 963 4504 cumulari
1000 4452 1288 4513 favoribus
1340 4477 1604 4521 mererer.
1635 4469 1780 4529 Laus

198 4540 264 4579 ea
298 4542 449 4582 mera
482 4544 565 4585 est
615 4534 1028 4598 humanissima:
1064 4546 1397 4616 dignationis
1422 4564 1527 4611 tuae
1551 4601 1566 4621 ,
1604 4578 1771 4632 quam
1809 4548 1857 4606 Ῑ)

194 4619 349 4693 quia,
373 4628 712 4681 remunerari
748 4631 910 4686 aliter
957 4651 1121 4704 quam
1167 4642 1308 4697 votis
1360 4662 1577 4716 nequeo
1607 4694 1622 4719 ,
1672 4672 1767 4711 su-

191 4726 448 4777 premum
494 4718 615 4771 ceeli
675 4728 942 4793 terrmque
1000 4728 1288 4788 Dominum
1344 4738 1591 4809 impense
1640 4763 1765 4816 pre-

188 4816 287 4855 cor
347 4814 405 4857 ut
441 4815 491 4860 te
541 4812 836 4867 maximum
898 4834 1078 4889 regem
1129 4835 1184 4878 et
1218 4826 1272 4879 in
1312 4828 1415 4885 hac
1444 4836 1552 4890 vita
1577 4852 1767 4911 pergat

186 4896 341 4949 omni
388 4905 755 4970 prosperitate
810 4907 1094 4989 fortunare
1118 4957 1133 4981 ,
1174 4929 1229 4973 et
1260 4921 1313 4974 in
1352 4923 1540 4982 futuro
1563 4935 1762 4989 saeculo

184 4982 531 5049 sempiterna
585 5002 814 5047 coronet
862 4985 1055 5065 gloria.
1099 5005 1254 5069 Quod
1286 5010 1351 5064 ad
1388 5012 1491 5068 ista
1521 5021 1762 5085 pertinet

183 5086 308 5138 qtue
351 5072 655 5143 largissime
688 5085 855 5140 oli‘ers
892 5090 1116 5161 indigno
1151 5103 1205 5150 et
1241 5099 1421 5157 inutili
1452 5115 1544 5163 tuo
1574 5126 1755 5180 servo,

183 5160 215 5180 ,ε
234 5176 249 5180 Α
269 5177 281 5180 -
300 5178 314 5180 _
333 5171 347 5180 .

180 5160 371 5227 liceat,
403 5180 609 5233 quieso,
631 5188 728 5240 per
764 5185 813 5229 te
855 5160 1135 5245 mihi,rex
1164 5188 1552 5265 illustrissime,
1580 5203 1755 5260 libere

177 5252 339 5307 fateri
378 5273 463 5312 me
509 5260 575 5314 iis
626 5280 733 5317 non
775 5268 1041 5341 indigere.
1077 5278 1311 5338 Abunde
1356 5252 1754 5366 quippe

1372 5346 1389 5355 ι
1453 5346 1469 5359 ι
1492 5346 1505 5359 ι
1614 5346 1749 5366 ⁷⁷Ἰ’““’

176 5346 359 5401 instar
406 5353 655 5408 omnium
720 5370 866 5414 tuam
895 5379 1016 5419 esse
1049 5371 1183 5424 mihi
1214 5378 1444 5444 gratiam
1484 5389 1749 5456 etsplen-

177 5437 201 5456 ,I
252 5455 258 5456 κ
477 5442 488 5456 ³
595 5446 606 5456 ¹

1215 5437 1241 5444 _
1499 5437 1537 5439 ,_
1563 5437 1715 5456 _,_---

173 5437 363 5492 dorem
398 5442 797 5504 redundantem
842 5455 895 5508 in
931 5472 1015 5511 me
1047 5475 1322 5520 summum
1344 5486 1412 5525 ex
1439 5483 1547 5530 tam
1578 5480 1747 5537 hono-

172 5536 330 5587 riiico
371 5539 675 5606 majestatts
701 5544 769 5599 de
806 5563 893 5602 me
931 5560 1043 5607 tua:
1089 5560 1407 5619 testimonio
1449 5584 1514 5624 ac
1552 5587 1739 5633 sensu.

168 5626 243 5678 Ne
278 5636 461 5681 tamen
501 5632 690 5687 videar
744 5642 950 5707 regiam
984 5644 1140 5700 istam
1176 5658 1320 5708 tuam
1354 5657 1737 5723 liberalitatem

167 5734 449 5786 spx-ruere,
477 5733 574 5777 aut
613 5744 873 5787 recusare
910 5735 963 5788 in
1012 5754 1125 5794 acre
1158 5752 1251 5799 tuo
1280 5763 1425 5815 esse,
1465 5771 1631 5811 unum
1672 5777 1736 5815 ex

166 5808 271 5861 .uis
331 5812 895 5879 magnificentissimis
960 5827 1192 5887 admitto
1240 5835 1420 5907 donis,
1476 5848 1732 5907 volumen

414 5909 681 5971 ΡΑΤιιυῐ..
727 5915 842 5976 GR.
879 5918 1118 5984 CXLIII

1178 399 1559 465 SPECIMEN
1604 404 2033 471 SAPIENTIE
2071 414 2430 483 INDORUM
2474 427 2631 489 VET.

289 504 412 546 tero
448 537 460 558 ,
492 512 524 565 q
567 497 635 551 od
696 516 796 555 nos
850 502 1008 557 decet
1034 544 1047 567 ,
1082 521 1306 577 operam
1343 553 1357 576 ,
1390 529 1456 567 ne
1511 516 1712 571 minori
1762 529 1858 575 tuo
1888 519 1935 579 A

3393 449 3527 514 1226

1964 537 2276 591 pannorum
2326 532 2451 604 Pagi
2502 536 2788 604 Phuistan,
2823 545 3064 615 amplum
3098 565 3223 608 eum
3267 563 3526 619 vestitum

1963 633 2071 673 non
2105 622 2240 678 mihi
2277 626 2453 682 solum
2505 631 2845 693 indicatione
2884 641 3092 701 favoris
3116 650 3193 703 tui
3220 691 3234 713 ,
3267 654 3363 709 sed
3405 661 3525 714 uni-

1961 723 2132 765 versae
2182 729 2405 785 quoque
2462 725 2773 791 cognationi
2830 746 2965 787 mea:
3010 746 3162 793 ratus
3203 742 3336 799 fore.
3390 749 3522 805 Inde

1957 817 2081 855 cum
2114 821 2277 875 quam
2314 810 2424 864 dixi
2457 818 2755 885 accepisset
2794 822 3019 881 Perzocs
3050 843 3257 889 vestem
3291 842 3518 912 regiam,

1955 896 2267 965 gratiasque
2309 901 2508 956 iterum
2553 910 2999 976 exquisitissimis
3046 924 3250 993 egisset
3294 935 3519 1002 verbis,

1953 998 2149 1042 cuncta
2178 991 2225 1043 ei
2264 1008 2525 1063 prospera
2566 998 2852 1073 faustaque
2898 1024 2926 1063 a
2978 1013 3087 1068 Deo
3130 1032 3514 1095 comprecans,

1952 1075 2345 1139 demississime
2401 1088 2761 1160 significavit,
2793 1100 2939 1154 aliud
2972 1108 3253 1179 quidpiam
3300 1118 3520 1179 deside-

1954 1185 2075 1224 rare
2127 1188 2183 1226 se
2214 1191 2241 1226 a
2286 1179 2569 1247 majestate
2602 1187 2757 1255 ejus,
2791 1205 2901 1247 non
2956 1196 3170 1257 difﬁcile
3199 1245 3213 1268 ,
3250 1225 3350 1265 nec
3397 1231 3519 1270 ma~

1950 1276 2116 1329 gnum
2149 1283 2160 1317 :
2194 1270 2361 1335 quod,
2391 1273 2432 1325 si
2467 1290 2564 1343 per
2598 1291 2723 1332 eum
2751 1282 2947 1341 liceret
2971 1332 2984 1350 ,
3017 1296 3281 1355 continuo
3313 1319 3514 1377 propo-

1950 1364 2105 1377 Νη,
2167 1356 2257 1377 π,
2384 1363 2396 1374 .
2694 1371 2704 1377 -
2734 1374 2744 1377 -

3313 1356 3327 1372 ,
3358 1356 3361 1357 ν
3386 1356 3483 1377 μγ-

1948 1364 2127 1408 neret.
2166 1356 2588 1432 Dieerejussus,
2624 1371 2896 1442 subjecit:
2936 1379 3227 1454 Cuperem,
3265 1393 3510 1467 domine,

1947 1455 2006 1499 ut
2034 1445 2307 1516 imperare
2360 1454 2666 1525 dignareris
2702 1468 2956 1537 scriptori
3022 1485 3117 1532 tuo
3173 1485 3322 1554 regio
3357 1490 3511 1547 Pert-

1944 1540 2327 1607 zetzemchari,
2364 1545 2474 1599 filio
2498 1544 2868 1624 Paschetices,
2893 1571 2952 1615 ut
2974 1578 3098 1620 eum
3138 1569 3339 1631 librum
3372 1594 3401 1634 a
3426 1598 3510 1636 me

1940 1624 2178 1683 delatum
2203 1646 2267 1685 ex
2288 1633 2440 1691 India
2473 1636 2801 1709 Persiceque
2833 1666 3080 1719 versum,
3132 1677 3257 1729 mox
3279 1707 3293 1730 ,
3348 1685 3513 1737 prout

1933 1715 2044 1785 jam
2078 1720 2289 1788 jussisti
2314 1765 2326 1787 ,
2354 1726 2479 1781 edet
2511 1730 2565 1784 in
2604 1734 2777 1789 lucem
2816 1743 3090 1809 publicam
3120 1790 3135 1815 ,
3165 1769 3506 1817 commemo-

1939 1812 2117 1866 retin‘
2173 1813 2352 1871 fronte
2410 1824 2595 1891 operis
2646 1832 2975 1890 nominatim
3025 1844 3120 1910 qui
3179 1848 3304 1914 sim,
3363 1859 3507 1914 unde

1939 1911 2116 1967 ortus,
2160 1907 2316 1976 cujus
2343 1921 2505 1967 sectae
2558 1932 2619 1972 ac
2675 1924 2867 1990 studii,
2923 1943 3204 1998 postremo
3238 1958 3503 2012 quantum

1938 1997 2312 2053 contentionis
2344 2003 2396 2057 iu
2454 2006 2557 2063 hoc
2603 2020 2696 2065 tuo
2731 2020 2988 2077 mandato
3019 2025 3371 2103 defungendo
3404 2057 3505 2096 ex-

3193 2084 3369 2103 c---"
3405 2084 3469 2096 νη

1940 2084 2242 2145 hauserint.
2279 2093 2357 2148 Eo
2382 2100 2600 2168 cognito
2629 2100 2856 2165 Perzois
2891 2123 3015 2170 voto
3040 2132 3133 2173 rex
3158 2135 3213 2180 et
3240 2143 3504 2195 proceres

1936 2192 2255 2247 generosam
2290 2187 2409 2256 ejus
2448 2192 2771 2260 sapientiam
2805 2217 3104 2275 suspexere
3130 2252 3143 2274 ,
3173 2221 3265 2285 qui
3297 2224 3500 2290 opibus

1932 2284 1996 2324 ac
2025 2275 2257 2340 pecunia
2300 2285 2632 2352 contemptis
2661 2328 2675 2351 ,
2706 2301 2975 2351 aeternum
3012 2302 3181 2360 decus
3218 2309 3502 2371 immorta-

1929 2359 1999 2416 lis
2032 2366 2217 2433 gloriae
2250 2383 2420 2425 unum
2464 2376 2790 2437 intueretur.
2837 2386 3019 2454 Quare
3050 2400 3231 2454 statim
3273 2405 3319 2459 ei
3352 2424 3442 2463 rex
3482 2429 3495 2465 :

1929 2453 2177 2523 Dabitur,
2213 2480 2280 2519 ne
2311 2466 2520 2534 dubita,
2557 2476 2701 2541 quod
2733 2481 2876 2546 petis
2935 2504 2948 2539 :
2991 2490 3257 2565 jussoque
3292 2505 3487 2561 eonfe~

2735 2545 2744 2546 κ
2991 2545 3004 2557 σ
3087 2545 3255 2565 ”“Ί“ν
3294 2545 3486 2561 “vu'vﬂ

1924 2545 2055 2599 stim
2092 2551 2257 2606 acciri
2292 2554 2810 2633 Pertzt-tzemrhari,
2852 2572 3037 2641 Vides,
3062 2584 3158 2650 ait,
3181 2587 3328 2646 hunc
3359 2595 3495 2651 Per-

1926 2652 2078 2692 zoem
2109 2684 2121 2706 ,
2161 2645 2303 2698 nosti
2343 2650 2752 2722 eruditionem,
2786 2664 3110 2725 modestiam
3152 2687 3491 2754 ceterasque

1926 2727 2112 2754 In”)-..
2153 2733 2263 2754 ηε..-
2334 2753 2344 2754 κ
2420 2753 2424 2754 ,
2470 2750 2478 2754 -
2563 2743 2583 2754 ι.
2660 2746 2670 2754 .

1924 2727 2115 2784 Iaudes
2147 2733 2298 2802 ejus,
2333 2753 2433 2791 nec
2468 2750 2518 2795 te
2560 2743 2697 2814 fugit
2728 2764 2993 2817 quantum
3034 2760 3087 2815 in
3136 2768 3296 2824 nobis
3317 2727 3493 2842 grati-

3253 2819 3294 2824 _-
3317 2819 3369 2842 ο.
3386 2819 3456 2830 η..
3473 2819 3490 2821 -

1922 2819 2135 2877 ficando
2167 2828 2537 2895 periculorum
2563 2851 3047 2919 aerumnarumque
3083 2859 3268 2919 animo
3287 2867 3491 2922 invicto

1923 2916 2155 2972 subierit
2184 2938 2197 2984 ;
2232 2934 2498 2991 prieterea
2524 2942 2583 2986 ut
2615 2939 2881 2993 recusarit
2902 2948 3238 3014 amplissima
3265 2964 3488 3026 prtemia

1918 3026 2041 3079 qua:
2073 3012 2175 3081 ipsi
2215 3024 2625 3080 merentissimo
2663 3029 3106 3097 decreveramus.
3145 3045 3193 3101 ls
3223 3054 3483 3118 quoniam

1917 3102 2037 3157 vice
2059 3109 2302 3163 omnium
2338 3128 2505 3170 unum
2538 3130 2711 3188 Optat,
2737 3134 2795 3177 ut
2823 3126 2966 3183 libro
2993 3147 3155 3202 quem
3192 3150 3276 3195 est
3306 3144 3484 3200 inter-

1835 3204 1878 3261 c
1916 3203 2161 3262 pretatus
2211 3204 2487 3271 specimen
2534 3211 2789 3271 Indorum
2837 3224 3124 3290 sapientia:
3173 3234 3479 3305 prtebenti,

1882 3303 2108 3346 ,nomen
2151 3292 2324 3362 ipsius
2347 3313 2471 3354 cum
2511 3308 2790 3365 mentione
2828 3329 3009 3383 opera)
3042 3321 3187 3376 circa
3219 3340 3342 3380 eum
3377 3346 3477 3384 na-

1914 3392 2071 3449 vatae,
2095 3394 2207 3441 tum
2244 3399 2455 3447 cteterae
2486 3395 2606 3465 ejus
2636 3398 2940 3472 disciplina:
2972 3424 3036 3465 ac
3075 3414 3199 3469 vita:
3228 3416 3467 3479 instituti

1908 3477 2311 3549 pragfigeretur,
2344 3487 2600 3545 volumus
2627 3493 2778 3549 illum
2810 3502 3110 3569 aequissimi
3136 3507 3307 3580 hujus
3358 3518 3471 3570 voti

1907 3583 2007 3637 per
2028 3582 2078 3625 te
2103 3575 2312 3641 prolixe
2334 3592 2642 3649 compotem
2677 3586 2814 3642 fieri.
2844 3591 3029 3663 Itaque
3063 3612 3330 3667 quantum
3354 3620 3475 3662 arte

1904 3658 2271 3735 facundiaque
2305 3670 2473 3737 vales,
2528 3673 2611 3730 fac
2665 3676 2718 3731 in
2769 3696 2835 3735 eo
2882 3658 3234 3755 argumento.
3269 3697 3473 3766 talique

1902 3752 2022 3808 viro
2049 3768 2209 3823 prout
2244 3770 2326 3815 est
2349 3762 2550 3834 dignus
2578 3776 2916 3842 exornando,
2945 3790 3115 3835 totum
3140 3799 3465 3856 expromas;

1898 3846 1951 3901 id
1977 3862 2400 3917 consecuturus.
2437 3870 2496 3914 ut
2550 3863 2767 3919 laudern
2825 3870 2989 3926 etiam
3042 3875 3157 3945 ipse
3190 3887 3465 3951 propriam

1896 3954 1964 3993 ex
1984 3942 2168 3998 alieno
2200 3960 2447 4017 reportes
2475 3958 2749 4025 encomio,
2773 3970 2829 4015 et
2861 3974 3021 4021 tantm
3051 3971 3276 4029 virtutis
3299 3978 3465 4049 digne

1894 4039 2289 4109 commendatae
2316 4045 2576 4112 splendor
2621 4050 2676 4104 in
2731 4062 2876 4109 tuam
2930 4074 3150 4132 quoque
3193 4068 3464 4128 redundet

1890 4124 2215 4184 claritatem.
2254 4133 2401 4189 Vade
2426 4154 2545 4208 age,
2590 4140 2846 4201 incumbe
2874 4148 2928 4203 in
2951 4166 3089 4221 Opus
3120 4157 3239 4213 sine
3269 4177 3413 4218 mora
3444 4185 3458 4219 :

1889 4225 1946 4270 et
1973 4220 2137 4273 simul
2176 4221 2339 4279 istum
2384 4234 2773 4301 panegyricum
2826 4240 3246 4306 elucubraveris
3276 4294 3290 4318 ,
3330 4270 3456 4309 cer-

1890 4309 2061 4365 tiores
2122 4328 2222 4368 nos
2264 4316 2382 4381 fac;
2417 4320 2595 4388 placet
2652 4329 2797 4380 enim
2847 4332 3010 4387 nobis
3066 4337 3170 4393 hoc
3224 4340 3344 4412 ipso
3399 4350 3453 4404 in

1887 4410 2057 4465 cmtu,
2088 4405 2233 4472 quod
2267 4408 2560 4476 scripseris
2586 4425 2715 4469 ante
2752 4419 3051 4479 editionem
3087 4434 3311 4489 recitari
3342 4478 3355 4501 ,
3394 4452 3455 4493 ut

1885 4491 2107 4546 eosdem
2129 4496 2223 4564 qui
2259 4498 2479 4554 Perzois
2503 4502 2827 4564 industriam
2856 4512 3247 4591 ingeniumque
3270 4526 3453 4582 dilau-

1884 4581 2082 4637 darunt
2110 4625 2123 4649 ,
2161 4597 2327 4656 grata:
2358 4604 2561 4649 nostra?
2591 4598 2643 4651 in
2672 4615 2799 4657 eum
2844 4608 3152 4668 voluntatis
3186 4658 3200 4680 ,
3231 4628 3449 4691 tumque

1880 4674 2056 4743 ipsius
2090 4677 2144 4731 in
2195 4682 2357 4738 nobis
2419 4687 2781 4759 obsequendo
2836 4698 3136 4772 diligentiae
3180 4711 3448 4783 eloquen-

1880 4768 2080 4833 tiaeque
2114 4776 2281 4825 testes
2314 4773 2634 4836 habeamus.

1873 4946 2021 5002 tione
2053 4966 2200 5020 rege,
2234 4954 2507 5014 facturum
2536 4979 2593 5018 se
2622 4970 2765 5035 quod
2803 4987 3158 5046 prreceperat,
3194 4992 3396 5057 recepit
3423 5009 3435 5051 ;

1870 5051 1935 5089 ac
1968 5038 2171 5094 Perzoe
2206 5041 2391 5099 denuo
2423 5052 2678 5122 prolapso
2702 5059 2769 5111 ad
2807 5063 2973 5128 pedes
3001 5066 3282 5138 Chosrois,
3316 5093 3439 5146 gra-
3515 5133 3521 5139 ,

2808 5126 2821 5128 _
3246 5126 3282 5138 ~.
3316 5126 3407 5146 οη-

1868 5126 1959 5181 tiis
2008 5129 2311 5199 iterandis,
2362 5142 2668 5212 exindeque
2715 5162 2975 5208 venerato
3032 5148 3320 5223 senatores
3373 5188 3436 5223 ac

1864 5221 2013 5275 viros
2044 5224 2321 5296 principes
2351 5243 2581 5290 caeteros
2614 5254 2805 5297 omnes
2835 5250 2926 5313 qui
2947 5250 3195 5319 aderant,
3221 5260 3434 5317 solutus

1862 5326 2167 5371 conventus
2234 5332 2338 5375 est.
2393 5327 2465 5378 At
2538 5329 3019 5394 Perlzetzemcltar
3083 5346 3285 5403 eximio
3328 5368 3431 5406 su.»

1859 5399 2082 5470 ingenio
2111 5422 2172 5461 ac
2206 5408 2471 5469 facultate
2504 5420 2781 5478 scribendi
2818 5431 3083 5497 praeclara
3111 5439 3429 5509 complexus

1859 5498 2235 5564 praescriptum
2267 5517 2678 5577 argumentum,
2725 5518 3030 5577 orationem
3085 5526 3430 5586 elucubravit

1853 5584 2270 5647 disertissimam
2305 5635 2319 5654 .
2396 5616 2503 5668 qua
2568 5606 2791 5667 Perzois
2830 5653 2845 5677 ,
2898 5618 2966 5671 ab
3021 5619 3152 5689 ipsis
3197 5638 3428 5680 exorsus

1848 5679 2043 5744 primis
2104 5686 2411 5755 originibus
2461 5710 2525 5747 ac
2569 5705 2928 5772 crepundiis,
2979 5726 3171 5781 genus,
3216 5726 3429 5784 ortum,

1846 5770 2025 5836 prima
2060 5777 2262 5844 studia,
2297 5798 2501 5851 mores,
2546 5802 2715 5860 artes,
2775 5814 2959 5865 sensa,
3025 5806 3420 5874 professionem

1845 5874 1933 5915 res
1964 5872 2162 5932 gestas,
2195 5884 2364 5940 usque
2395 5876 2460 5931 ad
2493 5888 3002 5956 peregrinationem
3057 5898 3158 5967 ipsi
3192 5900 3421 5955 manda-

2862 5986 2939 6047 39
