4016 6522
568 442 702 505 1227

1962 442 2361 505 ΑΡΡΕΝΟΙΧ.

3657 454 3783 519 128

557 571 689 624 tam,
722 554 1022 613 etielicem
1057 553 1292 608 reditum
1333 567 1397 608 ex
1439 553 1612 618 india,
1664 553 1982 624 plenissime
2031 569 2125 607 or-
2155 563 2193 616 Α
2229 555 2409 609 tulans
2442 554 2546 610 sibi
2579 570 2672 611 res
2707 528 2962 613 successu
2992 560 3207 628 qualem
3251 570 3534 634 Optaverat
3560 576 3751 624 manda

557 651 949 719 natissimeque
977 647 1298 701 celebravit.
1356 647 1471 701 Non
1525 658 1607 702 est
1652 648 1795 717 apud
1853 664 1951 701 nos
2004 648 2121 718 ejus

555 726 742 815 operis
773 742 949 810 copia.
1004 740 1191 809 Neque
1228 740 1372 793 enim
1437 739 1587 793 illum
1639 737 1814 793 Arabs
1854 738 2123 807 interpres

554 850 715 905 quem
748 833 945 889 Graece
983 832 1355 901 expressimus
1407 832 1460 884 in
1492 831 1743 884 versione
1785 845 1880 883 sua
1917 828 2118 897 posuit.

554 908 853 980 Possumus
913 932 1093 976 tamen
1153 922 1271 992 ejus
1322 920 1655 974 desiderium
1709 918 1937 988 :equiori
1981 917 2123 971 ferre

553 1017 761 1079 animo.
786 1013 929 1084 quod
955 1013 1235 1067 materiam
1259 1027 1321 1067 ac
1343 1011 1457 1066 fere
1481 1012 1806 1066 sententiam
1832 1011 1950 1082 ejus
1975 1024 2124 1063 com-

555 1106 809 1161 mentarii
847 1104 1041 1174 partim
1073 1104 1126 1156 in
1160 1104 1258 1156 hac
1286 1118 1447 1171 quam
1490 1117 1558 1155 ex
1591 1108 1959 1155 monumentis
1984 1100 2123 1153 hau-

553 1202 729 1252 simus
762 1196 998 1250 Persicis
1032 1194 1258 1248 historia
1292 1193 1689 1262 deportationis
1723 1209 1787 1247 ex
1818 1191 1972 1245 india
2006 1191 2123 1245 dis-

550 1290 914 1346 sertationum
991 1286 1184 1341 harum
1270 1285 1750 1354 parabolicarum,
1821 1286 2018 1354 partim
2065 1284 2119 1336 in

550 1381 871 1453 praefatione
901 1380 1119 1434 Perzois
1170 1379 1363 1448 ipsius,
1414 1394 1577 1448 quam
1634 1377 1920 1433 Arabicam
1973 1376 2116 1431 nacti

551 1474 741 1528 Graece
777 1488 898 1525 mox
930 1471 1240 1533 reddemus,
1302 1470 1534 1539 reperiet
1591 1469 1870 1524 studiosus
1901 1470 2117 1537 Lector,

552 1567 731 1636 iisque
767 1565 1023 1619 videlicet
1055 1572 1369 1627 contentus,
1402 1562 1549 1617 haud
1603 1578 1956 1634 magnopere,
1997 1562 2119 1633 opi-

551 1675 675 1726 nor,
712 1659 1011 1729 quidquam
1062 1660 1199 1711 ultra
1228 1657 1496 1726 requiret.
1527 1654 1859 1712 Convocatis
1920 1655 2120 1711 deinde

550 1767 746 1807 rursus
771 1767 801 1804 a
829 1766 954 1820 rege
984 1750 1325 1827 proceribus,
1376 1749 1494 1818 ipso
1527 1765 1746 1819 quoque
1776 1750 1949 1803 accito
1990 1747 2120 1802 Per-

548 1844 869 1907 zoe,leetus
917 1857 1103 1896 coram
1159 1842 1415 1899 omnibus
1465 1853 1547 1895 est
1597 1839 2120 1896 Pertzetzemcharis

547 1934 806 2004 prologus
834 1931 1277 1995 encomiasticus,
1312 1931 1363 1985 in
1400 1946 1509 2001 quo
1551 1947 1676 1986 cum
1730 1940 1877 1986 esset
1900 1930 2113 1984 cunctis

545 2027 721 2079 visum
762 2024 1065 2079 laudatoris
1110 2025 1483 2093 eloquentiam
1542 2023 1749 2078 laudati
1812 2021 2114 2077 virtutibus

545 2131 611 2173 ac
640 2118 854 2172 meritis
876 2132 1028 2187 aequa
1062 2118 1416 2186 pr0p0rtione
1448 2117 1803 2186 respondere,
1828 2114 2117 2185 plausibus

544 2221 775 2280 uterque
807 2209 1116 2264 celebratus
1150 2190 1326 2274 tniris,
1355 2224 1609 2279 magnum
1660 2208 1904 2261 tulerunt
1952 2204 2117 2260 indu-

543 2302 693 2357 striae
745 2318 855 2358 suae
911 2302 1173 2356 fructum.
1213 2302 1328 2356 Pro:
1362 2301 1621 2356 omnibus
1647 2299 1867 2370 gavisus
1896 2307 1952 2353 et
1986 2312 2115 2368 gra-

2232 657 2407 702 tarum
2446 664 2475 701 a
2507 665 2565 703 se
2594 665 2796 714 rerum,
2821 652 2987 721 pandi
3039 654 3331 711 thesauros
3364 658 3542 729 regios
3586 659 3777 716 iterum

2221 740 2407 810 jussit,
2452 741 2779 813 eductisque
2813 743 2944 798 inde
2997 761 3192 816 magna
3222 747 3271 802 vi
3304 750 3422 803 auri
3448 765 3512 806 ac
3538 767 3778 822 gemma-

2227 846 2347 884 rum
2377 831 2628 887 immensi
2656 835 2837 903 pretii,
2872 844 2983 889 tum
3016 838 3186 892 vestis
3218 840 3453 894 attalicze
3494 844 3776 912 speciosis-

2226 922 2377 977 simze
2407 938 2635 978 numero
2660 925 2890 995 ingenti,
2923 926 3480 985 Pretzetzemcharem
3535 949 3638 1003 pro
3685 952 3780 990 na-

2222 1022 2348 1070 vata
2374 1013 2610 1070 ﬁdeliter
2634 1032 2799 1086 opera
2835 1029 3153 1075 muneratus
3190 1032 3294 1076 est.
3357 1023 3596 1079 Perzues
3650 1028 3779 1096 regis

2224 1107 2279 1161 in
2309 1122 2429 1161 sese
2451 1107 2715 1163 beneﬁcia
2743 1110 2891 1163 omni
2925 1126 3020 1164 sua
3074 1115 3238 1167 etiam
3269 1114 3631 1184 prazdicandi.
3683 1134 3775 1171 ne-

2223 1197 2350 1251 dum
2384 1197 2720 1266 rependendi
2752 1198 3008 1255 facultate
3043 1202 3201 1273 longe
3252 1205 3536 1273 superiora
3586 1209 3776 1276 gratis-

2223 1288 2361 1344 sime
2387 1288 2688 1358 professus,
2716 1291 2862 1345 votis
2903 1292 2971 1346 ab
3009 1294 3386 1364 omnipotente
3434 1313 3619 1350 rerum
3677 1299 3776 1351 Do-

2226 1381 2379 1434 mino
2410 1382 2612 1436 institit
2642 1382 3063 1453 religiosissimis
3089 1401 3338 1455 poscere,
3376 1397 3437 1442 ut
3466 1389 3618 1443 vices
3645 1389 3695 1443 in
3714 1408 3777 1444 eo

2222 1487 2353 1527 suas
2379 1473 2662 1543 supplens,
2693 1489 2802 1529 non
2838 1475 3111 1532 universis
3139 1478 3315 1533 solum
3358 1482 3485 1534 vitae
3537 1481 3780 1536 mortalis

2222 1564 2558 1619 ornamentis
2596 1580 2659 1619 ac
2687 1568 3014 1632 commodis,
3042 1568 3138 1624 sed
3177 1571 3347 1640 gloria
3381 1571 3548 1626 etiam
3583 1583 3777 1627 azterna

2226 1644 2433 1711 tantam
2462 1658 2581 1727 ejus
2610 1656 2999 1728 benignitatem
3023 1659 3434 1731 largitatemqne
3473 1674 3774 1717 coronaret.

2220 1748 2711 1806 Pertzetzemchari
2740 1749 2940 1805 deinde
2993 1751 3327 1819 amplissima
3384 1764 3494 1807 tam
3532 1753 3776 1808 benevoli

2221 1840 2384 1896 oﬂicii
2412 1850 2669 1911 precatus
2694 1839 2826 1896 item
2858 1857 2889 1897 a
2930 1842 3040 1897 Deo
3069 1843 3310 1914 prmmia,
3340 1860 3657 1900 consessum
3684 1845 3776 1897 de-

2219 1934 2385 2003 nique
2424 1941 2599 1987 totum
2640 1932 2792 1986 illum
2842 1933 3244 2003 amplissimum
3293 1934 3777 2004 obsequiosissime

2222 2031 2531 2085 veneratus,
2577 2021 2791 2077 cunctis
2820 2021 2870 2076 ei
2933 2022 3173 2077 vicissim
3208 2062 3221 2087 ,
3280 2023 3409 2078 dum
3452 2024 3775 2099 assurgitnr,

2217 2113 2646 2185 gratulantibus,
2683 2113 2908 2168 domum
2934 2129 3052 2169 sese
3088 2129 3240 2169 suam
3275 2115 3620 2186 triumphans
3649 2131 3775 2185 gau-

2217 2207 2333 2271 dio,
2374 2215 2429 2261 et
2465 2207 2780 2261 cumulatus
2808 2204 2980 2278 gloria
3006 2206 3234 2276 recepit.

1774 2637 2434 2705 PROLEGOMENON
2482 2636 2559 2697 ll.

661 2819 961 2899 Prw/otio
1020 2822 1345 2901 Symeonis
1373 2820 1525 2884 Seth
1577 2821 1779 2883 Graeci
1828 2820 2191 2898 interpretis
2217 2861 2233 2889 ,
2271 2834 2394 2897 qua
2431 2784 2993 2875 traditrationem
3018 2808 3201 2890 hujus
3229 2804 3384 2869 libri
3414 2806 3663 2869 utiliter

2005 2917 2281 2997 legendi.

539 3094 664 3150 CAP.
688 3093 729 3147 l.
754 3121 824 3134 —
851 3093 1254 3214 Argumentum;
1290 3094 1461 3174 forma
1489 3102 1538 3146 et
1569 3107 1760 3163 scapus
1802 3088 2107 3158 scriptionis

1253 3180 1412 3214 tutus.

1253 3180 1412 3230 cujus.

605 3297 952 3368 Compositus
981 3298 1073 3353 hic
1094 3298 1234 3353 liber
1259 3306 1342 3351 est
1375 3313 1404 3351 a
1443 3297 1780 3367 sapientibus
1807 3296 2104 3351 artiﬁcioso

537 3398 797 3446 contextu
829 3390 1136 3443 fabularum
1181 3404 1243 3444 ac
1274 3389 1679 3457 parabolarum,
1730 3386 1787 3445 ei
1827 3391 2106 3459 excogita-

538 3490 714 3536 tarum
745 3488 800 3534 et
849 3481 1221 3535 ordinatarnm
1256 3480 1555 3550 prudenter
1618 3480 1685 3535 ad
1745 3479 2102 3535 directionem

536 3573 683 3627 vitae.
714 3572 902 3626 Locuti
938 3582 1120 3626 autem
1150 3571 1239 3627 hic
1269 3580 1396 3625 sunt
1436 3580 1688 3625 auctores
1709 3571 1874 3641 hujus
1919 3572 2103 3640 operis

536 3680 636 3735 per
666 3681 763 3717 ora
796 3665 1094 3718 bestiarum
1132 3671 1188 3719 et
1214 3665 1520 3731 volucrum,
1558 3674 1618 3718 ut
1646 3666 1880 3720 lectores
1912 3664 2105 3718 corda-

538 3766 621 3809 tos
653 3754 707 3808 in
742 3754 1065 3809 sententiam
1091 3770 1344 3808 arcanam
1385 3762 1758 3823 penetrantes,
1812 3754 2105 3808 erudirent

537 3847 997 3915 instituerentque
1027 3846 1093 3900 ad
1127 3854 1274 3900 recte
1304 3846 1408 3901 sibi
1443 3846 1864 3911 consulendum,
1918 3846 2104 3901 stultis

534 3946 717 3991 autem
750 3936 1044 4004 puerisque
1068 3935 1239 3989 risum
1285 3946 1589 3998 moverent,
1623 3936 1848 4006 ludique
1879 3935 2013 4005 ipsis
2037 3949 2103 3991 ac

535 4026 878 4082 remissionis
927 4028 1101 4096 gratia
1159 4027 1455 4095 placerent.
1515 4026 1738 4097 Oportet
1772 4036 1955 4082 autem
2005 4042 2103 4082 cu-

534 4116 694 4185 pidos
723 4115 988 4169 doctrina:
1018 4130 1230 4176 omnes,
1261 4116 1562 4184 praesertim
1606 4117 1861 4187 juvenes,
1889 4117 2004 4173 haec
2048 4126 2100 4172 et

533 4207 852 4263 memoriter
872 4207 1138 4267 ediscere,
1173 4217 1229 4261 et
1256 4211 1452 4262 crebro
1476 4207 1675 4262 efferre
1711 4210 2014 4271 recitando,
2041 4217 2103 4263 ut

531 4310 720 4370 postea
744 4314 904 4365 quam
934 4298 986 4352 in
1018 4306 1234 4352 aetatem
1264 4299 1478 4355 consilii
1535 4315 1790 4371 capacem
1842 4301 2101 4355 adoleve-

533 4392 667 4456 rint,
702 4391 912 4459 possint
934 4390 1220 4445 latentium
1253 4390 1354 4445 sub
1378 4392 1463 4445 his
1489 4402 1886 4461 przeceptorum
1928 4394 2099 4447 ductu

531 4483 840 4555 gubernare
869 4483 1037 4536 vitam
1082 4485 1385 4553 pr0priam.
1422 4484 1484 4537 Et
1517 4484 1626 4538 erit
1672 4483 1788 4538 haec
1844 4484 2094 4553 quasdam

2214 3084 2343 3141 CAP.
2379 3084 2443 3140 ll.
2466 3115 2538 3126 --
2563 3084 2640 3137 Ad
2669 3082 2942 3137 lectionem
2976 3082 3095 3134 libri
3125 3081 3473 3136 adhibendum
3500 3079 3768 3132 consilium

2283 3157 2527 3217 doctoris,
2561 3155 2853 3207 ostenditur
2901 3151 3157 3219 parabola
3190 3153 3497 3205 invenientis
3558 3166 3767 3221 peregre

2284 3230 2607 3289 thesaurum,
2666 3239 2759 3276 nec
2784 3224 3089 3293 perferentis
3122 3226 3357 3275 domum.

2275 3387 2502 3456 Oportet
2531 3394 2713 3440 autem
2745 3384 3011 3453 legentem
3047 3383 3192 3436 hunc
3224 3381 3423 3435 librum
3450 3381 3761 3450 intelligo-re

2205 3496 2313 3534 non
2348 3489 2557 3534 tantum
2619 3479 2726 3533 vim
2788 3479 3035 3532 intimam
3094 3477 3411 3534 verborum.
3481 3477 3573 3531 sed
3610 3479 3763 3531 etiam

2206 3586 2398 3627 causas
2426 3586 2527 3626 cur
2550 3570 2795 3641 quidque
2838 3570 3075 3639 positum
3116 3570 3190 3624 ibi
3220 3569 3287 3624 sit
3321 3586 3336 3626 :
3375 3568 3763 3638 percipereque

2204 3664 2655 3735 signiﬁcationem
2683 3662 3080 3733 symbolorum.
3102 3662 3158 3715 in
3183 3661 3410 3733 singulis
3440 3658 3764 3715 meditandis

2205 3758 2339 3810 satis
2372 3753 2667 3818 hmrendo,
2716 3753 3162 3822 adhibendoque,
3211 3753 3304 3806 ubi
3340 3767 3479 3820 opus
3535 3752 3627 3811 sit.
3659 3765 3763 3804 nta-

2203 3848 2352 3917 gistri
2382 3862 2641 3917 operam;
2679 3828 2882 3917 alioqui
2944 3847 3090 3900 enim
3138 3862 3245 3899 non
3280 3846 3444 3899 modo
3503 3860 3613 3897 non
3667 3842 3760 3896 erit

2204 3940 2355 3993 utilis
2381 3939 2565 4003 lectio,
2594 3936 2689 3992 sed
2713 3938 2877 3992 etiam
2905 3938 3166 3991 damnosa
3193 3936 3439 3990 laborem
3467 3936 3761 3990 infructuo-

2203 4046 2321 4086 sum
2365 4028 2657 4084 subeunti:
2718 4028 2811 4098 qni
2861 4042 2991 4082 sane
3028 4027 3206 4081 simile
3266 4026 3471 4095 aliquid
3532 4027 3758 4094 patietur

2203 4122 2411 4177 homini
2442 4121 2631 4180 stulto,
2661 4121 2755 4189 qui
2810 4134 2936 4173 eum
2963 4133 3192 4188 peregre
3245 4117 3659 4171 conscendisset
3708 4116 3754 4169 in

2200 4211 2490 4282 quemdam
2524 4220 2788 4273 montem,
2833 4219 2891 4262 et
2920 4200 3220 4262 invenisset
3262 4206 3336 4261 ibi
3373 4222 3559 4261 arcam
3600 4206 3758 4260 niaxi-

2202 4318 2344 4356 mam
2392 4301 2608 4370 plenam
2640 4314 2778 4353 auro
2804 4309 2860 4352 et
2887 4299 3117 4366 gemmis
3156 4297 3430 4366 pretiOsis,
3458 4296 3599 4351 dixit
3627 4295 3755 4365 apud

2199 4410 2294 4451 se:
2330 4395 2536 4448 Abiens
2570 4394 2922 4463 interrogabo
2952 4392 3244 4461 quemdam
3295 4394 3622 4461 prudentem
3684 4394 3756 4445 vi-

2202 4486 2766 4554 rum,etperquiram
2823 4499 2891 4536 ex
2917 4485 3036 4551 ipso
3085 4484 3353 4536 rationem
3404 4493 3527 4536 tuto
3573 4482 3757 4550 depor-
3844 4552 3861 4566 ἱ

532 4576 667 4645 ipsis
693 4574 908 4645 provisa
937 4574 1161 4628 moralis
1188 4575 1428 4630 scientia:
1456 4576 1636 4645 copia,
1672 4576 1825 4630 velut
1867 4577 1991 4630 auri
2012 4592 2101 4629 ar-
2131 4561 2174 4614 υ
2205 4578 2354 4632 tandi
2389 4577 2552 4646 hujus
2580 4575 2821 4629 thesauri
2849 4574 2903 4628 in
2939 4577 3160 4628 domum
3204 4588 3377 4627 meam
3404 4590 3417 4627 :
3460 4573 3611 4642 quod
3641 4587 3750 4625 cum

530 4668 793 4737 gentique
829 4673 1080 4734 repertus
1123 4664 1270 4719 domi
1321 4667 1596 4731 cumulus,
1630 4681 1793 4735 quem
1840 4675 2097 4736 parentes

531 4757 666 4827 ipsis
691 4755 1122 4820 recondiderint,
1148 4755 1536 4811 inveniendum
1558 4771 1667 4827 quo
1689 4767 1935 4827 tempore
1960 4773 2098 4827 Opus

529 4862 597 4901 eo
622 4845 838 4901 fuerit:
885 4860 1054 4915 quem
1116 4844 1471 4900 abscondisse
1535 4845 1743 4915 profuit
1788 4862 1858 4901 ne
1890 4846 2097 4916 diripeo

528 4944 682 4991 retur
706 4938 777 4992 ab
806 4935 1121 5004 extraneis;
1151 4952 1254 4991 nec
1288 4948 1470 4992 tamen
1500 4945 1605 4992 tam
1640 4937 1748 4992 alte
1798 4938 2096 5002 defodisse,

529 5040 590 5085 ut
622 5046 735 5085 non
774 5030 934 5085 facile
966 5029 1395 5098 detegereturin
1430 5028 1717 5085 occasione
1753 5030 1966 5094 utendi,
1992 5032 2100 5083 uti-

526 5137 635 5192 que
661 5122 920 5176 latentem
945 5121 1049 5175 sub
1075 5121 1365 5174 involucro
1390 5136 1502 5175 non
1556 5121 1722 5176 nimis
1756 5121 1951 5181 denso.
1999 5120 2096 5176 sed

527 5213 823 5284 pellucido,
857 5227 958 5266 nec
976 5226 1121 5281 aegre
1146 5211 1450 5277 amovibili,
1507 5211 1810 5281 signorum,
1866 5227 1935 5267 ex
1966 5227 2099 5282 0pc-

528 5303 682 5358 ribus
728 5310 785 5357 et
815 5301 998 5357 verbis
1055 5299 1426 5359 indicantibus
1472 5300 1752 5370 quidpiam
1783 5301 1916 5356 satis
1973 5317 2098 5372 per-

529 5398 678 5452 vium
736 5392 1111 5464 intelligentia:
1164 5393 1398 5447 naturali
1448 5395 1645 5448 mentis
1692 5393 1965 5449 humanae.
2021 5394 2096 5449 Ea

527 5487 673 5541 enim
699 5497 817 5541 arte
849 5484 1199 5539 multiformis
1246 5483 1359 5537 hare
1388 5484 1615 5553 scriptio
1664 5484 1926 5554 symbolis
1958 5484 2097 5554 ﬁgu-

530 5579 712 5647 risque
739 5579 917 5632 omnis
943 5574 1161 5645 generis
1189 5576 1459 5643 variegata
1490 5585 1571 5629 est
1592 5591 1620 5629 a
1649 5575 1776 5630 viris
1803 5566 2094 5644 sapientis-

529 5670 683 5725 simis
711 5669 829 5739 ejus
858 5665 1197 5725 auctoribus.
1229 5675 1289 5719 ut
1322 5667 1405 5719 via
1453 5667 1715 5738 radixque
1761 5665 1924 5720 otiicii
1957 5682 2093 5720 con-

530 5758 748 5827 siliique
807 5756 941 5811 recti
970 5756 1023 5809 in
1056 5754 1205 5808 omni
1231 5754 1355 5807 vita:
1397 5754 1628 5810 articulo
1676 5755 1897 5811 tenendi
1925 5770 2093 5811 amm-

529 5847 615 5905 nis
634 5848 954 5909 ambagibus
977 5844 1421 5902 adumbraretur.

2195 4682 2359 4738 agere
2388 4667 2660 4735 coepisset,
2696 4681 2816 4718 mox
2845 4665 3015 4735 empti
3043 4664 3336 4733 pmnitens,
3364 4663 3410 4719 0
3437 4680 3544 4728 me,
3569 4663 3751 4732 inquit.

2197 4759 2429 4816 stultum
2458 4758 2471 4811 Ξ
2502 4756 2596 4826 qui
2627 4755 2867 4826 aliquem
2894 4757 3179 4810 consulam
3205 4774 3219 4809 ε
3252 4769 3377 4808 nam
3409 4770 3576 4823 quem
3604 4754 3752 4823 hujus

2195 4851 2378 4905 arcani
2416 4850 2736 4919 participem
2780 4848 2982 4911 fecero,
3015 4848 3061 4901 is
3094 4846 3239 4901 volet
3271 4848 3516 4901 thesauri
3545 4859 3750 4915 quoque

2197 4942 2315 4997 ﬁeri
2357 4942 2648 5011 particeps.
2703 4952 2759 4995 et
2796 4956 2927 5009 pars
2971 4941 3092 5010 ejus
3115 4940 3224 4995 erit
3268 4940 3345 4994 illi
3373 4938 3746 4996 concedenda:

2194 5048 2377 5088 nonne
2406 5034 2602 5089 melius
2639 5042 2724 5087 est
2758 5042 2931 5103 ntego
2950 5033 3082 5086 mihi
3104 5040 3278 5086 totum
3303 5032 3639 5087 serrem?Ab
3654 5031 3749 5084 hoc

2196 5125 2425 5178 consilio
2442 5125 2643 5179 stultus
2665 5125 2755 5179 ille
2783 5124 3099 5193 inexplebili
3117 5124 3422 5194 cupiditate
3446 5124 3643 5179 illusus
3666 5138 3748 5174 vo-

2193 5216 2339 5270 cavit
2394 5217 2603 5287 bajulos
2648 5217 3018 5272 mercenarios
3074 5232 3105 5271 e
3156 5217 3300 5281 foro,
3328 5217 3578 5295 dixitque
3607 5216 3742 5271 illis:

2201 5307 2400 5363 Adeste
2441 5308 2567 5369 huc.
2598 5316 2657 5361 et
2683 5308 2858 5361 locate
2892 5307 3026 5360 mihi
3059 5308 3206 5378 justa
3258 5307 3510 5362 mercede
3536 5319 3744 5375 operam

2195 5398 2262 5451 ad
2298 5398 2624 5466 portandum
2656 5396 2775 5450 haec
2832 5411 2944 5464 quo
2976 5397 3119 5450 volo.
3171 5394 3596 5465 ReSponderunt
3637 5391 3743 5445 illi:

2196 5488 2481 5543 Faciemus
2515 5497 2569 5542 et
2602 5487 2802 5541 ibimus
2833 5487 3087 5556 utjubes.
3120 5486 3237 5555 Ipse
3292 5486 3521 5541 delectis
3571 5484 3741 5538 decem

2194 5596 2261 5635 ex
2305 5581 2436 5649 ipsis
2463 5579 2619 5632 duxit
2668 5593 2763 5633 eos
2814 5578 2879 5630 ad
2934 5593 3111 5633 iocum
3166 5578 3257 5632 ubi
3304 5587 3424 5631 erat
3471 5578 3743 5631 thesaurus

2194 5686 2359 5740 quem
2386 5670 2707 5732 invenerat;
2740 5679 2797 5724 et
2822 5669 3078 5737 aperiens
3122 5684 3304 5722 arcam
3334 5668 3505 5722 dixit:
3555 5667 3741 5721 Adeste

2193 5764 2376 5828 amici,
2408 5773 2465 5818 et
2499 5766 2792 5832 implentes
2820 5778 3013 5817 saccos
3040 5770 3258 5816 vestros
3314 5763 3389 5816 ite
3426 5762 3477 5814 in
3530 5762 3737 5814 domum

2194 5868 2394 5917 meam,
2425 5862 2481 5907 et
2514 5852 2769 5917 deponite
2812 5856 2958 5918 ipsos
3000 5852 3053 5905 in
3100 5851 3388 5917 vestibulo,
3420 5863 3477 5906 ut
3507 5852 3581 5906 ibi
3640 5864 3739 5903 ser.
