4016 6518
223 465 358 529 1229

1103 461 1483 525 SPECIMEN
1519 458 1957 521 SAPIENTl/E
1989 458 2346 519 lNDORUM
2385 456 2549 517 V’ET.

3317 456 3451 518 123')

219 593 419 639 ventur
448 580 621 634 donec
651 578 890 633 veniam.
924 577 998 631 Ea
1031 592 1153 632 cum
1190 577 1255 629 ab
1301 576 1494 632 insano
1539 574 1643 627 isto
1690 572 1785 625 ha-
1813 578 1857 633 Α
1889 571 1987 640 ipsi
2017 589 2029 623 :
2082 570 2265 634 Erras,
2295 570 2488 634 amice,
2530 567 2583 621 in
2611 565 3045 637 pronuntiando.
3095 564 3306 631 Quibus
3359 568 3450 621 ille

213 673 314 745 jnli
339 671 647 736 audissent,
684 670 944 724 dixerunt
973 667 1114 737 ipsi:
1149 667 1291 721 Bene
1314 666 1499 725 habet.
1545 664 1779 718 libenter

216 777 582 833 exsequemur
620 758 766 830 quod
813 758 1085 828 imperas:
1119 767 1174 812 ct
1225 773 1349 811 cum
1406 755 1779 823 implevissent

216 869 425 915 saccos.
461 868 651 906 rursus
674 852 777 919 ipsi
810 851 1101 905 dixerunt:
1156 849 1296 901 Audi
1333 848 1375 900 si
1413 848 1562 901 lubet
1592 844 1777 899 consi-

215 947 351 1002 lium
387 953 657 1006 nostrum,
690 958 758 996 ne
791 944 1105 997 thesaurum
1156 956 1317 1011 quem
1355 939 1609 993 invenisti
1655 954 1781 1007 pcr-

215 1040 334 1093 das.
363 1038 507 1104 Quin
537 1038 676 1106 ejus.
712 1035 890 1105 inquit
924 1016 1036 1097 ille,
1087 1034 1257 1103 gratia
1284 1031 1474 1086 vocavi
1528 1046 1648 1094 vos,
1706 1044 1777 1083 ne

214 1129 347 1197 quid
373 1128 507 1181 mihi
536 1126 742 1196 periret
765 1141 831 1178 ex
856 1126 991 1193 ipso.
1022 1124 1102 1177 llli
1156 1123 1453 1177 dixerunt:
1488 1120 1607 1174 Non
1645 1135 1781 1174 con-

212 1221 365 1275 venit
390 1234 491 1273 nos
521 1218 683 1272 simul
717 1218 797 1271 ire
829 1231 936 1269 una
967 1231 1178 1279 omnes,
1216 1230 1283 1269 ne
1317 1213 1442 1283 quis
1497 1213 1784 1281 magistra-

214 1324 370 1367 tuum
407 1321 612 1364 Iantam
654 1319 980 1364 onustorum
1022 1308 1235 1363 turbam
1266 1307 1479 1371 videns,
1520 1307 1783 1383 exquirat

211 1406 344 1475 quid
374 1405 454 1458 rei
480 1405 571 1467 sit,
603 1414 657 1457 et
683 1396 905 1474 cognito
945 1412 1123 1456 tantas
1145 1416 1277 1469 opes
1310 1401 1363 1453 in
1406 1399 1628 1454 domum
1665 1401 1779 1468 pri-

210 1507 396 1550 vatam
444 1495 600 1559 ferri,
655 1503 873 1549 avertat
928 1494 1069 1556 illas,
1105 1501 1160 1546 et
1197 1493 1248 1545 itt
1301 1493 1489 1545 fiscum
1551 1490 1780 1560 redigat,

211 1588 473 1641 auferens
497 1604 527 1641 a
563 1587 756 1642 nobis:
800 1584 995 1640 melius
1023 1600 1153 1654 ergo
1183 1594 1269 1639 est
1302 1592 1359 1636 ut
1392 1582 1591 1653 singuli
1622 1596 1783 1651 sepa-

214 1683 376 1732 ratim
416 1678 843 1747 proficiscamur,
870 1672 977 1731 'nec
1014 1685 1070 1729 tu
1103 1676 1386 1729 nobiscum
1424 1675 1519 1739 sis,
1570 1674 1662 1727 sed
1693 1673 1783 1727 hic

211 1780 501 1840 exspectes
534 1770 710 1825 donec
770 1779 1151 1833 revertamur;
1205 1767 1405 1822 ibimus
1424 1767 1571 1820 enim
1606 1766 1785 1820 celer—

213 1861 393 1923 rime;
424 1870 481 1913 ct
518 1860 703 1914 statim
754 1860 863 1914 huc
913 1858 1237 1913 redibimus.
1292 1857 1546 1911 Probavit
1586 1857 1787 1911 stultus

210 1951 507 2007 consilium
541 1950 850 2021 bajnlorum
874 1969 888 2014 ;
913 1958 968 2004 at
999 1949 1081 2004 illi
1111 1949 1365 2004 tollentes
1391 1963 1577 2004 saccos
1599 1948 1787 2016 plenos

215 2044 479 2097 abierunt
509 2043 885 2111 unusquisque
920 2057 1029 2110 quo
1058 2041 1240 2105 libuit,
1262 2050 1318 2096 et
1347 2042 1400 2095 in
1444 2040 1668 2094 domum
1703 2042 1789 2093 in-

214 2136 334 2189 sani
366 2150 531 2189 nemo
559 2134 840 2203 profectus
865 2142 969 2188 est.
994 2133 1107 2187 Sub
1133 2147 1419 2202 vesperam
1448 2132 1538 2187 ille
1578 2133 1791 2201 (quan-

214 2241 381 2296 quam
418 2225 770 2281 suboﬂ'ensus
800 2224 945 2294 quod
976 2240 1083 2278 non
1123 2224 1417 2288 redissent,
1448 2232 1629 2277 tamen
1660 2238 1791 2277 cau~

214 2334 332 2373 sam
351 2334 523 2372 morae
550 2318 803 2372 incidisse
828 2317 1009 2382 aliam,
1029 2331 1131 2371 nec
1146 2316 1250 2370 sibi
1270 2314 1589 2370 damnosam
1614 2314 1787 2382 ratus)

218 2412 415 2480 plenus
442 2410 641 2479 gaudio
677 2409 901 2462 domum
950 2423 1006 2462 se
1055 2406 1300 2461 referens
1336 2406 1493 2460 uxori
1531 2406 1789 2464 dicebat:

216 2502 461 2558 Ostende
512 2501 648 2555 mihi
706 2502 796 2555 ιιιιί
845 2501 1139 2555 thesaurus
1178 2507 1262 2554 est
1321 2513 1485 2567 quem
1549 2498 1793 2552 tulerunt

219 2594 436 2663 bajuli,
493 2603 553 2647 ut
608 2593 825 2645 videam
873 2606 940 2645 ne
994 2591 1124 2660 quid
1189 2588 1327 2643 forte
1377 2586 1790 2641 subtraxerint:

222 2688 314 2740 illa
349 2684 652 2748 admirans,
677 2683 816 2750 Quid
857 2683 959 2746 ais,
1021 2682 1092 2735 mi
1132 2681 1235 2745 vir,
1272 2670 1487 2747 inquit,
1524 2677 1654 2748 quid
1716 2677 1797 2731 lo-

218 2778 450 2849 queris?
481 2785 536 2831 et
568 2777 679 2841 ille,
712 2776 836 2830 [an
864 2775 1063 2852 loquor
1114 2789 1236 2843 qua:
1262 2771 1460 2826 autliSti
1488 2788 1501 2824 :
1545 2770 1634 2824 illa
1661 2784 1794 2824 vero

224 2869 532 2939 respondit,
586 2867 856 2937 Equidem
908 2866 1113 2931 audivi,
1147 2865 1245 2920 sed
1276 2863 1411 2918 nihil
1450 2863 1645 2917 horum
1676 2876 1796 2931 quae

224 2963 366 3017 dicis
389 2962 501 3015 vidi
527 2962 724 3028 oculis,
751 2970 845 3015 aut
875 2960 1128 3015 manilius
1153 2956 1330 3027 attigi.
1366 2956 1466 3009 llic
1493 2955 1581 3009 ille
1608 2962 1795 3022 stupe-

226 3054 426 3118 factus,
458 3054 671 3117 Nonne,
706 3053 904 3123 inquit,
939 3052 1063 3106 misi
1108 3050 1205 3105 tibi
1232 3049 1398 3103 hodie
1446 3064 1543 3118 per
1585 3047 1797 3116 bajulos

225 3144 694 3199 circumforaneos
755 3144 1041 3213 plusquam
1112 3142 1261 3196 mille
1318 3140 1522 3195 talenta
1566 3139 1687 3192 auri
1743 3148 1798 3192 et

224 3232 440 3301 lapides
479 3231 787 3300 pretiosos?
855 3216 1156 3299 Respondit
1206 3243 1366 3291 uxor,
1416 3227 1792 3295 Nequaquam,

226 3431 383 3479 casu,
428 3425 486 3468 et
522 3429 647 3468 sero
692 3414 912 3484 sapiens
959 3415 1099 3468 male
1154 3429 1323 3468 sanus
1390 3413 1501 3477 ille,
1549 3410 1803 3481 cognovit

227 3506 451 3560 tandem
482 3522 540 3561 se
565 3505 887 3575 deceptum;
935 3506 1237 3574 habuitque
1282 3515 1341 3559 ut
1388 3504 1543 3573 prius
1572 3517 1799 3571 vacuam

227 3600 479 3661 domum,
526 3599 630 3652 hoc
658 3600 833 3653 solum
884 3613 949 3652 ex
998 3597 1239 3651 thesauri
1307 3596 1439 3665 tanti
1486 3595 1801 3649 inventione

229 3692 500 3754 iucratns,
543 3702 602 3744 ut
634 3691 905 3744 inutiliter
936 3705 1002 3744 eo
1034 3690 1121 3743 die
1162 3704 1220 3743 se
1248 3695 1520 3742 vexasset.
1554 3685 1645 3741 Sic
1676 3701 1802 3740 eve-

228 3784 348 3838 niet
381 3783 583 3852 legenti
610 3783 757 3835 hunc
792 3782 1012 3844 librum,
1048 3781 1153 3834 nisi
1190 3789 1246 3834 et
1275 3779 1638 3833 attentionem
1673 3792 1804 3847 pro-

228 3876 430 3944 priam,
459 3884 517 3927 et
541 3874 779 3928 alienum
819 3873 1110 3927 consilium
1160 3871 1421 3925 adhibeat
1456 3869 1523 3923 ad
1585 3870 1801 3937 penitus

230 3964 638 4033 pervidendum
668 3964 801 4033 quid
830 3978 896 4018 eo
926 3963 1209 4017 doceatur.

227 4078 358 4135 Car.
390 4080 479 4134 Ill.
508 4107 582 4118 —
604 4078 893 4133 Necessitas
932 4075 1253 4146 percipiendi
1284 4088 1491 4127 sensum
1520 4071 1807 4146 parabola-

307 4168 429 4204 rum
459 4149 763 4203 declaratur
793 4144 1137 4201 similitudine
1170 4160 1382 4208 nucum,
1430 4152 1477 4195 et
1518 4144 1806 4197 sententia-

304 4240 423 4276 rum
454 4223 633 4291 ignota
663 4220 841 4289 lingua
870 4220 1214 4285 scriptarum.

300 4342 601 4397 Enimvero
634 4335 767 4407 quid
796 4332 1047 4403 proderit
1076 4331 1268 4386 videre
1315 4328 1606 4398 superficie
1646 4337 1807 4383 tenus

227 4436 387 4505 signa
418 4432 880 4500 scripturamque,
920 4440 1030 4478 non
1066 4422 1409 4493 penetrando
1437 4422 1492 4475 in
1550 4422 1805 4474 intimum

226 4540 429 4583 eorum
458 4521 720 4578 sensum?
745 4520 863 4577 Non
898 4517 1024 4588 plus
1048 4530 1182 4571 sane
1213 4529 1379 4583 quam
1426 4513 1679 4567 famelico
1707 4528 1807 4566 nu-

1821 1910 1859 1963 Β

1888 662 2188 730 reSpmtdit,
2219 661 2332 715 Non
2360 676 2484 715 erro
2510 674 2637 730 ego,
2661 660 2754 714 sed
2781 668 2927 714 errat
2951 660 3139 713 charta
3164 659 3265 712 ista
3288 674 3453 728 quam

1891 757 2086 809 habeo.
2138 752 2372 809 Tantum
2413 756 2642 811 interest
2686 754 2958 824 legentem
3022 770 3129 808 non
3180 756 3453 825 ignorare,

1888 848 1983 903 sed
2015 848 2171 918 plane
2204 864 2266 902 ac
2298 848 2515 917 penitus
2546 848 2822 916 percipere
2848 848 2992 917 quod
3026 847 3175 917 legit,
3234 856 3293 901 ut
3320 863 3453 901 eru-

1890 942 2038 995 ditus
2087 942 2321 995 lectione
2394 941 2645 1010 proficiat
2708 942 2762 994 itt
2823 942 3179 1009 sapientiam;
3241 940 3456 993 duobus

1889 1033 2035 1087 enim
2084 1034 2232 1087 hisce
2259 1034 2586 1087 instructum
2621 1047 2741 1087 esse
2794 1042 3014 1101 oportet
3046 1033 3305 1088 lectorem
3345 1049 3452 1086 non

1891 1123 2163 1179 inutiliter
2222 1125 2511 1188 lecturum,
2564 1125 2976 1194 perspicacitate
3007 1126 3061 1179 in
3123 1125 3457 1195 pervidendo

1894 1217 2024 1286 quid
2057 1218 2111 1271 in
2138 1233 2299 1271 sensu
2347 1217 2538 1285 scripti
2575 1217 2759 1279 lateat,
2795 1228 2851 1271 et
2882 1217 3223 1286 providentia
3256 1217 3309 1270 iu
3343 1227 3457 1271 sta-

1894 1309 2097 1363 tuendo
2126 1326 2235 1379 quo
2258 1320 2415 1380 pacto
2446 1310 2697 1365 conferre
2745 1310 2799 1363 in
2830 1326 2983 1363 nsunt
3016 1308 3310 1371 intellecta,
3367 1326 3462 1363 oc-

1893 1400 2139 1453 cursuris
2171 1415 2267 1469 per
2292 1409 2611 1471 sequentem
2634 1400 2800 1454 vitam
2822 1399 3225 1464 occasionibus,
3265 1399 3462 1453 debeat

1893 1505 1956 1545 ac
1987 1489 2177 1560 possit.

1893 1583 2020 1639 CAP.
2069 1583 2157 1637 IV.
2186 1615 2253 1625 —
2279 1583 2563 1656 Scientimn
2587 1586 2699 1637 sine
2722 1584 3024 1653 operatione
3057 1602 3159 1638 non
3215 1585 3463 1656 prodesse

2178 1658 2339 1708 uariis
2391 1654 2818 1710 similitudinibus
2869 1656 3181 1711 ostenditur.

1968 1770 2167 1824 Verum
2222 1768 2449 1823 effatum
2486 1767 2791 1837 sapientum
2838 1778 2941 1832 eSt,
2991 1782 3149 1837 egere
3210 1768 3464 1822 homines

1898 1863 1952 1915 in
1984 1862 2085 1916 hac
2123 1861 2235 1915 vita
2281 1860 2498 1914 duabus
2544 1860 2735 1924 rebus,
2780 1859 3141 1926 intelligentia
3189 1873 3252 1913 ac
3292 1860 3463 1915 disci-

1894 1955 2059 2024 plina,
2082 1954 2188 2007 hoc
2205 1964 2287 2007 cst
2308 1968 2520 2006 morum
2552 1953 2883 2007 rectitudine
2908 1953 2961 2007 in
2982 1952 3123 2007 bona
3145 1954 3462 2023 operatione

1894 2047 1998 2103 sita
2031 2064 2045 2101 :
2115 2046 2201 2100 his
2240 2047 2384 2101 enim
2419 2045 2580 2099 simul
2641 2044 2855 2098 duabus
2889 2052 3153 2113 purgatur
3186 2059 3378 2107 mens;
3408 2054 3465 2097 et

1893 2140 2037 2194 sicut
2069 2140 2123 2191 in
2175 2137 2425 2206 lampade
2473 2137 2652 2191 oleum
2701 2146 2759 2191 et
2788 2135 3122 2205 ellychnium
3174 2136 3463 2205 conjuncta

1893 2246 2061 2302 Opera
2122 2231 2394 2284 flammam
2441 2227 2683 2283 efﬁciunt
2728 2228 2838 2282 alte
2892 2236 3204 2297 surgentem
3247 2226 3465 2295 lateque

1896 2318 2297 2372 illuminantcm
2328 2359 2342 2383 ,
2395 2317 2474 2371 sic
2523 2317 2768 2385 operatio
2837 2325 2895 2370 et
2948 2318 3178 2372 scientia
3250 2317 3304 2371 in
3356 2318 3463 2371 vita

1896 2412 2137 2467 hominis
2162 2411 2378 2466 laudem
2408 2412 2527 2482 ejus
2564 2410 2839 2480 decusque
2895 2410 3224 2480 perficiunt:
3289 2411 3466 2479 iisque

1895 2504 1997 2559 niti
2031 2504 2213 2567 del-et,
2251 2511 2397 2558 utet
2434 2504 2615 2560 salvus
2647 2504 2718 2558 sit
2758 2513 2814 2557 et
2858 2503 3084 2574 fulgeat,
3161 2505 3207 2557 si
3262 2503 3470 2558 alteru-

1898 2606 1984 2651 tro
2029 2604 2211 2651 careat
2259 2594 2520 2649 damnum
2578 2604 2674 2649 aut
2732 2593 2972 2649 dedecus
3025 2608 3306 2663 passurus.
3354 2593 3469 2648 ηοω

1898 2687 2208 2742 declaratur
2230 2687 2481 2755 exemplo
2509 2686 2747 2739 hominis
2772 2686 2927 2755 cujus
2953 2685 3005 2738 in
3052 2685 3272 2740 domum
3310 2696 3468 2739 nocte

1898 2780 2225 2849 intempesta
2256 2776 2538 2847 subrepsit
2566 2776 2656 2829 fur
2693 2776 2810 2845 ipso
2834 2778 3141 2841 sentiente;
3178 2777 3470 2845 evigilave-

1898 2879 1981 2925 rat
2009 2869 2155 2924 enim
2189 2866 2254 2921 ad
2283 2867 2570 2935 strepitum
2593 2875 2649 2920 et
2683 2867 2990 2936 ingressum
3021 2882 3143 2921 esse
3173 2867 3344 2921 furem
3381 2868 3469 2922 in-

1899 2964 2186 3017 tellexerat
2214 2977 2229 3014 :
2285 2970 2463 3013 tamen
2496 2974 2553 3013 se
2585 2958 2781 3012 callide
2813 2968 3065 3013 acturum
3097 2970 3267 3023 ratus,
3308 2960 3472 3015 dissi-

1900 3055 2129 3108 mulavit
2167 3068 2225 3107 se
2261 3053 2518 3115 sensisse,
2552 3051 2620 3102 ita
2680 3065 2865 3104 secum
2921 3062 3217 3121 reputans:
3283 3052 3468 3105 Sinam

1902 3145 2066 3197 istum
2108 3142 2399 3196 corradere
2446 3149 2502 3193 et
2558 3154 2857 3195 convasare
2904 3156 3024 3209 quae
3066 3142 3283 3196 auferre
3331 3146 3470 3207 vult,

1855 3272 1868 3287 .
1905 3245 1960 3291 et
1993 3251 2117 3290 cum
2156 3235 2399 3289 collectis
2430 3233 2688 3287 omnibus
2728 3232 2781 3286 in
2835 3234 3120 3301 procinctu
3154 3235 3219 3287 ad
3266 3252 3473 3289 exeun-

227 3323 451 3377 domine
486 3323 595 3376 mi:
660 3324 844 3376 nullus
899 3322 1197 3392 quidquam
1256 3322 1460 3374 attulit.
1504 3318 1800 3373 Perculsus
1832 3307 1870 3324 "

1906 3326 2037 3379 dum
2064 3325 2192 3388 erit,
2239 3324 2443 3378 irruam
2493 3323 2548 3377 in
2589 3338 2714 3376 eum
2765 3334 2819 3376 ct
2858 3325 2995 3377 male
3052 3326 3345 3379 mulctalm.
3398 3327 3475 3379 En

1908 3418 2139 3473 consilio
2168 3427 2417 3486 perstans
2449 3416 2501 3468 in
2554 3416 2742 3480 cubili,
2777 3418 2936 3483 paulo
2978 3427 3098 3485 post
3146 3419 3340 3471 iterum
3376 3420 3476 3471 ob—

1904 3509 2167 3574 dormiit,
2227 3509 2553 3576 interimque
2610 3512 2694 3561 lur
2750 3510 3019 3577 congestis
3067 3526 3172 3562 una
3219 3512 3479 3564 omnibus

1905 3600 2139 3669 aufugit.
2179 3599 2544 3668 Experrcctus
2566 3599 2761 3653 deinde
2789 3600 2971 3663 homo,
3021 3617 3191 3669 reque
3237 3604 3473 3671 cognita,

1902 3694 2049 3764 juste
2088 3691 2331 3760 seipsum
2374 3692 2651 3744 damnavit
2691 3692 2835 3761 quod
2872 3708 2968 3746 sua
3017 3694 3214 3746 notitia
3247 3710 3355 3747 non
3388 3712 3476 3746 cs-

1905 3792 1989 3836 set
2024 3797 2174 3846 nsus,
2210 3790 2269 3834 ut
2299 3780 2583 3834 debuerat.
2615 3781 2884 3834 Nimirum
2916 3783 3156 3852 cognitio
3192 3796 3275 3837 est
3307 3785 3478 3837 instar

1906 3873 2119 3927 arboris
2147 3872 2302 3942 cujus
2329 3871 2572 3940 operatio
2611 3871 2822 3927 fructus
2849 3883 2953 3927 est.
3002 3874 3189 3942 Itaque
3225 3883 3279 3927 ιιι
3314 3878 3479 3928 arlur

1907 3973 2131 4032 pr0pter
2177 3965 2411 4018 fructum
2462 3966 2665 4018 seritur
2706 3975 2762 4019 et
2822 3966 3057 4027 colitur;
3110 3968 3182 4021 ita
3252 3980 3479 4037 propter

1907 4054 2279 4123 operationem
2310 4053 2592 4107 scientiam
2640 4055 2838 4123 qumrit
2894 4056 2985 4125 qui
3031 4072 3157 4111 vere
3199 4060 3479 4113 studiosus

1907 4158 2011 4211 est,
2054 4147 2252 4199 frustra
2287 4147 2538 4201 vidclicct
2566 4148 2823 4202 studendi
2855 4148 3098 4205 laborem
3124 4152 3477 4218 toleraturus,

1910 4238 1953 4292 si
1982 4242 2101 4308 ejus
2132 4237 2243 4304 ipse
2276 4238 2454 4292 fructu
2490 4254 2609 4293 sese
2637 4239 2955 4297 frustretur.
2989 4241 3131 4295 Sane
3181 4243 3226 4295 si
3283 4243 3475 4295 viatori

1908 4330 1975 4384 ad
2010 4331 2113 4383 iter
2142 4331 2396 4398 expedito
2448 4331 2691 4386 indicent
2736 4333 2896 4387 atnici
2932 4334 3193 4403 periculis
3225 4335 3478 4389 infestam

1910 4425 2054 4477 viain
2088 4439 2206 4477 esse
2237 4439 2399 4492 quatn
2426 4430 2646 4494 cogitet,
2678 4427 2953 4479 obsessam
2984 4428 3287 4481 latronibus
3313 4437 3369 4481 et
3397 4429 3481 4480 in-

1912 4518 2067 4573 sidiis
2096 4517 2359 4578 hostium,
2417 4531 2598 4571 nonne
2630 4521 2675 4571 is
2732 4519 3049 4573 irridebitur
3104 4520 3173 4573 al)
3226 4520 3482 4573 omnibus

226 4636 325 4676 ces
356 4616 605 4681 habenti,
633 4630 733 4669 nec
763 4610 1030 4683 frangenti
1080 4608 1381 4664 corticem:
1430 4605 1520 4660 hic
1575 4606 1720 4660 enim
1744 4621 1800 4658 ex

1917 4612 1960 4665 si
1990 4609 2351 4664 nihilominus
2382 4609 2460 4662 ire
2496 4625 2749 4679 pergens,
2813 4611 3080 4680 spolietur
3113 4621 3168 4665 et
3213 4612 3351 4665 male
3388 4627 3482 4665 va-

227 4712 367 4781 ipsis
416 4725 525 4766 non
579 4705 894 4761 satiabitur.
925 4702 1072 4757 idem
1121 4714 1287 4770 porro
1330 4698 1525 4753 similis
1544 4698 1652 4751 erit
1697 4707 1812 4751 stu-

226 4806 394 4859 dioso
439 4800 646 4854 homini
718 4796 932 4851 curiose
987 4792 1230 4864 cupienti
1292 4807 1455 4847 nosse
1510 4790 1815 4845 sententias

227 4909 375 4965 quas
422 4890 635 4944 laudari
692 4886 969 4946 audierit.
1015 4894 1071 4940 et
1101 4899 1169 4939 eo
1224 4883 1503 4938 desiderio
1569 4882 1815 4952 pergenti

228 5000 360 5039 cum
396 4982 587 5035 charta
617 4979 672 5032 in
718 4993 885 5032 manu
918 4977 984 5031 ad
1015 4976 1294 5030 eruditum
1321 4974 1580 5042 aliquem,
1614 4986 1816 5040 rogan-

232 5077 393 5143 tique
426 5070 606 5139 ipsum
643 5079 704 5122 ut
729 5069 781 5123 in
805 5082 869 5122 ea
903 5067 1092 5121 charta
1137 5064 1240 5119 sibi
1267 5062 1471 5119 scribat
1519 5060 1724 5130 aliquid
1750 5075 1818 5113 ex

232 5168 393 5221 hisce
431 5163 612 5218 eﬁ'atis
643 5161 946 5230 peregrinae
1005 5158 1328 5227 sapientiai:
1384 5157 1473 5211 cui
1516 5155 1605 5210 ille
1654 5154 1818 5207 obse-

232 5270 420 5327 quens
449 5253 659 5309 scribat
709 5254 761 5305 in
820 5251 1011 5305 charta
1049 5249 1289 5317 prudens
1317 5248 1534 5317 aliquod
1586 5246 1817 5307 dictum,

232 5345 475 5402 Arabica
511 5342 734 5412 quidem
762 5340 947 5409 lingua
981 5341 1163 5407 ignota
1205 5338 1441 5407 roganti.
1488 5337 1691 5391 litteris
1744 5344 1821 5387 ta-

234 5452 366 5491 men
399 5448 536 5504 quas
573 5433 689 5498 ipse
712 5430 816 5485 scit
843 5430 1045 5499 legere.
1090 5427 1227 5482 Cum
1256 5428 1360 5481 hac
1414 5427 1603 5481 charta
1655 5426 1821 5478 homo

233 5528 436 5581 abiens
466 5523 560 5578 ubi
587 5522 809 5577 domum
844 5520 1019 5585 venit,
1063 5518 1265 5585 cupide
1305 5518 1436 5585 legit
1488 5517 1819 5586 descriptam

235 5616 601 5678 sententiam,
632 5621 689 5668 et
727 5611 873 5681 apud
908 5610 1117 5664 amicos
1146 5608 1484 5678 pronuntiat,
1517 5622 1627 5660 non
1665 5606 1827 5661 intel-

238 5711 423 5778 ligens
452 5706 583 5776 quid
610 5705 776 5768 dicat,
800 5705 1059 5772 ideoque,
1090 5699 1239 5771 quod
1271 5698 1418 5753 factu
1448 5714 1683 5767 pronum
1714 5708 1820 5763 est,

239 5802 298 5853 in
326 5795 740 5866 pronuntiando
756 5808 967 5848 errans.
1000 5792 1168 5847 Erant
1203 5790 1342 5844 inter
1375 5788 1599 5851 amicos,
1621 5788 1827 5858 quibus

242 5905 304 5943 sc
341 5888 690 5953 venditabat,
733 5886 955 5955 quidam
987 5884 1216 5941 Arabico
1251 5880 1420 5947 docti,
1450 5882 1541 5951 qui
1567 5880 1827 5936 dixerunt

1916 4702 2318 4770 pulet?Dicent
2353 4706 2500 4753 enim
2552 4716 2762 4764 omnes,
2820 4702 2950 4767 Qua:
2996 4704 3197 4756 tneruit
3256 4703 3481 4771 patitur,

1916 4793 2022 4846 hoc
2046 4793 2234 4856 voluit,
2270 4793 2451 4846 sciens
2480 4793 2832 4861 prudensqtte
2895 4794 2949 4846 in
2993 4794 3253 4847 damnum
3304 4794 3486 4845 incur-

1921 4882 2015 4944 rit,
2053 4882 2299 4935 stultitite
2335 4898 2448 4936 sua:
2480 4881 2734 4949 imputet.
2761 4880 3028 4935 Similiter
3060 4882 3223 4934 homo
3254 4897 3484 4949 corpore

1918 4971 2159 5033 infirmo,
2190 4972 2275 5024 cui
2310 4988 2435 5026 cum
2469 4974 2615 5027 clare
2641 4981 2829 5025 notum
2864 4973 2937 5027 sit
2969 4973 3194 5042 quinam
3239 4973 3340 5042 ipsi
3376 4974 3483 5026 cibi

1917 5061 2153 5130 prosint,
2187 5061 2392 5131 quique
2447 5076 2708 5126 noceant,
2745 5073 2927 5117 tamen
2984 5064 3106 5131 gula
3156 5064 3487 5133 praevalente
3557 5044 3592 5143 τ’

1919 5155 2102 5209 noxiis
2124 5170 2181 5209 se
2209 5155 2543 5224 ingurgitat,
2586 5171 2768 5210 nonne
2803 5155 2845 5209 si
2909 5156 3108 5211 deinde
3156 5157 3380 5210 morbus
3407 5157 3489 5209 in-
3570 5178 3581 5190 ι

1923 5254 2230 5315 gravescat,
2258 5246 2562 5315 culpabunt
2589 5262 2716 5302 eum
2764 5264 2977 5310 omnes,
3012 5258 3065 5301 et
3116 5249 3339 5301 meritas
3403 5248 3487 5301 in-

1925 5338 2298 5408 tetnperautim
2326 5337 2477 5391 luere
2505 5354 2694 5407 pinnas
2717 5340 2941 5395 dicent?
2972 5340 3120 5394 Talis
3154 5341 3378 5393 omnino
3407 5352 3491 5394 est

1923 5428 2010 5482 vir
2038 5430 2297 5483 eruditus
2323 5430 2527 5483 bonum
2550 5446 2577 5483 a
2620 5432 2760 5485 malo
2787 5432 3130 5497 discernens,
3171 5442 3227 5486 et
3286 5441 3489 5495 tamin,

1920 5521 2226 5588 postposito
2261 5521 2427 5583 bono,
2464 5522 2665 5575 malum
2720 5524 3038 5593 praeligens
3061 5542 3074 5589 ;
3098 5534 3153 5579 et
3186 5525 3313 5578 huic
3344 5524 3491 5578 enim

1926 5613 2246 5681 imputanda
2278 5616 2504 5669 omnino
2536 5624 2699 5669 erunt
2744 5631 2868 5685 qua:
2928 5616 3127 5671 deinde
3190 5627 3496 5688 sequentur

1924 5702 2126 5756 damna
2150 5718 2167 5767 ;
2192 5718 2291 5757 nec
2318 5705 2693 5770 miseratione,
2714 5706 2811 5761 sed
2840 5708 3268 5777 reprehensione
3297 5708 3496 5778 dignus

1924 5788 2054 5842 erit.
2092 5787 2148 5843 Si
2172 5790 2319 5844 enim
2353 5792 2459 5845 duo
2483 5794 2698 5861 quidam
2722 5795 2886 5850 simul
2913 5797 3155 5852 incidant
3182 5798 3236 5853 in
3261 5798 3496 5864 foveam,

1932 5896 2167 5950 quorum
2202 5882 2342 5938 alter
2377 5900 2557 5941 caecus
2595 5898 2752 5945 antea
2784 5889 2972 5957 fuerit,
3006 5891 3141 5947 alter
3164 5892 3323 5947 oculo
3344 5900 3498 5945 utro-
