4016 6520
333 415 464 484 1233

1203 420 1577 480 SPECIMEN
1623 413 2049 479 ΞᾹΡΙΕΝΤῐίΕ
2084 412 2438 474 INDORUM
2481 412 2638 472 VET.

3426 403 3559 466 1234

334 534 671 585 frumentum
701 531 755 585 in
791 530 935 584 dolio
960 531 1199 599 reposuit
1234 533 1285 585 in
1316 547 1424 600 quo
1450 539 1568 586 erat
1593 530 1777 600 prius;
1818 526 1901 581 di-
1928 527 1973 586 Α
2004 523 2199 580 deinde
2248 532 2305 577 ut
2337 521 2440 576 sibi
2475 522 2757 591 perquirat
2798 518 3164 574 necessarium
3217 517 3558 581 alimentum,

329 624 576 691 dicitque
611 623 837 676 minime
891 621 1294 690 desperandum
1347 622 1399 675 in
1454 622 1742 691 angustiis,
1797 636 1895 675 ex-

328 725 522 782 pertus
552 729 673 782 qua:
702 731 809 768 non
841 723 1128 781 acceperat
1184 714 1251 768 ab
1279 702 1491 774 amicis,
1524 729 1583 768 se
1616 730 1644 767 a
1676 713 1793 767 fure
1839 721 1892 765 et

328 808 486 861 hoste
518 808 865 860 ass-ccultum:
904 806 1060 875 cujus
1115 804 1278 859 etiam
1322 822 1389 858 ex
1419 820 1561 883 casu
1606 806 1895 863 intellexit.

328 915 439 951 non
463 914 582 951 esse
609 897 1037 967 aggrediendum
1071 898 1348 967 negotium
1375 898 1532 968 cujus
1582 898 1899 967 exploratus

329 1004 439 1041 non
470 988 544 1043 sit
571 988 775 1043 exitus.
1402 985 1404 988 ’

327 1104 454 1158 Car.
515 1105 623 1159 VII.
670 1134 740 1145 -—
783 1104 1087 1158 Ostenditur
1147 1120 1248 1157 non
1302 1121 1408 1158 esse
1459 1103 1809 1159 desistendum
1869 1120 1900 1153 a

406 1176 618 1237 labore;
666 1183 715 1228 et
772 1176 1067 1242 prudentia:
1118 1176 1286 1243 magis
1350 1176 1677 1230 innitendum
1738 1189 1897 1242 quam

403 1247 653 1313 fortuna.

401 1359 528 1414 Haec
553 1366 733 1415 tamen
764 1375 875 1415 non
902 1374 970 1416 eo
1017 1360 1297 1431 pertinent
1345 1368 1408 1414 ut
1440 1358 1637 1413 ﬁducia
1673 1373 1897 1414 casuum

328 1451 647 1520 huiusmodi
679 1450 1031 1505 fortuitorum
1063 1451 1345 1505 remittere
1377 1449 1703 1504 industriam
1736 1449 1900 1503 emit-

330 1554 557 1610 tereque
583 1551 835 1597 conatum
875 1543 1209 1607 debeamus;
1255 1541 1572 1596 haerendum
1618 1550 1703 1595 est
1750 1540 1897 1593 enim

329 1634 383 1686 in
416 1649 483 1686 eo
519 1633 664 1701 quod
719 1634 1044 1703 plerumque
1078 1632 1179 1698 ﬁt;
1222 1634 1361 1688 solet
1414 1642 1597 1687 autem
1654 1632 1900 1685 invenire

1999 616 2237 683 denique
2290 623 2349 666 ut
2418 624 2566 667 recte
2620 628 2743 667 cum
2804 611 3122 666 hominibus
3178 616 3561 662 conversetur.

2002 710 2269 763 Dixerunt
2294 708 2458 761 etiam
2493 706 2677 771 iidem,
2703 706 2979 759 hominem
3005 702 3246 759 desident
3279 711 3335 757 et
3369 703 3564 772 supine

2001 811 2285 859 securum,
2358 804 2563 849 temere
2632 794 2947 849 credentem
3031 794 3341 848 rationibus
3425 795 3566 847 male

2000 892 2425 951 cohaerentibus,
2477 904 2707 959 quarum
2762 887 3159 941 connexionem
3215 902 3370 939 mens
3446 885 3567 953 ejus

2006 985 2122 1052 ipsa
2174 999 2281 1035 non
2324 983 2523 1051 capiat,
2575 980 2807 1034 similem
2854 994 2973 1031 esse
3024 976 3229 1031 homini
3280 978 3565 1029 voluntate

2005 1076 2229 1142 prapria
2266 1074 2404 1126 duce
2458 1073 2509 1125 in
2556 1071 2723 1126 rebus
2757 1086 2877 1138 qua:
2925 1069 3032 1136 agit
3080 1068 3204 1122 vice
3257 1067 3568 1120 intellectus

2007 1167 2208 1225 utcuti,
2254 1164 2719 1232 persnadentique
2751 1162 2851 1214 sibi
2892 1176 3011 1229 quae
3039 1159 3140 1227 ipsi
3186 1160 3421 1228 placent,
3459 1159 3565 1212 etsi

2002 1272 2030 1310 a
2070 1258 2386 1311 veroaliena
2410 1256 2621 1309 easint.
2663 1256 2883 1309 Minime
2923 1263 3103 1308 autem
3125 1254 3281 1308 decet
3324 1252 3556 1322 pruden-

2005 1358 2112 1403 tem
2144 1349 2321 1403 virum
2358 1348 2583 1417 obsequi
2612 1362 2721 1401 suae
2743 1347 3035 1411 voluntati,
3074 1346 3374 1415 praesertim
3442 1360 3569 1399 cum

2000 1437 2297 1493 offensione
2323 1439 2552 1493 aliorum
2577 1455 2590 1503 ;
2618 1453 2795 1508 neque
2821 1437 3016 1491 leviter
3046 1430 3271 1490 credere
3304 1436 3574 1490 sermoni-

2000 1531 2106 1587 bus
2125 1532 2426 1593 hominum,
2459 1540 2737 1598 utcunque
2762 1545 2983 1584 veraces
3009 1529 3111 1599 ipsi
3135 1528 3444 1593 videantur,
3464 1528 3569 1582 nisi

2000 1622 2143 1676 ratio
2197 1622 2251 1675 in
2299 1622 2461 1675 dictis
2510 1622 2747 1676 eluceat.
2800 1620 2984 1686 Quare
3032 1622 3076 1675 si
3129 1621 3225 1690 qui
3266 1621 3572 1689 loquuntur

327 1726 422 1793 qni
454 1725 673 1793 qumrit.
714 1724 984 1790 Quocirca
1038 1726 1141 1779 etsi
1202 1724 1498 1793 aliquando
1551 1724 1758 1778 videris
1794 1722 1896 1777 ali-
1979 1714 2189 1784 ignavi
2229 1728 2292 1769 ac
2328 1713 2665 1784 negligentes
2702 1720 3019 1782 appaream,
3050 1712 3344 1783 άὶιίεθηιοτ
3376 1728 3574 1766 cave“-

329 1829 495 1882 qnem
517 1815 787 1869 invenisse
804 1815 932 1871 licet
956 1830 1063 1869 non
1088 1824 1375 1885 quaereret.
1398 1830 1465 1870 ne
1484 1816 1576 1870 tali
1600 1814 1750 1869 casui
1778 1824 1902 1869 tan-

332 1922 500 1974 quam
534 1906 631 1960 tibi
662 1921 880 1975 quoque
902 1915 1169 1961 eventuro
1196 1906 1457 1969 conﬁdas,
1486 1922 1623 1962 neve
1676 1904 1904 1960 recedas

330 1996 665 2051 acommuni
687 2014 790 2052 usu
820 1998 1135 2067 regulaque,
1189 1990 1602 2053 demonstranti:
1658 1997 1739 2053 sic
1788 1996 1904 2052 fere

333 2090 452 2142 fieri
485 2089 662 2143 solere
702 2098 761 2142 ut
794 2088 831 2143 ii
880 2089 1103 2143 demum
1165 2089 1451 2144 inveniant
1503 2089 1596 2159 qui
1628 2098 1901 2158 quaerunt.

332 2180 595 2235 Naturam
645 2194 776 2245 ergo
835 2193 1018 2232 rerum
1066 2186 1122 2232 et
1171 2180 1514 2248 negotiorum
1570 2178 1905 2249 perscrutari

331 2281 572 2337 Oportet,
603 2270 1001 2341 explorareque
1034 2270 1349 2341 diligenter,
1396 2271 1726 2341 comparatis
1749 2272 1908 2327 diffe-

335 2361 534 2414 rentiis
572 2368 867 2415 eventuum
897 2375 911 2423 ;
957 2374 1033 2421 ,ex
1086 2375 1258 2429 eaque
1293 2363 1700 2430 comparatione
1735 2362 1906 2416 ratio-

335 2444 575 2505 cinando
612 2450 815 2504 inferre
845 2464 951 2519 qua
982 2452 1069 2506 via
1099 2452 1333 2519 grassari
1357 2454 1424 2506 ad
1467 2452 1725 2522 quodque
1758 2468 1907 2507 asse-

332 2541 615 2611 quendum
645 2550 897 2610 Oporteat
923 2559 939 2607 ;
975 2554 1034 2596 ut
1058 2551 1113 2596 et
1155 2556 1221 2595 ex
1251 2541 1407 2597 bonis
1437 2558 1555 2612 qua:
1581 2544 1909 2611 contingunt

334 2632 622 2686 industriae
654 2632 955 2700 prudenter
992 2633 1262 2701 Operanti,
1297 2633 1665 2701 intelligamus
1693 2633 1823 2702 quid
1853 2642 1908 2687 et

332 2737 441 2787 qua
467 2721 555 2773 via
588 2720 1030 2790 persequendum
1069 2722 1159 2786 sit,
1199 2730 1254 2775 et
1280 2736 1344 2776 ex
1384 2722 1541 2776 malis
1571 2722 1623 2775 in
1658 2737 1779 2791 qua:
1808 2722 1906 2776 de-

334 2812 599 2865 labuntur
642 2810 916 2864 temerarii
965 2826 1333 2880 aggressores,
1370 2825 1729 2880 agnoscamus
1772 2811 1903 2880 quid

334 2905 492 2957 vitari
543 2906 854 2968 conveniat,
897 2919 964 2959 ne
990 2907 1042 2959 in
1090 2905 1285 2959 similia
1315 2905 1508 2960 damna
1542 2906 1904 2961 incurramus.

335 2997 449 3051 Nisi
481 2997 627 3051 enim
656 2998 725 3050 ita
776 2998 1073 3053 fecerimus
1124 2999 1331 3053 similes
1374 2999 1582 3053 erimus
1617 3000 1903 3065 columbae,

333 3105 479 3157 quae,
507 3091 639 3144 licet
666 3089 867 3145 viderit
900 3091 1079 3159 pullos
1101 3105 1231 3145 suos
1263 3091 1440 3146 occidi
1463 3107 1649 3146 coram
1679 3108 1759 3156 se,
1795 3109 1906 3147 non

2005 1806 2158 1871 dum,
2187 1821 2257 1861 ne
2292 1805 2345 1859 in
2373 1805 2731 1860 :vstitnatione
2759 1805 3109 1875 negotiorum
3135 1804 3570 1867 occurrentium,

2006 1906 2174 1966 atque
2226 1897 2280 1951 in
2325 1911 2509 1951 rerum
2555 1895 2915 1966 gerendarum
2961 1895 3163 1950 notitia
3200 1895 3570 1959 informanda,

2006 1988 2340 2044 testimoniis
2384 1989 2577 2042 talium
2611 1988 2937 2043 innitamur.
2970 1989 3178 2043 Prteter
3210 1989 3312 2042 ista
3349 1988 3573 2057 sapiens

2007 2081 2282 2135 monitum
2324 2090 2410 2135 est
2438 2098 2450 2134 :
2483 2080 2587 2145 Qui
2641 2079 2889 2135 studiose
2920 2080 3116 2150 satagit
3156 2080 3210 2134 in
3256 2090 3457 2134 conatu
3492 2082 3572 2134 rei

2007 2187 2129 2237 qua:
2166 2171 2284 2226 ﬁeri
2317 2187 2425 2226 non
2458 2179 2660 2242 potest,
2701 2181 2756 2228 et
2788 2173 3104 2227 inconsulto
3134 2173 3245 2227 ruit
3275 2174 3482 2243 impetu
3516 2174 3572 2227 in

2007 2273 2206 2320 metam
2245 2279 2356 2318 non
2396 2265 2708 2335 contiguam
2759 2264 3014 2320 humanae
3060 2266 3331 2328 facultati,
3377 2266 3575 2320 similis

2005 2363 2090 2411 est
2124 2356 2368 2412 currenti
2423 2366 2575 2411 extra
2627 2358 2793 2422 viam,
2822 2368 2970 2413 tanto
2997 2358 3201 2428 largius
3230 2359 3572 2422 ahérraturo,

2009 2458 2217 2518 quanto
2275 2450 2521 2504 velocius
2577 2451 2967 2506 contenderit:
3030 2452 3337 2521 comparari
3409 2454 3575 2507 etiam

2007 2550 2190 2611 potest
2223 2543 2430 2597 homini
2464 2545 2553 2598 cui
2585 2560 2710 2598 cum
2750 2544 2891 2599 forte
2922 2545 3131 2599 festuca
3174 2546 3318 2598 intra
3353 2534 3574 2599 oculum

2009 2632 2290 2697 inciderit,
2317 2635 2499 2704 pergit
2527 2650 2650 2690 eum
2685 2636 2995 2691 confricare
3028 2637 3209 2707 quoad
3242 2648 3571 2691 excrecetur.

2008 2724 2147 2779 lilud
2179 2741 2400 2795 quoque
2444 2727 2648 2783 habere
2696 2728 2804 2782 alte
2836 2728 3064 2782 infixum
3108 2729 3276 2782 menti
3319 2730 3579 2782 convenit

2009 2816 2288 2871 hominem
2319 2819 2627 2885 cordatum,
2657 2819 2798 2874 volvi
2825 2830 2976 2875 certa
3008 2821 3125 2889 lege
3160 2821 3311 2875 vices
3332 2830 3573 2882 mutuas.

2007 2920 2065 2967 et
2099 2912 2385 2967 verissime
2418 2927 2705 2981 passurum
2744 2913 2936 2967 eadem
2969 2930 3425 2983 unumquemque
3454 2930 3577 2983 qua:

2010 3002 2251 3069 fecerit;
2306 3004 2494 3073 itaque
2549 3006 2833 3060 attendere
2886 3006 2988 3060 sibi
3046 3006 3147 3075 ipsi
3215 3007 3418 3061 debere
3482 3008 3578 3077 qni

2012 3094 2212 3150 laedere
2247 3095 2415 3149 alium
2454 3104 2633 3165 parat,
2682 3105 3038 3167 statuereque
3071 3097 3298 3153 omnino
3329 3101 3577 3153 futurum

335 3180 543 3232 deserit
570 3179 749 3233 locum
780 3178 869 3233 tibi
922 3179 1317 3244 nidiﬁcaverat,
1352 3181 1446 3236 sed
1478 3199 1671 3238 rursus
1711 3186 1763 3238 in
1813 3200 1909 3239 eo-
1933 3216 1979 3276 ρ
2015 3196 2073 3242 ut
2132 3203 2230 3257 par
2264 3187 2366 3257 ipsi
2400 3188 2693 3243 referatur.
2731 3187 2888 3244 Unde
2930 3188 3284 3244 manifestum
3315 3200 3420 3245 est.
3450 3205 3578 3243 eum

336 3272 461 3323 dem
489 3286 589 3325 ova
614 3271 791 3339 ponit,
820 3270 998 3340 iisque
1028 3272 1273 3336 incubat,
1309 3274 1486 3329 donec
1523 3284 1578 3329 et
1610 3276 1724 3337 ipsa
1752 3285 1908 3346 capta

338 3371 630 3418 mactetur.
656 3364 833 3420 Decet
856 3365 1024 3434 igitur
1040 3364 1324 3419 hominem
1358 3368 1658 3422 intuentem
1681 3383 1908 3438 scopum

338 3455 479 3508 viam
529 3456 593 3509 ad
661 3471 786 3512 cum
844 3466 1052 3512 rectam
1097 3458 1322 3527 eligere,
1380 3460 1597 3529 sibique
1646 3462 1908 3516 terminos

338 3546 640 3616 prtrtigere,
676 3547 819 3602 ultra
853 3563 991 3617 quos
1027 3564 1136 3603 non
1163 3560 1421 3619 evagetur
1449 3591 1464 3615 ,
1490 3566 1732 3620 curaque
1755 3553 1908 3623 vigili

340 3631 393 3684 in
417 3648 516 3687 usu
535 3648 596 3687 ac
616 3643 843 3691 tractatu
868 3637 1209 3706 negotiorum
1231 3639 1523 3703 excubare,
1541 3649 1910 3711 prattereaque

341 3724 509 3787 scire,
535 3741 751 3781 omnem
784 3727 1064 3783 hominem
1098 3731 1191 3799 qui
1229 3730 1414 3785 labore
1446 3745 1610 3801 atque
1638 3732 1911 3789 industria

338 3815 683 3870 contendens
721 3816 776 3869 in
800 3816 1047 3871 futurum
1088 3820 1345 3883 consulit,
1390 3821 1676 3877 commode
1730 3824 1911 3881 victu-

340 3921 503 3969 rum;
577 3907 669 3975 qui
723 3923 853 3962 vero
909 3920 1233 3978 [ll‘EBSBlllcm
1302 3920 1509 3965 tantum
1564 3922 1619 3967 ct
1688 3914 1909 3970 labilem

342 3996 634 4050 utilitatem
666 3998 948 4052 laboribus
980 4002 1094 4055 suis
1124 4010 1325 4071 captat,
1386 4003 1441 4058 in
1495 4005 1769 4059 miseriam
1829 4007 1911 4063 la—

342 4100 588 4153 psurum;
622 4100 787 4157 porro
810 4087 903 4156 qui
934 4088 985 4141 in
1010 4099 1241 4158 utroque
1276 4092 1639 4160 contenderit,
1659 4096 1737 4150 sic
1769 4112 1910 4165 prae-

340 4183 554 4229 sentem
623 4176 865 4231 fructutn
947 4190 1177 4249 captans
1240 4190 1321 4234 ut‘
1378 4182 1620 4255 futuram
1691 4202 1907 4256 quoque

342 4268 633 4322 utilitatem
667 4285 967 4338 procurare
1028 4287 1139 4325 non
1198 4273 1448 4339 desinat,
1506 4290 1631 4330 eum
1681 4285 1736 4330 et
1783 4278 1909 4331 vitae

341 4360 646 4413 commodis
678 4378 785 4417 non
821 4364 1147 4429 cariturum,
1190 4373 1245 4421 et.
1282 4367 1511 4434 ,laudem
1572 4368 1911 4440 gloriamque

343 4452 700 4520 adepturum.

2012 3279 2105 3349 qui
2132 3280 2372 3335 amicum
2404 3282 2737 3336 contristare
2762 3296 2873 3335 non
2923 3280 3142 3336 dubitat
3172 3283 3385 3353 ingrato
3411 3283 3578 3344 facto,

2012 3370 2123 3425 sibi
2162 3385 2367 3425 nocere
2417 3370 2543 3439 ipsi,
2600 3380 2657 3425 et
2708 3372 2763 3424 in
2820 3380 2987 3441 caput
3046 3373 3332 3441 proprium
3370 3381 3580 3441 pestem

2011 3461 2648 3516 accersere.Extremum
2676 3462 2841 3533 hujus
2873 3463 3217 3520 Praefationis
3245 3474 3580 3535 praeceptum

2011 3561 2171 3606 esto:
2205 3555 2301 3622 qni
2335 3553 2549 3607 accedit
2585 3554 2650 3609 ad
2704 3541 2871 3625 hujus
2925 3555 3052 3611 libri
3101 3557 3418 3620 lectionem,
3470 3574 3577 3611 non

2012 3643 2218 3700 cursim
2248 3646 2687 3713 praetervehitor,
2727 3648 2821 3702 sed
2882 3648 3032 3703 lente
3081 3664 3144 3703 ac
3180 3648 3580 3704 meditabunde

2010 3737 2341 3807 perpendito
2358 3738 2571 3808 singula
2596 3754 2609 3802 ;
2638 3754 2763 3793 nam
2793 3740 3195 3795 considerando
3225 3752 3281 3796 et
3310 3742 3587 3809 profunde

2015 3832 2374 3900 penetrando,
2424 3832 2603 3885 latens
2648 3832 2751 3885 sub
2784 3831 3045 3902 symbolis
3094 3847 3345 3900 eruetur,
3407 3845 3463 3889 et
3523 3835 3579 3887 in

2013 3921 2252 3974 fructum
2283 3921 2545 3989 prodibit,
2589 3922 2821 3975 utilitas.
2853 3922 2977 3976 Haec
3012 3922 3308 3977 habuimus
3331 3923 3383 3977 in
3418 3934 3578 3977 antc-

2013 4027 2230 4065 cessum
2283 4014 2647 4083 suggerenda,
2680 4013 2881 4083 quibus
2913 4015 3065 4068 velut
3098 4015 3446 4070 initiaremus
3469 4018 3584 4087 jam

2014 4121 2043 4157 a
2090 4105 2368 4161 vestibulo
2422 4106 2771 4176 ingressuros
2839 4107 2894 4161 in
2968 4108 3337 4177 cognitionem
3422 4110 3585 4180 hujus

2013 4196 2195 4265 operis
2216 4239 2230 4260 ,
2263 4197 2410 4268 quod
2434 4214 2558 4252 cum
2583 4199 2883 4255 viderimus
2903 4201 3037 4255 tanti
3066 4200 3315 4257 habitum
3348 4218 3376 4256 a
3400 4204 3595 4261 Persis.

2016 4297 2075 4341 ut
2126 4288 2259 4342 illud
2310 4304 2377 4344 ex
2413 4290 2601 4345 Indico
2661 4291 2922 4347 idiomate
2979 4292 3035 4346 in
3094 4308 3256 4347 suum
3302 4292 3581 4349 Persicum

2015 4380 2404 4447 transferrent,
2446 4397 2547 4437 nos
2578 4399 2798 4452 quoque
2831 4385 3226 4440 elaborandum
3267 4388 3584 4457 putavimus

1945 4515 1986 4566 ι)
2016 4479 2075 4523 ιιι
2101 4482 2289 4525 nostra
2317 4487 2485 4542 opera
2513 4472 2687 4529 Graaci
2712 4485 2986 4532 nostrates
3011 4477 3142 4531 illud
3158 4490 3582 4547 cognoscerent.

414 4542 541 4598 CAP.
584 4544 1148 4639 Ἧιιῖᾐῖρλιξιιτιξξιιηρ
1180 4551 1310 4639 otia.
1349 4556 1548 4639 monita
1599 4554 1806 4611 utilia:
1861 4570 1908 4610 et
1948 4542 1986 4566 υ
2024 4563 2255 4633 haecque
2306 4565 2380 4619 illi
2423 4566 2573 4620 velut
2600 4568 2847 4637 quaedam
2880 4570 3139 4638 praeludia
3170 4542 3582 4639 praetexuimus,

699 4618 960 4671 conclusio
997 4619 1335 4691 Prwfationis
1370 4626 1548 4695 hujus.

414 4730 651 4786 Edatum
701 4743 757 4788 et
798 4736 900 4789 hoc
954 4738 1260 4805 sapientum
1316 4749 1420 4802 est,
1496 4760 1600 4798 tria
1671 4746 1906 4799 tenenda

343 4823 554 4878 homini
602 4841 758 4881 esse:
804 4828 1040 4897 primum
1096 4839 1155 4883 ut
1196 4829 1355 4887 fidem
1408 4848 1558 4890 suam
1611 4838 1906 4899 custodiat.

2016 4658 2223 4725 quibus
2274 4660 2341 4713 ad
2379 4659 2597 4715 facilius
2651 4660 3065 4733 percipiendam
3097 4677 3161 4716 cx
3186 4679 3253 4720 eo
3288 4665 3581 4727 utilitatem

2018 4758 2394 4818 pra'parentur
2410 4751 2666 4809 lectores.

1502 5060 2165 5127 PROLEGOMENON
2224 5065 2330 5126 Ill.

503 5176 804 5255 Praefatio
838 5178 1090 5241 Perzois
1137 5180 1386 5254 medici,
1419 5185 1524 5263 qui
1557 5183 1717 5245 hunc
1760 5184 1989 5248 librum
2017 5207 2093 5247 ea:
2123 5185 2341 5266 lingua
2374 5187 2595 5249 Indica
2647 5190 2711 5248 in.
2744 5191 3056 5251 Persicam
3088 5197 3419 5254 convertit.

345 5308 471 5362 ΟΜ».
517 5308 557 5360 1.
594 5337 660 5346 -
707 5305 918 5359 Peneis
949 5323 1135 5377 genus,
1179 5318 1348 5375 ortus,
1393 5312 1655 5375 educatio,
1684 5314 1902 5369 studia:

417 5389 469 5429 ut
494 5377 581 5430 ille
606 5378 1262 5454 mediciureprofessionem
1286 5398 1392 5449 pra:
1433 5384 1635 5449 «cteris
1671 5385 1893 5454 elegerit

416 5464 619 5517 quoque
646 5457 798 5515 pacto
834 5450 899 5500 sit
931 5452 982 5500 in
1025 5449 1120 5502 illa
1155 5459 1414 5505 versatus.

418 5586 564 5639 Dixit
588 5587 819 5640 Perzoes
851 5586 1106 5656 princeps
1137 5588 1477 5643 medicorum
1512 5592 1655 5659 apud
1686 5592 1903 5659 Persas,

348 5676 443 5745 qni
476 5688 531 5731 et
556 5678 703 5731 hunc
726 5678 929 5731 librum
948 5694 1014 5734 ex
1033 5679 1223 5733 Indico
1246 5664 1510 5737 idiomate
1539 5684 1595 5737 in
1616 5685 1905 5739 Persarum

349 5770 592 5839 linguam
626 5771 939 5825 transtulit:
969 5772 1106 5824 dixit
1133 5781 1317 5826 autem
1342 5774 1407 5827 de
1430 5789 1491 5827 se
1511 5774 1629 5844 ipso
1644 5792 1765 5845 qum
1800 5777 1905 5832 sibi

353 5877 382 5913 a
414 5876 586 5929 puero
621 5861 973 5929 contigerint,
1012 5861 1213 5930 quibus
1245 5863 1551 5929 disciplinis
1583 5865 1907 5921 informatus

2004 5315 2193 5379 fuerit,
2212 5315 2412 5384 quidve
2432 5316 2558 5369 boni
2581 5316 2774 5371 fecerit
2796 5318 2849 5370 in
2878 5320 3004 5385 vita,
3026 5337 3290 5376 exercens
3312 5321 3579 5377 medicam

2010 5417 2184 5462 artem
2229 5417 2349 5476 post
2380 5424 2539 5461 suum
2576 5425 2638 5461 ex
2668 5409 2814 5464 fndis
2866 5410 2933 5482 ad
2965 5412 3158 5467 Persas
3212 5414 3448 5469 reditum
3478 5433 3491 5480 ;
3525 5426 3583 5470 ct

2013 5508 2075 5553 ut
2116 5499 2417 5552 honoratus
2452 5500 2617 5553 fuerit
2649 5516 2675 5552 a
2700 5517 2823 5570 rege
2857 5501 3123 5558 Chosroc.
3183 5507 3327 5560 Dixit
3396 5518 3581 5561 autem

2017 5592 2142 5647 sic:
2196 5591 2321 5646 Fuit
2372 5602 2529 5659 pater
2593 5609 2749 5647 meus
2799 5611 2867 5647 ex
2919 5595 3232 5652 illustribus
3292 5600 3581 5667 militibus;

2020 5693 2195 5739 mater
2225 5698 2354 5737 vero
2390 5698 2508 5737 mea
2546 5699 2609 5739 ex
2646 5685 2861 5740 filiabus
2892 5702 3207 5758 magnorum
3242 5701 3295 5744 et
3324 5701 3577 5759 praestan-

2023 5780 2158 5830 tium
2186 5785 2571 5844 satraparum:
2613 5788 2669 5831 ct
2698 5779 2869 5847 gratia
2896 5778 2991 5832 Dei
3025 5782 3196 5835 nostri
3232 5781 3307 5835 fui
3341 5784 3408 5835 ab
3454 5782 3585 5850 ipsis

2020 5874 2235 5919 amatus
2266 5874 2319 5918 et
2354 5865 2658 5923 honoratus
2712 5884 2876 5935 supra
2930 5885 3121 5926 omnes
3176 5870 3369 5926 fratres
3411 5886 3581 5928 meos.
