4016 6574
487 423 624 487 1'235

1901 427 2142 486 APPEN
2155 425 2302 488 DlX.

3583 421 3729 489 1236

483 541 744 598 Traditus
777 549 960 596 autem
1002 540 1278 610 magistris
1313 556 1431 596 sum
1467 549 1527 596 ut
1562 540 1834 596 discerem
1869 551 2042 597 artem
2075 549 2118 606 Α
2149 541 2329 607 nihil;
2364 539 2476 596 haec
2522 540 2672 596 enim
2703 540 2834 594 vilia
2884 548 2942 595 et
2989 539 3149 594 nihili
3201 539 3357 594 stulti
3388 538 3590 608 (Qualis
3615 553 3725 610 ego

483 633 918 704 grammaticam,
951 633 1111 702 cujus
1155 641 1338 702 partes
1365 649 1558 688 omnes
1615 633 1862 702 percurri
1898 648 2047 689 com-

484 721 862 792 prehendique
914 735 1125 792 septem
1180 723 1378 786 annis;
1440 731 1497 778 et
1556 725 1666 794 jam
1724 725 2046 780 existimans

483 815 797 883 percepisse
828 829 915 869 me
947 816 1084 870 satis
1121 816 1394 870 elementa
1443 816 1534 870 illa
1585 817 1783 885 prima,
1836 816 1946 872 dixi
1977 817 2045 871 ad

484 921 570 960 me
604 907 778 974 ipsum
805 923 819 960 :
843 905 1110 972 Quatuor,
1130 917 1191 961 ut
1215 907 1510 968 video,res
1528 917 1658 962 sunt
1687 923 1825 977 quas
1851 923 2047 963 omnes

484 996 738 1050 homines
787 999 1416 1067 sequunturf’studentes
1463 999 1730 1070 adipisci;
1783 1016 1880 1056 cas
1933 1001 2048 1055 sin-

484 1089 713 1156 gillatim
769 1089 1128 1145 considerare
1176 1106 1263 1145 me
1316 1100 1539 1160 oportet
1590 1093 2045 1163 perpendereque

483 1197 548 1236 ac
583 1181 898 1237 discernere
953 1198 1418 1254 unamquamque,
1466 1185 1654 1255 sicque
1707 1187 2044 1240 constituere

483 1289 605 1342 quze
633 1275 704 1328 sit
756 1275 985 1343 optima,
1045 1285 1105 1329 ut
1157 1276 1304 1329 illam
1343 1291 1662 1346 persequar.
1718 1276 1860 1331 Sunt
1913 1290 2045 1344 ergo

484 1367 590 1422 illae
623 1378 858 1436 quatuor
884 1383 1007 1425 res:
1041 1369 1221 1436 prima
1243 1368 1545 1437 opulentia,
1576 1369 1748 1422 altera
1773 1368 2043 1436 voluptas,

485 1458 645 1510 tertia
687 1467 952 1526 potestas,
1009 1466 1289 1527 postrema
1345 1472 1554 1513 merces
1588 1462 1703 1513 sive
1763 1460 2046 1527 praemium

483 1564 690 1618 operat.
741 1551 808 1604 Et
855 1549 1078 1620 quidem
1135 1549 1282 1618 quod
1337 1549 1404 1604 ad
1461 1550 1767 1605 mercedem
1829 1549 2044 1613 attinet,

485 1640 650 1711 hujus
677 1641 874 1711 ampla:
907 1651 962 1695 et
987 1640 1223 1709 copiosa:
1255 1655 1503 1712 magnam
1534 1657 1686 1710 spem
1739 1642 2048 1696 ostentabat

484 1733 752 1802 professio
777 1733 914 1787 artis
941 1731 1207 1797 medicae;
1245 1748 1371 1786 nam
1422 1733 1568 1787 illam
1616 1734 1725 1803 jam
1774 1734 2046 1803 elegerant

484 1826 700 1880 caeteris
745 1826 1064 1896 praeferens,
1097 1841 1165 1882 eo
1198 1825 1346 1896 quod
1392 1825 1603 1880 laudari
1667 1827 1813 1880 illam
1843 1843 1870 1881 a
1912 1843 2046 1896 pru-

485 1917 747 1971 dentibus
781 1918 1038 1973 omnibus
1068 1919 1337 1982 viderem.
1366 1928 1421 1972 et
1452 1919 1594 1987 apud
1625 1927 1856 1973 cunctos
1889 1932 2047 1985 teque

484 2008 665 2062 omnis
694 2019 859 2064 sectae
896 2025 959 2064 ac
989 2010 1271 2080 religionis
1299 2010 1547 2065 homines
1583 2011 1637 2065 in
1673 2011 1878 2065 honore
1902 2024 2044 2064 esse.

488 2101 855 2171 Reperiebam
907 2112 1089 2157 autem
1142 2104 1194 2157 in
1231 2103 1384 2157 libris
1428 2104 1712 2157 medicinae
1761 2103 2046 2158 scientiam

497 2194 860 2258 tradentibus,
883 2193 1213 2249 laudabilem
1232 2195 1284 2249 in
1311 2196 1506 2265 primis
1522 2211 1642 2251 esse
1671 2197 1765 2264 qui
1791 2195 2046 2250 medendi

465 2285 800 2344 facultatem
830 2301 1149 2354 comparare
1178 2286 1282 2342 sibi
1315 2288 1555 2351 studeat,
1585 2299 1878 2357 propterea
1903 2288 2047 2356 quod

483 2392 601 2431 eam
627 2377 848 2431 atl‘ectet
866 2387 1038 2432 artem
1065 2377 1152 2431 cui
1173 2378 1491 2438 quotidiana
1512 2378 1798 2446 proveniat
1817 2392 2046 2432 merces.

483 2469 561 2524 Eo
596 2484 912 2538 persuasus,
941 2478 996 2523 et
1029 2469 1132 2523 hac
1161 2485 1256 2538 spe
1293 2469 1532 2533 illectus,
1559 2471 1715 2524 istam
1749 2469 2049 2538 professio-

486 2577 612 2615 nem
671 2563 890 2615 cunctis
947 2561 1076 2614 aliis
1131 2561 1368 2630 praetuli,
1425 2577 1532 2616 non
1589 2563 1777 2630 utique
1829 2571 2050 2631 propter

485 2652 878 2721 temporariam
927 2652 1262 2714 mercedem,
1320 2653 1415 2706 sed
1461 2662 1687 2722 propter
1745 2663 2046 2718 mternam;

481 2761 550 2797 ne
570 2743 709 2796 forte
729 2743 928 2796 similis
953 2743 1054 2796 sim
1084 2743 1375 2797 mercatori
1414 2743 1703 2807 damnoso,
1733 2743 2049 2813 quihahens

488 2834 844 2904 hyacintbum
900 2834 1139 2902 ingentis
1207 2834 1396 2904 pretii,
1453 2849 1563 2902 quo
1621 2850 1729 2888 uno
1795 2843 2048 2903 potuerat

483 2926 637 2979 dives
662 2925 801 2990 fieri,
835 2927 1171 2994 permutavit
1199 2927 1352 2980 illum
1385 2942 1554 2996 grano
1585 2927 1714 2980 mali
1763 2925 1944 2995 punici
1981 2925 2048 2979 ad

483 3020 619 3072 nihil
678 3019 820 3072 utili.
871 3018 1130 3088 Comperi
1173 3036 1368 3075 rursus
1402 3023 1666 3090 quaerenti
1727 3037 1824 3090 per
1887 3022 2046 3077 istam

479 3111 881 3180 professionem
913 3111 1223 3166 mercedem
1275 3120 1559 3178 aeternam,
1586 3128 1694 3166 non
1727 3111 2046 3168 defuturum

2150 632 2296 702 sum)
2328 641 2739 702 persequuntur
2764 641 3044 688 etamant.
3075 632 3374 702 Quousque
3407 645 3516 686 non
3540 631 3723 702 fugies

2151 734 2530 780 momentanea
2551 726 2573 779 ?
2593 740 2703 780 non
2737 740 2954 796 quaeres
2982 725 3319 795 sempiterna
3341 726 3366 777 ?
3400 739 3512 778 non
3539 738 3718 792 parvo

2148 817 2260 871 eris
2288 825 2546 872 contenta
2602 817 2658 872 in
2694 817 3012 872 necessario
3052 815 3360 870 alimento?
3390 830 3500 868 non
3535 815 3719 883 impe-

2151 907 2301 962 rabis
2329 908 2426 963 tibi
2460 907 2513 962 in
2537 917 2763 962 strenua
2787 909 3131 962 exhibitione
3166 907 3434 960 bonorum
3459 921 3718 974 operum,

2149 998 2534 1072 contendendo
2595 998 2649 1052 in
2706 998 2793 1052 his
2845 1006 3111 1067 quantum
3166 996 3719 1067 poterislhiemento

2150 1081 2316 1160 porro
2347 1091 2767 1160 compositionis
2817 1092 2897 1145 tui
2934 1091 3203 1160 corporis,
3247 1099 3302 1144 et
3335 1073 3539 1158 quibus
3575 1086 3716 1141 illud

2149 1184 2371 1239 casibus
2401 1185 2472 1237 sit
2492 1184 2811 1239 obnoxium.
2843 1185 3153 1238 Recordare
3198 1183 3407 1237 luteum
3447 1182 3595 1235 istud
3623 1195 3720 1232 vas

2149 1277 2448 1332 conflatum
2480 1292 2602 1332 esse
2639 1293 2706 1332 ex
2752 1287 2991 1348 quatuor
3037 1277 3361 1330 humoribus
3401 1276 3547 1329 inter
3600 1287 3722 1327 sese

2148 1371 2542 1441 pugnantibus,
2581 1387 2818 1440 quorum
2864 1372 2998 1426 illud
3035 1371 3215 1440 ipsum
3269 1379 3550 1424 certamen
3608 1367 3717 1420 vita

2149 1461 2389 1517 humana
2447 1472 2739 1532 est;qna:
2796 1463 3020 1532 quidem
3099 1465 3210 1516 vita
3272 1462 3386 1515 cito
3448 1461 3717 1530 praeterit,

2149 1556 2352 1626 quippe
2380 1556 2580 1610 similis
2609 1566 2804 1612 statua:
2839 1555 3155 1628 compactili
3198 1569 3265 1609 ex
3303 1553 3493 1607 multis
3546 1552 3720 1621 parti-

2150 1648 2254 1702 bus
2286 1648 2431 1704 inter
2454 1664 2574 1704 sese
2602 1649 2914 1703 commissis
2939 1663 3033 1716 per
3057 1648 3243 1702 clavos
3273 1645 3489 1705 inﬁxos.
3516 1644 3719 1712 quibus

2149 1743 2357 1798 avulsis
2392 1743 2628 1798 solvitur
2677 1750 2900 1804 statua;
2951 1741 3032 1796 sic
3082 1756 3140 1795 se
3198 1739 3364 1795 habet
3411 1739 3717 1791 humanum

2149 1847 2348 1901 corpus
2366 1834 2629 1902 temperie
2656 1839 3098 1903 coagmentatum
3123 1827 3382 1898 quadam,
3406 1840 3534 1895 qute
3555 1823 3719 1878 simul

2150 1923 2401 1988 deﬂuxit,
2435 1925 2610 1994 ipsum
2630 1935 2879 1979 remanet
2903 1931 3202 1976 mortuum.
3237 1919 3358 1974 Noli
3396 1932 3589 1972 errare
3618 1929 3719 1968 nec

2150 2014 2358 2085 imponi
2390 2016 2486 2070 tibi
2543 2015 2712 2081 sinas,
2765 2016 3010 2071 oanima
3071 2027 3208 2074 mea,
3247 2011 3405 2079 quasi
3463 2021 3716 2077 magnum

2149 2109 2274 2163 vitae
2305 2108 2529 2172 bonum,
2564 2119 2621 2164 et
2655 2123 2755 2178 pro
2804 2124 2916 2177 quo
2947 2117 3158 2162 certare
3189 2106 3255 2159 ad
3281 2112 3592 2157 extremum
3639 2099 3720 2152 di-

2149 2215 2314 2270 gnum
2345 2201 2436 2263 sit,
2463 2201 2763 2268 repositum
2789 2198 2964 2253 videri
3002 2196 3196 2252 debeat
3235 2196 3286 2248 in
3313 2192 3716 2249 consuetudine

2151 2292 2431 2360 tutelaque
2479 2291 2728 2360 gravium
2771 2300 2825 2345 et
2903 2291 3209 2360 potentium
3265 2289 3601 2345 amicorum,
3663 2285 3712 2337 in

2144 2381 2394 2452 jucunde
2419 2381 2812 2445 contubernio,
2837 2389 2891 2435 et
2909 2379 3352 2435 confabulatione
3381 2375 3714 2445 elegantium

2150 2473 2604 2538 adulescentum;
2655 2487 2780 2526 nam
2836 2473 3032 2526 horum
3095 2472 3340 2524 omnium
3405 2466 3716 2536 frequentia

2150 2565 2429 2620 modicum
2479 2564 2690 2635 gaudii,
2720 2565 2952 2618 multum
2982 2563 3190 2617 doloris
3233 2573 3431 2624 creat;
3468 2559 3581 2611 imo
3606 2558 3718 2625 ple-

2151 2672 2385 2725 rumque
2413 2657 2464 2710 in
2497 2657 2682 2710 odium
2711 2666 2766 2710 et
2801 2656 3000 2710 bellum
3037 2654 3262 2708 desinit.
3291 2651 3446 2718 Quod
3480 2652 3554 2703 ita
3576 2663 3712 2713 esse,

2152 2748 2244 2801 ubi
2278 2756 2328 2800 te
2365 2763 2552 2801 ausam
2591 2745 2833 2814 experiri
2885 2752 3118 2798 eventus
3162 2743 3432 2803 docuerit,
3472 2739 3717 2809 profecto

2153 2839 2260 2894 icta
2286 2840 2486 2893 damno
2528 2838 2848 2908 improSperi
2874 2851 3180 2897 successus,
3221 2833 3576 2889 succensebis
3627 2829 3713 2883 isti

2149 2932 2504 3000 experientiae
2525 2949 2541 2995 ;
2561 2929 2925 2997 similiterque
2953 2927 3120 2982 facies
3142 2936 3200 2980 ut
3221 2926 3311 2994 qui
3340 2924 3422 2978 usi
3438 2920 3714 2976 cochleari

2152 3024 2219 3076 ad
2261 3039 2482 3092 sapores
2518 3021 2829 3092 probandos
2852 3020 3193 3090 jusculorum
3219 3027 3312 3070 aut
3345 3015 3713 3069 sorbitionum

2152 3117 2483 3178 oblatarum,
2506 3116 2548 3169 si
2580 3115 2881 3184 cnjuspiam
2919 3126 3112 3165 eorum
3168 3109 3450 3164 amarities
3477 3107 3714 3175 linguam

481 3202 785 3272 quidquam
817 3219 996 3272 neque
1043 3203 1096 3257 in
1133 3204 1234 3256 hoc
1285 3204 1486 3257 satculo
1520 3219 1698 3272 neque
1734 3205 1787 3256 in
1824 3205 2047 3265 futuro;
2078 3216 2119 3272 ο
2153 3205 2532 3266 momorderit,
2557 3203 2998 3258 aversabundiet
3020 3202 3216 3256 olIensi
3240 3207 3540 3266 corrugato
3562 3212 3712 3255 naso.

479 3294 574 3347 sed
605 3307 938 3348 eventurum
989 3295 1091 3365 ipsi
1143 3294 1286 3348 idem
1325 3295 1470 3364 quod
1504 3294 1756 3364 agricola:
1790 3294 2046 3370 purganti

479 3384 772 3454 diligenter
825 3401 1017 3456 agrum
1076 3402 1238 3440 suum
1292 3396 1349 3440 et
1405 3396 1632 3440 strenue
1681 3386 1907 3448 colenti,
1959 3385 2050 3440 cui

479 3490 604 3527 cum
662 3484 718 3529 et
771 3475 959 3529 fenum
1025 3483 1079 3528 et
1137 3475 1378 3530 triticum
1413 3475 1540 3530 inde
1583 3478 1888 3543 proveniat,
1940 3491 2048 3530 non

483 3577 663 3618 tamen
703 3566 795 3620 ille
840 3575 1067 3636 prepter
1098 3565 1284 3620 fenum
1347 3567 1637 3632 laborant,
1691 3567 1784 3620 sed
1822 3577 2048 3636 propter

480 3658 747 3713 triticum.
780 3659 931 3728 (ἰωρὶ
969 3673 1098 3728 ergo
1137 3658 1321 3712 statim
1384 3673 1580 3713 curare
1629 3659 1882 3713 infirmos
1923 3676 2049 3728 pro-

480 3761 602 3819 pter
653 3752 968 3804 mercedem
1005 3761 1292 3814 :eternam,
1349 3761 1404 3805 et
1441 3752 1754 3808 medicabar
1783 3752 2048 3821 quosdam

477 3843 702 3914 quidem
757 3844 1071 3913 cltirnrgiea
1105 3859 1273 3914 opera
1325 3844 1567 3912 propriis
1598 3844 1854 3898 manibus
1882 3860 1896 3909 ;
1927 3843 2051 3898 aliis

477 3935 652 3987 verbo
677 3934 1124 4003 praescribebam,
1162 3934 1391 4003 praeberi
1419 3935 1620 4004 jubens
1650 3934 2050 3988 medicamenta

478 4026 894 4087 convenientia,
936 4043 1039 4080 nec
1074 4025 1389 4095 quaerebam
1448 4026 1757 4085 mercedem
1817 4027 1988 4082 aliam,
2019 4041 2049 4079 a

476 4138 752 4192 quoquam
783 4121 888 4177 nisi
949 4121 1166 4183 laudem
1213 4137 1245 4176 a
1280 4120 1556 4174 similibus
1588 4120 1716 4180 mei,
1753 4129 1847 4173 aut
1882 4119 2047 4172 etiam

477 4213 834 4278 clarioribus,
872 4224 925 4268 et
962 4213 1134 4282 magis
1171 4211 1477 4275 honoratis,
1511 4211 1792 4280 magisque
1823 4210 2050 4278 opulen-

480 4309 549 4360 tis
569 4347 585 4372 ,
613 4307 746 4360 nihil
775 4292 1100 4375 exspectans
1126 4312 1220 4358 aut
1248 4312 1475 4374 captans
1520 4303 1689 4368 aliud,
1745 4302 1849 4360 nisi
1893 4311 1947 4355 ut
1981 4301 2050 4356 ab

477 4399 612 4470 ipsis
640 4401 721 4452 vir
755 4399 934 4461 bonus
972 4399 1136 4454 verbo
1167 4408 1224 4451 et
1258 4413 1423 4467 opere
1440 4397 1704 4454 'haberer.

475 4513 606 4568 Car.
639 4510 705 4566 ll.
751 4511 967 4592 Perseis
996 4511 1290 4594 admonitio
1321 4513 1390 4594 af!
1425 4515 1659 4566 animum
1681 4528 1836 4567 suam
1896 4521 2052 4566 trait.

899 4591 1090 4641 πίοι-ζα
1143 4591 1614 4650 concupiscentem.

551 4670 994 4742 Concupisccbat
1019 4682 1202 4726 autem
1255 4675 1436 4726 animo
1470 4690 1588 4727 mea
1646 4689 1735 4728 res
1761 4673 1954 4728 labiles
1987 4689 2050 4728 ac

479 4763 688 4825 fluxas;
721 4778 822 4831 ego
855 4774 1039 4817 autem
1074 4764 1127 4817 in
1163 4765 1506 4818 contrarium
1571 4764 1751 4818 nitens
1781 4764 2045 4818 admone-

480 4856 604 4909 bam
663 4856 879 4925 ipsam:
923 4856 1043 4911 Non
1102 4857 1383 4926 intelligis,
1422 4856 1700 4925 inquiens,
1755 4872 1788 4910 0
1845 4857 2052 4923 anima,

478 4951 663 5004 futura
699 4965 766 5004 ea
823 4965 944 5004 esse
981 4967 1102 5019 qua:
1134 4965 1263 5005 vere
1316 4958 1568 5020 prosunt,
1603 4966 1710 5006 non
1775 4949 1879 5003 ista
1917 4965 2053 5018 prte-

482 5046 682 5097 sentia.
713 5034 1010 5112 Quousque
1042 5059 1150 5095 non
1183 5043 1326 5111 fugis
1353 5042 1590 5096 humiles
1643 5043 1805 5096 hasce
1831 5041 2052 5096 reculas

477 5153 600 5205 quae
643 5135 900 5205 gaudium
936 5150 1126 5188 verum
1161 5134 1275 5187 suis
1308 5132 1717 5200 possessoribus
1753 5149 1862 5186 non
1887 5150 1894 5157 '
1919 5131 2051 5185 affe-

480 5239 632 5293 runt,
698 5229 793 5282 sed
855 5228 926 5282 iis
972 5226 1157 5295 potius
1213 5241 1410 5295 graves
1465 5225 1748 5279 incutiunt
1805 5225 2048 5288 dolores,

478 5322 871 5389 molestiasque
923 5333 988 5372 ae
1019 5318 1408 5372 tribulationes
1459 5324 1672 5380 creant,
1717 5331 1828 5370 non
1874 5319 2052 5373 evita-

478 5413 571 5467 bili
611 5413 980 5473 subductione
1013 5410 1122 5469 sui,
1153 5410 1219 5463 ad
1251 5418 1560 5463 extremum
1607 5418 1791 5468 autem
1839 5407 2053 5479 suppli-

478 5507 580 5562 ciis
623 5520 718 5560 cos
768 5504 1076 5574 subjiciunt
1125 5501 1391 5555 :eteruis?
1435 5503 1565 5565 Cur,
1606 5517 1638 5553 ο
1690 5501 1872 5554 anima
1911 5515 2051 5564 mea,

478 5612 585 5650 non
618 5595 929 5650 recordaris
963 5592 1345 5650 aeternorum?
1373 5580 1488 5645 Non
1525 5601 1575 5645 te
1607 5591 1776 5660 pudet
1806 5607 2057 5645 commu—

480 5689 668 5742 niiare
703 5703 828 5740 cum
865 5686 1070 5746 stultis,
1108 5684 1160 5737 in
1210 5699 1394 5738 amore
1425 5685 1549 5736 vitre
1584 5684 1747 5754 hujus
1782 5685 2055 5754 corrupti-

481 5780 650 5833 bilis?
684 5793 810 5832 nam
841 5777 934 5848 qui
967 5793 1031 5832 ex
1088 5778 1192 5830 hoc
1248 5791 1387 5829 vano
1421 5776 1627 5833 mundo
1652 5775 1858 5845 aliquid
1893 5775 2058 5832 habet

483 5871 626 5948 apud
685 5887 771 5941 sc,
829 5869 1169 5931 tantumdem
1226 5876 1306 5923 cst
1364 5885 1424 5922 ac
1478 5867 1521 5923 si
1588 5867 1787 5925 habent
1824 5870 2050 5925 (mltian

2153 3297 2318 3353 etiam
2346 3298 2774 3350 instrumentum
2807 3309 2916 3364 quo
2942 3295 3130 3363 liquor
3155 3306 3356 3346 exosus
3415 3289 3604 3344 illatus
3635 3287 3714 3341 ori

2149 3401 2254 3456 est,
2290 3389 2550 3444 iracunde
2573 3391 2910 3442 confractum
2935 3387 2990 3442 in
3023 3389 3200 3456 ignem
3235 3385 3532 3452 ahjiciunt.
3577 3382 3718 3436 Cave

2157 3483 2378 3538 crucies
2413 3497 2478 3537 ac
2506 3482 2706 3551 perdas
2739 3491 2791 3536 te
2837 3483 3010 3549 ipsam
3043 3480 3276 3534 sollicita
3305 3487 3359 3531 et
3412 3475 3716 3545 periculosa

2152 3576 2477 3630 corrasione
2508 3577 2863 3645 pecuniarum
2889 3574 2942 3627 in
2973 3573 3200 3641 gratiam
3241 3580 3599 3639 cognatorum
3656 3581 3715 3617 ac

2153 3667 2389 3722 fratrum
2451 3681 2670 3721 tuorum
2723 3680 2862 3735 quos
2915 3663 3093 3718 ditare
3147 3662 3359 3716 damnis
3381 3672 3437 3714 et
3460 3657 3716 3712 aerumnis

2154 3763 2265 3817 tuis
2293 3762 2551 3824 studeas;
2590 3761 2733 3814 idem
2759 3773 2916 3826 passa
2941 3755 3087 3826 quod
3115 3756 3244 3808 thus
3271 3763 3365 3807 aut
3399 3750 3714 3823 thymiama,

2151 3869 2274 3925 qua:
2301 3864 2359 3908 ut
2381 3853 2518 3906 alios
2551 3850 2723 3906 odore
2743 3850 2940 3920 juvent
2965 3847 3018 3900 in
3053 3847 3177 3914 igne
3205 3857 3326 3898 sese
3360 3849 3712 3897 consumunt.

2153 3953 2208 4005 in
2251 3952 2430 4004 fumos
2460 3945 2870 4002 evanescentia.
2896 3943 3088 3998 Anima
3119 3955 3260 3998 mea.
3290 3953 3357 3992 ne
3393 3948 3444 3990 te
3479 3935 3716 4003 decipiat

2151 4041 2322 4096 falsus
2377 4033 2637 4107 splendor
2717 4031 3032 4088 divitiarum
3103 4039 3158 4084 et
3223 4028 3446 4095 gloriae:
3523 4026 3714 4077 harum

2152 4133 2299 4187 enim
2352 4131 2647 4183 vanitatem
2702 4141 2864 4179 nemo
2925 4122 3182 4191 intelligit
3232 4119 3336 4173 nisi
3397 4134 3521 4170 cum
3556 4116 3716 4170 fuerit

2151 4225 2220 4278 ab
2251 4225 2314 4276 iis
2367 4230 2674 4290 separatus.
2708 4216 2930 4271 Similes
2957 4214 3160 4283 quippe
3209 4219 3339 4265 sunt
3365 4209 3602 4278 capillis,
3627 4207 3714 4276 qui

2152 4312 2395 4384 quandiu
2447 4311 2660 4364 hzurent
2716 4306 2881 4375 capiti
2937 4319 3063 4358 cum
3114 4318 3181 4357 eo
3230 4301 3618 4362 honorantur;
3673 4297 3715 4349 si

2153 4405 2331 4459 avulsi
2379 4409 2476 4459 aut
2512 4399 2707 4455 resecti
2741 4398 2970 4459 fuerint,
3030 4405 3090 4449 ut
3122 4393 3315 4449 sordes
3377 4391 3717 4461 objiciuntur

2153 4513 2218 4552 ac
2253 4496 2676 4549 eonculcantur.
2708 4489 2969 4550 Attende.
3010 4488 3191 4542 anima
3225 4500 3365 4546 mea,
3392 4498 3519 4536 cum
3555 4481 3715 4537 sedu-

2081 4587 2114 4640 l’
2155 4589 2304 4642 litate
2341 4585 2686 4641 medicandis
2720 4581 2988 4635 infirmis:
3025 4593 3127 4634 nec
3163 4577 3338 4638 dicas,
3379 4573 3715 4628 functionem

2151 4694 2272 4732 eam
2305 4693 2430 4732 esse
2459 4675 2638 4744 magni
2670 4672 2878 4726 laboris
2909 4670 3205 4741 gravisque
3266 4663 3567 4733 dispendii,
3605 4659 3716 4713 cui-

2158 4785 2266 4839 que
2323 4784 2432 4822 non
2500 4765 2838 4836 respondeat
2885 4777 2915 4815 a
2971 4757 3314 4830 gratitudine
3373 4765 3714 4809 servatorum

2157 4877 2368 4915 merces
2419 4861 2642 4922 idonea,
2695 4871 2761 4910 eo
2811 4854 2958 4925 quod
2997 4853 3248 4922 plerique
3284 4847 3574 4902 hominum
3612 4846 3714 4896 vim

2150 4964 2206 5006 et
2243 4966 2399 5006 usum
2437 4950 2574 5004 artis
2611 4948 2838 5002 medica:
2896 4960 3003 4998 non
3045 4934 3390 5009 intelligant,
3457 4935 3716 5003 casuique

2152 5055 2249 5098 aut
2286 5054 2496 5098 natura:
2537 5043 2811 5110 imputent
2866 5039 2984 5109 ejus
3015 5037 3268 5091 effectus.
3307 5033 3386 5085 Tu
3431 5046 3565 5084 vero
3596 5028 3714 5081 imi-

2151 5143 2262 5187 tata
2324 5133 2522 5186 heroas
2579 5132 2672 5199 qui
2733 5131 2968 5200 pretium
3031 5125 3234 5182 servati
3288 5121 3530 5178 hominis
3573 5117 3714 5173 aliud

2150 5243 2260 5280 non
2315 5234 2510 5278 curant
2544 5221 2955 5292 quamgloriam
3002 5235 3123 5289 qua:
3183 5215 3275 5271 isti
3348 5216 3494 5268 facto
3557 5212 3714 5270 inest,

2151 5320 2232 5373 sic
2271 5318 2442 5372 debes
2512 5324 2777 5378 statuere,
2813 5313 3035 5368 abunde
3072 5321 3123 5364 te
3188 5315 3599 5363 remuneratam
3653 5317 3717 5355 eo

2154 5409 2284 5478 ipso.
2327 5407 2477 5476 quod
2529 5407 2841 5469 calamitate
2896 5403 3128 5456 miseros
3195 5398 3489 5460 levaveris,
3574 5391 3712 5462 quod

2152 5513 2328 5566 a-gros
2390 5498 2584 5550 mortis
2637 5493 2891 5548 faucibus
2948 5505 3172 5558 ereptos
3227 5485 3596 5542 incolumitati
3656 5496 3716 5535 ac

2152 5589 2405 5643 felicitati
2432 5589 2765 5644 reddideris.
2806 5587 2941 5641 Nam
3003 5585 3202 5638 herum
3245 5595 3390 5650 quos
3416 5578 3530 5632 dixi
3561 5577 3716 5629 forti-

2157 5682 2367 5736 tudinis
2393 5682 2632 5737 heroicze
2652 5681 2796 5734 fama
2826 5677 3132 5733 celebrium
3159 5673 3404 5728 virorum
3439 5685 3503 5724 ea
3537 5667 3715 5736 Opinio

2155 5785 2281 5829 est:
2348 5774 2486 5828 bene
2545 5771 2838 5841 quantavis
2916 5765 3275 5824 contentione
3333 5777 3397 5816 ac
3451 5771 3712 5816 terutnna,

2154 5884 2352 5925 cruore
2383 5869 2514 5939 quia
2565 5865 2732 5921 etiam
2791 5865 2934 5931 large
2985 5875 3080 5930 per
3112 5857 3336 5912 vulnera
3365 5854 3564 5917 effuso,
3612 5848 3713 5909 cuti
