4016 6520
363 418 495 484 127

1168 386 1173 401 '
1243 409 1622 473 SPECIMEN
1665 402 2091 468 SAPlENTI/E
2126 399 2477 462 INDORUM
2509 401 2676 463 ver.

3464 392 3599 454 1;.38

356 531 495 584 rivis
510 528 597 583 vel
618 528 781 582 unius
806 527 969 581 vitam
990 527 1059 580 ab
1078 537 1322 580 extremo
1363 523 1682 579 discrimine.
1711 517 1919 587 recepti
1960 517 1997 575 ἃ
2022 514 2196 580 Quam
2228 528 2490 568 exercere
2519 511 2843 581 diligentius
2871 520 3187 578 aggressum
3244 504 3625 561 conturbavit-

358 617 710 687 restitutique
774 619 1007 687 patriae:
1069 625 1275 685 quanto
1355 615 1531 683 majus
1592 609 1696 666 erit
1760 610 1932 665 decus

355 710 720 780 professionis
742 720 797 763 et
826 708 1123 763 [unctionis
1150 707 1313 777 hujt‘JS
1351 716 1454 761 tuae
1488 704 1773 774 proprium
1825 717 1932 771 qua

356 819 469 856 non
504 815 678 856 unum
693 812 789 856 aut
810 802 1071 862 alterum,
1097 800 1190 854 sed
1217 797 1654 853 innumerabiles
1680 795 1933 849 homines

357 895 534 949 exitio
560 893 931 964 grassantium
967 892 1286 947 morborum
1320 889 1645 960 quotidiana
1680 888 1932 940 ministe-

358 987 446 1039 rio
505 988 839 1047 subtractus,
899 986 1023 1040 vitae
1084 999 1146 1039 ac
1202 983 1540 1053 reipublicae,
1591 979 1749 1035 uxori
1799 979 1933 1032 libe-

361 1077 552 1146 risque
609 1085 973 1145 repraesentes
1030 1074 1361 1132 incolumes.
1419 1072 1519 1127 Cui
1555 1072 1754 1125 merito
1809 1084 1933 1123 cum

360 1172 557 1225 deesse
590 1186 697 1225 non
736 1172 912 1239 possit
967 1170 1125 1224 famae
1157 1184 1222 1224 ac
1250 1166 1429 1222 laudis
1475 1176 1693 1220 aeternae
1724 1177 1933 1233 praeco-

361 1266 541 1328 nium,
578 1265 812 1318 nitnium
844 1278 1013 1317 avara
1040 1261 1140 1327 sis,
1170 1262 1215 1315 si
1250 1261 1558 1315 mercedem
1610 1259 1732 1328 ejus
1771 1256 1932 1311 aliam

359 1356 718 1424 (liuet-endam
782 1369 964 1426 putes.
1042 1354 1240 1410 Anima
1314 1368 1457 1416 mea,
1514 1367 1584 1412 ne
1652 1352 1936 1433 adhtrj-eas

359 1449 677 1520 fugacibus,
726 1463 796 1502 ne
852 1446 1075 1501 insistas
1132 1443 1480 1506 nutantibus,
1542 1458 1613 1498 ne
1674 1442 1937 1511 pra‘fcras

363 1557 531 1608 parva
573 1538 809 1609 magnis,
840 1555 909 1593 ne
958 1537 1177 1592 modico
1222 1537 1465 1593 aestimes
1511 1534 1933 1605 pretiosissima,

359 1634 564 1687 similis
619 1632 917 1687 mercatori
947 1631 1045 1701 qui
1098 1630 1317 1700 plenam
1354 1628 1566 1684 habens
1610 1628 1934 1697 apothecam

359 1725 529 1781 serici
581 1726 923 1787 Damasceni,
964 1733 1347 1793 suggerentem
1377 1721 1481 1775 sibi
1533 1719 1802 1773 desidiam
1840 1732 1939 1772 an-

360 1818 504 1872 divit
532 1836 546 1872 :
582 1819 698 1873 Heu
729 1825 968 1887 quantus
1002 1816 1159 1870 labor
1181 1815 1289 1870 erit
1326 1822 1528 1868 tantam
1582 1813 1738 1867 istam
1770 1810 1934 1899 panni

362 1912 565 1965 molem
603 1909 915 1965 minutatim
950 1925 1048 1978 per
1078 1909 1249 1963 libras
1280 1908 1548 1976 uiuasque
1579 1905 1927 1960 distrahere!

362 2013 603 2073 mox‘que
629 2004 769 2058 citra
802 2004 1020 2070 pondus
1051 2016 1114 2056 ac
1155 2015 1468 2055 mensuram
1493 1997 1752 2053 licitatori
1785 2012 1931 2051 mas-

359 2110 479 2148 sam
519 2101 685 2149 totam
715 2096 982 2149 vilissimo
1017 2093 1232 2149 addixit
1280 2092 1458 2163 pretio
1492 2110 1507 2157 ;
1542 2091 1745 2146 stultus
1804 2090 1933 2144 inde

356 2187 659 2253 judicatus.
677 2187 802 2241 llmc
827 2188 961 2242 mihi
985 2186 1279 2242 disserenti
1300 2185 1446 2257 apud
1466 2185 1704 2241 animam
1727 2198 1929 2248 meam,

358 2297 472 2333 non
499 2279 706 2334 habens
730 2280 819 2333 illa
849 2280 994 2348 quod
1025 2278 1399 2334 verisimiliter
1424 2287 1751 2348 opponeret,
1812 2291 1934 2333 ces-

358 2374 436 2424 sit
469 2371 712 2433 tandem,
732 2386 1103 2440 persuasaque
1133 2372 1352 2426 transiit
1376 2372 1428 2425 in
1454 2372 1781 2426 sententiam
1814 2384 1934 2425 mo-

360 2466 566 2527 uentis,
614 2466 884 2520 absistens
936 2482 965 2519 a
988 2466 1383 2535 cupiditatibus
1409 2474 1466 2522 et
1503 2465 1652 2522 vanis
1688 2465 1932 2535 spebus:

358 2556 617 2625 coepique
648 2557 978 2627 tranquillus
1007 2557 1207 2612 exinde
1237 2573 1399 2628 agere
1428 2572 1611 2612 meum
1647 2556 1931 2626 negotium

353 2649 588 2719 juvandi
626 2651 974 2720 languentes.
1023 2650 1141 2706 solo
1190 2650 1393 2704 intuitu
1453 2650 1644 2721 gloriae
1688 2658 1929 2706 aeternte.

357 2763 491 2816 Car.
550 2762 635 2816 Ill.
671 2792 733 2802 --
782 2764 1008 2820 ίΕιετνηα
1075 2768 1331 2835 quan-eun
1383 2767 1544 2818 etiam
1604 2756 1931 2835 temporaria

433 2845 741 2889 occurrunt.
782 2836 999 2888 .lledicle
1043 2838 1174 2890 arti:
1222 2838 1450 2959 «(electus
1498 2837 1850 2905 deprehewus
1900 2854 1931 2889 α

436 2904 657 2959 Persae.
682 2908 917 2959 eiusdem
950 2916 1107 2959 testas
1133 2910 1183 2959 iu
1213 2908 1276 2959 de
1302 2916 1416 2959 ectu
1458 2907 1755 2959 reliaionis.

436 2904 657 2970 Persae,
682 2908 917 2973 ejusdem
950 2916 1107 2962 wstus
1133 2910 1183 2962 iu
1213 2904 1416 2961 delectu
1458 2907 1755 2978 religionis.

433 3018 704 3072 Ca'tcrum
742 3020 820 3074 sic
860 3036 1048 3090 agens,
1100 3030 1156 3075 et
1210 3032 1417 3077 aiterna
1477 3036 1732 3090 quaerens
1793 3022 1932 3086 sola,

360 3128 472 3163 non
513 3121 695 3165 tamen
730 3114 1077 3181 temporariis
1103 3113 1287 3180 carui;
1317 3114 1450 3183 quin
1479 3114 1677 3169 horum
1709 3115 1932 3184 quoque

2032 620 2336 660 occurrens
2387 603 2674 672 inquisitio
2706 616 2849 656 verte
2881 599 3188 669 religionis,
3219 597 3286 651 de
3316 612 3425 666 qua
3454 596 3595 676 nihil

2035 698 2088 752 in
2148 696 2487 752 medicorum
2551 695 2708 749 libris
2763 695 3027 765 legeram.
3089 688 3365 746 Videbam
3411 698 3599 744 autem

2033 805 2156 846 esse
2184 789 2344 844 istam
2397 802 2584 841 curam
2620 786 2840 840 eunetis
2891 782 3327 853 praevertendam
3360 799 3374 835 :
3406 781 3600 850 utique

2033 902 2158 941 eum
2197 884 2261 938 ad
2303 884 2622 939 felicitatem
2655 884 2708 937 in
2759 882 2863 935 alia
2907 880 3141 949 quadam
3193 877 3266 933 ab
3296 877 3401 932 hac
3450 875 3602 931 labili

2033 976 2433 1048 assequendam
2466 975 2599 1040 vita,
2630 974 2830 1028 frustra
2860 971 3178 1033 contendat,
3214 969 3319 1024 nisi
3355 967 3443 1024 cui
3471 981 3605 1023 vera

2037 1087 2146 1125 una
2169 1070 2360 1139 religio
2390 1070 2518 1123 talis
2539 1083 2659 1122 sese
2688 1067 2787 1119 via:
2816 1066 3013 1119 ducem
3040 1063 3352 1133 praebuerit.
3382 1063 3602 1117 lntcuto
3676 1048 3679 1051 λ

2038 1178 2202 1233 porro
2240 1161 2294 1216 in
2335 1162 2478 1215 hanc
2525 1158 2915 1229 cogitationem
2948 1157 3082 1210 utihi
3122 1157 3307 1210 multm
3358 1172 3416 1210 se
3462 1153 3606 1224 obji—

2035 1255 2255 1311 ciebant
2286 1270 2407 1325 quae
2441 1254 2740 1307 humanum
2776 1266 2952 1321 genus
2978 1251 3032 1304 in
3066 1257 3249 1317 partes
3286 1250 3604 1305 innumeras

2035 1347 2350 1403 distrahunt
2379 1354 2541 1402 secta:
2574 1344 2901 1415 opinionum
2938 1343 3005 1396 de
3037 1342 3287 1397 Numinis
3317 1343 3467 1397 cultu
3522 1341 3606 1394 di-

2037 1455 2318 1494 versarum
2351 1454 2530 1508 ;quas
2560 1436 2793 1492 adortus
2851 1436 3209 1489 considerare
3255 1433 3601 1501 singillatim,

2037 1531 2117 1586 sic
2137 1530 2479 1599 reperiebam
2506 1548 2518 1584 :
2552 1529 2692 1582 trahi
2717 1544 2780 1581 ae
2813 1529 2983 1582 teneri
3007 1527 3299 1597 plerosque
3321 1526 3607 1581 hominum

2038 1621 2091 1677 in
2142 1623 2404 1692 religione
2459 1637 2621 1690 quam
2678 1632 2984 1682 sectantur,
3038 1601 3236 1688 partim
3282 1619 3608 1674 auctoritate

2041 1715 2377 1769 tradentium
2434 1726 2749 1784 parentum.
2817 1724 2871 1766 et
2951 1712 3141 1766 iuolita
3202 1712 3607 1768 consuetudine

2038 1809 2204 1877 lmng
2234 1807 2580 1862 educationis
2613 1822 2746 1866 usu;
2782 1809 2981 1875 partim
3023 1807 3259 1859 utilitate
3285 1820 3348 1859 ac
3371 1813 3606 1874 quaestu,

2038 1899 2497 1971 provenientibus
2556 1915 2623 1953 ex
2684 1901 2790 1953 ritu
2834 1898 3164 1966 praevalente
3204 1898 3421 1953 illectos
3453 1911 3608 1950 com-

2032 1994 2245 2060 modis;
2281 1993 2485 2061 partim
2554 2006 2695 2045 vano
2753 1991 3047 2059 splendore
3105 1999 3337 2044 terrenae
3390 1988 3613 2045 clarita-

2036 2083 2127 2146 tis,
2184 2092 2444 2153 metuque
2500 2081 2846 2136 iucurrenda:
2895 2079 3133 2135 infamia:
3166 2119 3180 2144 ,
3238 2079 3282 2133 si
3352 2077 3611 2149 [ll'llijlltli-

2034 2186 2183 2231 catas
2206 2189 2437 2230 assensu
2471 2174 2618 2241 vulgi
2647 2174 2877 2244 rejicere
2916 2181 3011 2227 aut
3066 2173 3119 2228 in
3152 2173 3384 2228 dubium
3415 2187 3612 2227 vocare

2034 2269 2342 2327 sententias
2374 2270 2634 2324 audeant.
2671 2269 2802 2323 lude
2856 2284 3049 2324 omnes
3097 2284 3202 2339 pro
3232 2283 3291 2323 se
3327 2283 3609 2336 quemque

2035 2364 2235 2429 obniti,
2324 2376 2769 2433 magnopereque
2856 2362 3117 2417 insistere
3185 2362 3241 2415 in
3312 2360 3610 2416 asuuenda

2031 2471 2194 2527 quam
2229 2458 2345 2527 ipse
2374 2472 2565 2511 veram
2620 2456 2808 2519 habet,
2876 2455 3267 2524 improbanda
3306 2470 3469 2524 quam
3516 2453 3609 2507 alii

1992 2551 2350 2619 praeferunt,
2410 2550 2698 2621 religionis
2750 2559 2925 2611 secta,
2960 2552 3015 2603 in
3068 2564 3250 2618 eoque
3303 2548 3611 2603 certamine

2031 2644 2231 2713 passim
2260 2643 2581 2705 ardescunt,
2642 2643 2916 2698 mendacii
2968 2652 3134 2712 atque
3178 2642 3497 2712 imposturae
3548 2656 3608 2695 se

2029 2737 2266 2791 invicem
2314 2746 2660 2797 accusantes.
2714 2736 3069 2804 infinitasque
3125 2736 3354 2790 acribus
3405 2734 3609 2804 jurgiis

2036 2832 2331 2884 miscentes
2386 2828 2721 2897 quaestiones
2765 2828 2831 2880 de
2892 2826 3155 2881 Creatore
3216 2840 3280 2880 ac
3328 2834 3607 2893 creatura,

2035 2921 2103 2976 de
2135 2921 2408 2991 principio
2466 2936 2648 2975 rerum
2700 2935 2765 2974 ac
2812 2919 2920 2975 fine
2969 2920 3182 2982 ultimo,
3223 2919 3613 2987 similibusque

2035 3013 2377 3083 argumentis
2440 3011 2759 3081 dogmatum
2790 3011 3292 3082 gravissimorum.
3336 3010 3463 3065 llaec
3509 3024 3613 3079 ego

2038 3107 2233 3161 videns
2254 3105 2443 3160 studui
2480 3105 2775 3161 consulere
2821 3104 3077 3174 privatim
3110 3102 3401 3172 magistros
3437 3110 3615 3157 secta-

362 3204 600 3272 tenigua
637 3204 770 3258 mihi
810 3220 933 3259 sese
986 3206 1370 3275 spontecopia
1423 3207 1670 3275 ingessit.
1729 3207 1928 3277 Opum.
1959 3210 2002 3265 C
2037 3214 2179 3261 I‘UIB.
2218 3212 2283 3253 ac
2315 3197 2645 3268 plaCilOl‘um
2677 3197 3031 3251 ﬁrmamenta
3062 3210 3427 3266 cognoscere.
3485 3210 3616 3263 1)Γο-

362 3296 615 3364 iuquam.
648 3296 1095 3364 existimationis,
1137 3299 1423 3368 dignitatis
1458 3316 1487 3354 e
1530 3312 1707 3372 gratia
1743 3317 1934 3371 regum

305 3426 313 3433 .
363 3398 577 3441 tantum
635 3403 831 3444 nactus
862 3406 1005 3455 sum,
1040 3401 1305 3460 quantum
1369 3408 1437 3447 ne
1490 3402 1680 3463 Optare
1714 3395 1935 3464 quidem

362 3495 628 3549 unquam,
662 3482 833 3536 multo
855 3483 1035 3537 minus
1070 3498 1315 3551 sperare,
1337 3483 1393 3539 in
1412 3495 1649 3539 mentem
1671 3495 1933 3541 venerat:

362 3573 625 3643 ultroque
656 3574 852 3638 fateor,
907 3590 1028 3644 qua:
1056 3576 1177 3644 ejus
1215 3578 1436 3647 generis
1457 3578 1633 3647 ampla
1692 3579 1939 3649 magniﬁ-

361 3678 563 3730 caque,
595 3664 828 3718 velante
864 3681 1041 3720 meam
1080 3668 1131 3720 in
1166 3667 1374 3722 Indiam
1406 3670 1936 3741 peregrinationem,

362 3755 450 3808 vel
488 3764 611 3825 post
641 3758 878 3810 reditum
914 3759 1040 3812 inde
1086 3774 1207 3814 sum
1240 3760 1495 3831 adeptus,
1526 3779 1636 3817 non
1679 3773 1934 3819 votorum

360 3847 543 3901 solum
582 3864 853 3914 nieorum,
883 3850 978 3904 sed
1023 3853 1191 3906 etiam
1235 3853 1562 3909 meritorum
1592 3857 1812 3911 modum
1845 3873 1939 3912 ex-

360 3941 584 3995 cedere.
621 3943 757 3996 Cum
794 3952 975 3996 autem
1010 3954 1184 3998 totum
1211 3945 1535 4015 adjecissem
1585 3949 1827 4004 animum
1870 3951 1938 4004 ad

362 4035 941 4102 comprehendendam
972 4040 1523 4109 peruosceudamque
1570 4043 1791 4111 penitus
1826 4058 1941 4097 me-

365 4128 544 4183 dicam
578 4137 774 4190 artem,
808 4128 941 4182 illud
973 4145 1058 4184 me
1117 4131 1169 4198 in
1202 4146 1264 4185 ea
1311 4132 1645 4189 offendebat.
1681 4134 1825 4201 quod
1882 4134 1950 4189 in-

367 4219 630 4274 uuiversa
656 4221 777 4289 ejus
811 4221 866 4274 vi
891 4220 1106 4276 nullum
1137 4222 1483 4293 reperiebam
1513 4223 1737 4277 modum
1766 4224 1940 4293 plenae

367 4327 434 4368 ac
460 4312 723 4381 perfecta:
749 4313 1000 4368 sanitatis
1034 4312 1245 4368 homini
1280 4313 1606 4369 tribuendae.
1642 4314 1779 4369 Cum
1829 4322 1940 4370 tota

370 4405 493 4475 ejus
519 4403 574 4458 in
606 4419 673 4459 eo
688 4403 912 4459 demum
937 4404 1168 4461 facultas
1189 4404 1566 4474 eXpromatur,
1596 4414 1658 4459 ut
1679 4406 1942 4477 ingruen-

372 4506 485 4552 tem
544 4496 787 4567 depellat
816 4496 1108 4563 morbum;
1145 4496 1615 4568 pollieeriautem
1676 4513 1741 4553 ac
1799 4514 1943 4568 prte-

366 4601 517 4645 stare
558 4606 665 4644 non
690 4599 875 4661 queat,
895 4598 955 4645 ut
987 4592 1208 4661 propria
1239 4599 1619 4662 perpetuaque
1642 4600 1838 4646 curato
1866 4593 1940 4648 sit

366 4690 587 4750 recepta
625 4682 901 4743 valetudo,
933 4697 1002 4736 ne
1035 4697 1156 4736 eam
1215 4688 1477 4751 unquam'
1508 4681 1814 4753 languoris,
1846 4689 1941 4736 aut

367 4774 657 4829 redeuntis
699 4783 986 4844 postquam
1037 4774 1278 4838 abierat,
1337 4782 1434 4829 aut
1495 4775 1564 4830 de
1605 4790 1749 4831 novo
1807 4773 1939 4829 sub-

365 4866 601 4931 orieutis
633 4866 889 4919 incursus
925 4864 1238 4920 labefactet.
1271 4865 1331 4920 lu
1367 4882 1479 4936 quo
1517 4867 1650 4920 mihi
1682 4866 1939 4923 diffidens

365 4958 573 5035 frustra
594 4958 897 5027 exploravi.
922 4957 1123 5028 ecquid
1155 4959 1248 5012 alii
1278 4958 1624 5027 professores
1648 4960 1768 5029 ejus
1798 4958 1937 5013 artis

316 5036 323 5046 ’
364 5068 453 5108 me
509 5051 785 5107 feliciores
811 5060 1033 5105 essent:
1068 5051 1163 5107 sed
1196 5052 1473 5106 neminem
1506 5067 1731 5121 usquam
1754 5051 1938 5105 iuveni

364 5144 459 5212 qui
498 5144 622 5211 plus
652 5159 815 5212 quam
851 5143 985 5206 dixi,
1018 5154 1224 5213 posset.
1273 5143 1329 5198 ld
1363 5144 1533 5214 quod.
1575 5160 1643 5200 ne
1680 5143 1938 5199 dissimu-

363 5237 472 5289 lem
527 5250 717 5289 verum
772 5236 938 5290 animi
987 5252 1234 5300 sensum,
1288 5238 1525 5292 multum
1587 5238 1940 5308 refrigeravit

365 5327 649 5382 incensum
686 5343 868 5383 meum
909 5329 1155 5384 studium
1182 5330 1237 5384 in
1265 5330 1423 5385 istam
1460 5332 1769 5395 scientiam,
1804 5334 1939 5389 adeo

364 5420 790 5475 insuliicientem
872 5422 1297 5490 deprehensam.
1388 5423 1710 5495 lutelligeus
1772 5442 1939 5496 porro

364 5511 517 5576 inde,
571 5527 756 5566 veram
815 5512 1059 5568 hominis
1118 5514 1353 5569 salutem
1414 5530 1480 5569 ac
1512 5515 1828 5571 felicitatem
1884 5518 1939 5572 in

362 5612 695 5656 aeteruarum
755 5604 940 5671 potius
990 5615 1045 5659 et
1098 5620 1319 5675 semper
1355 5608 1718 5673 manentium,
1771 5625 1935 5678 quam

355 5694 566 5753 Jiarum
622 5694 954 5749 caducarum
1020 5713 1141 5766 qua:
1194 5697 1352 5775 nobis
1403 5698 1546 5752 inter
1595 5714 1789 5755 manus
1854 5701 1937 5756 ef-

366 5786 878 5857 fluunt,adeptione
915 5805 1098 5842 rerum
1136 5789 1295 5843 sitam
1349 5804 1496 5850 esse,
1541 5798 1693 5844 tanto
1726 5789 1941 5859 impen-

366 5875 486 5933 sius
517 5876 745 5935 incubui
801 5877 857 5935 iu
885 5878 1291 5937 abdicationem
1329 5881 1599 5937 tluxorum
1642 5880 1933 5938 bonorum.

2041 3292 2294 3358 ponendo
2356 3289 2497 3359 ipsis
2551 3289 2952 3356 dubitationes,
3015 3303 3081 3343 ac
3144 3302 3271 3343 cum
3330 3287 3613 3356 responsis

2037 3399 2250 3442 eorum.
2284 3382 2617 3454 prtejudiciis
2637 3384 2913 3452 sepositis,
2942 3381 3348 3452 comparando;
3390 3397 3455 3436 eo
3492 3383 3613 3436 ani-

2038 3492 2126 3530 mo
2161 3489 2217 3531 ut
2242 3476 2557 3547 ubicunque
2595 3478 2885 3531 veritatem
2942 3476 3463 3545 deprehendissem.
3488 3491 3610 3530 eam

2036 3576 2093 3624 et
2127 3570 2491 3639 amplecterer
2517 3578 2575 3623 et
2606 3573 2824 3623 sincera
2857 3568 3244 3637 intrepidaque
3298 3567 3613 3622 constantia

2038 3672 2307 3726 tenerent,
2342 3661 2547 3728 rejecta
2589 3662 2963 3730 qualicunque
3026 3661 3287 3716 falsitate.
3324 3660 3414 3715 Sic
3465 3660 3616 3717 enim

2042 3754 2174 3809 mihi
2236 3753 2549 3808 faciendum
2612 3754 2763 3817 duxi,
2821 3770 2913 3819 ne,
2967 3764 3029 3810 ut
3074 3752 3253 3819 multi,
3321 3752 3611 3808 crederem

2039 3845 2186 3914 quod
2218 3844 2534 3913 ignorabam
2566 3866 2579 3899 :
2615 3846 2710 3899 sed
2776 3847 2961 3916 potius
3014 3845 3222 3902 lumine
3278 3844 3490 3900 uetitize
3548 3860 3615 3899 ae

2043 3937 2278 3991 rationis
2341 3949 2626 4006 praeeunte
2686 3939 2738 3992 in
2798 3939 2883 3994 via
2948 3940 3086 3994 tanti
3149 3937 3413 3992 montenti
3471 3936 3613 3992 duce

2043 4039 2250 4084 uterer.
2277 4030 2420 4085 Ecce
2443 4041 2629 4086 autem
2656 4031 2711 4086 in
2744 4032 2848 4087 hoc
2884 4031 3017 4086 mihi
3039 4048 3097 4086 se
3128 4031 3320 4091 sedulo
3343 4031 3611 4093 versanti.

2044 4123 2430 4193 interroganti,
2474 4124 2726 4194 inquam,
2768 4125 3130 4194 audientique
3154 4124 3432 4179 antistites
3464 4125 3615 4193 ipsos

2043 4231 2108 4270 ac
2141 4217 2324 4285 capita
2399 4216 2701 4271 factionum
2758 4218 2903 4273 circa
2952 4217 3138 4273 divina
3185 4206 3611 4285 dissidentium,

2043 4322 2153 4361 non
2183 4308 2332 4363 aliud
2365 4308 2697 4380 investigare
2745 4310 2953 4369 certius
2983 4309 3166 4375 licuit,
3190 4324 3356 4380 quam
3395 4306 3614 4365 inflexi-

2041 4399 2209 4455 bilem
2240 4401 2600 4470 pertinaciam
2635 4403 3237 4475 propria-quorumque
3269 4401 3615 4459 laudantium

2044 4508 2169 4548 cum
2227 4493 2538 4548 alienorum
2574 4495 2975 4565 superbissimo
3014 4505 3342 4567 contemptu
3378 4504 3437 4554 et
3470 4497 3615 4553 ine-

1965 4570 2278 4641 Dvoeabili
2336 4586 2464 4640 odio
2517 4589 2894 4658 coniunctam.
2949 4589 3195 4647 Oll‘endit
3229 4606 3292 4646 ea
3358 4605 3443 4645 me
3500 4604 3612 4654 res,

2042 4693 2374 4748 causamque
2394 4680 2627 4749 praebuit
2648 4683 2941 4738 universos
2963 4699 3028 4738 ex
3069 4699 3227 4752 aequo
3256 4682 3613 4752 reprehendi.

2041 4771 2247 4827 Insedit
2279 4788 2408 4844 ergo
2435 4775 2609 4830 menti
2643 4791 2797 4841 meae,
2826 4790 3019 4832 omnes
3051 4784 3324 4846 quotquot
3373 4774 3611 4829 adissem

2041 4864 2426 4936 audissemque
2487 4867 2707 4923 libidini
2795 4869 3033 4939 propriae
3088 4868 3343 4937 obsequi,
3399 4884 3428 4922 a
3482 4882 3613 4922 vero

2041 4959 2327 5025 aberrare,
2359 4976 2550 5031 sapere
2582 4971 2750 5031 prout
2772 4963 2985 5030 volunt,
3020 4980 3121 5019 nec
3156 4963 3396 5032 regulam
3450 4961 3612 5015 adhi-
3653 4942 3661 4991 ἶ

2042 5049 2174 5105 bere
2210 5053 2477 5107 rationem
2511 5055 2832 5119 voluntatis,
2867 5055 2963 5110 sed
2999 5056 3343 5110 intellectum
3383 5053 3610 5117 atl‘ectui

2043 5144 2394 5215 subjungere,
2430 5146 2565 5202 falso
2593 5147 2864 5218 judicare.
2901 5148 3244 5203 mendaciter
3267 5142 3459 5218 loqui.’

2041 5256 2168 5313 CAP.
2223 5254 2405 5310 W.—
2440 5257 2744 5313 Periculum
2789 5269 2983 5314 tentare
3039 5262 3289 5317 credendi
3348 5262 3403 5316 in
3461 5261 3612 5316 rebus

2357 5331 2629 5400 religionis
2670 5331 2931 5401 parabole
2970 5333 3328 5387 declaratum.

2115 5424 2304 5495 Itaque
2334 5424 2414 5480 sic
2443 5423 2587 5494 apud
2620 5440 2800 5479 meum
2830 5425 3074 5480 animum
3108 5426 3418 5483 firmissime
3474 5444 3611 5483 con-

2041 5516 2216 5576 etitui,
2250 5515 2580 5586 quaerendos
2608 5515 2742 5570 mihi
2769 5517 2907 5572 alios
2935 5518 3108 5588 magis
3130 5533 3320 5590 aequos
3357 5519 3614 5574 idoneos-

2041 5624 2152 5677 quo
2181 5609 2500 5676 dogmatum
2548 5614 2842 5674 auctores;
2875 5624 2940 5664 ac
2973 5611 3158 5680 quoad
3200 5611 3337 5667 tales
3375 5611 3616 5682 reperis-

2042 5716 2181 5765 sem,
2211 5701 2346 5755 nulli
2391 5701 2589 5754 horum
2620 5715 2760 5769 quos
2788 5700 3038 5756 videram
3066 5701 3443 5773 acquiescere,
3482 5702 3611 5757 nulv

2041 5790 2155 5843 lum
2183 5791 2359 5859 sequi,
2391 5806 2460 5845 ne
2498 5791 2629 5845 mihi
2663 5791 3008 5862 contingeret
3034 5795 3180 5865 quod
3211 5795 3428 5850 cuidam
3454 5794 3613 5848 aiunt

2043 5883 2188 5947 gravi
2229 5898 2323 5939 sua
2364 5882 2607 5949 pernicie
2639 5880 2894 5949 decepto.
2951 5884 3071 5942 Non
3112 5886 3274 5948 longa
3308 5892 3391 5941 cst
3423 5882 3608 5941 fal‘ttla
