4016 6528
480 400 614 466 1239
672 381 695 401 ‘

1906 413 2310 479 APPENDTX.

3586 416 3726 479 1340

490 533 654 586 quam
690 516 801 579 hic,
832 526 893 571 ut
927 516 1091 588 vulgo
1127 516 1324 584 fertur,
1352 520 1546 575 recito.
1582 522 1694 575 Fur
1729 532 1894 580 noctu
1933 541 2039 579 non
2075 533 2115 582 Α
2147 524 2561 578 constitueram.
2615 523 2694 577 lbi
2770 522 3197 594 pronuntiabant
3248 523 3721 579 incantamentum

473 596 836 664 incomitatus
873 608 1095 679 irrepsit
1130 612 1183 666 in
1240 611 1466 667 domum
1501 614 1640 669 civis
1682 617 1948 684 epulcnti.
1999 622 2050 676 is

478 702 626 757 lecto
678 702 1019 758 decumbens
1069 704 1465 775 dormiensque
1500 717 1614 761 tum
1657 707 1817 771 forte,
1856 727 2049 782 exper-

477 805 664 851 rectus
695 796 762 850 ad
799 798 1114 867 strepitum,
1150 798 1310 853 facile
1339 800 1609 855 intellexit
1635 802 1785 858 fures
1809 805 2001 861 adesse
2029 823 2043 861 :

477 888 780 959 cubitoque
812 905 1040 944 uxorem
1080 891 1369 960 impellens
1422 902 1476 947 et
1526 893 1700 963 ipsam
1762 897 2041 959 excitavit.

476 981 958 1053 insusurravitque
995 985 1247 1038 excitata:
1287 986 1340 1039 in
1394 985 1735 1044 auriculam:
1767 989 2044 1056 Quantum

472 1073 742 1146 intelligo,
775 1077 942 1131 chara
980 1079 1202 1144 coniux,
1228 1080 1586 1135 circumventi
1617 1083 1911 1137 latrocinio
1950 1100 2046 1139 su-

477 1184 619 1234 mus,
655 1185 758 1224 nec
787 1171 976 1239 procul
1014 1186 1042 1225 a
1073 1172 1406 1233 calamitate,
1438 1175 1544 1228 nisi
1574 1177 1775 1230 malum
1807 1193 2046 1246 praever-

474 1262 642 1313 timus
673 1259 900 1314 astutia.
933 1261 1013 1313 Tu
1044 1275 1174 1315 vero
1202 1262 1287 1316 lac
1315 1261 1461 1331 quod
1484 1262 1675 1333 jubeo.
1713 1264 1951 1318 [nclama
1981 1280 2043 1318 ea

472 1355 629 1408 vocis
680 1355 1038 1409 contentione
1070 1369 1236 1425 quam
1288 1355 1531 1411 videaris
1553 1363 1749 1426 putare
1790 1371 2045 1412 necessa-

468 1447 609 1501 riam
651 1449 718 1503 ad
753 1448 1147 1503 excutiendum
1196 1448 1333 1504 mihi
1377 1465 1631 1520 soporem
1681 1449 1950 1513 altiorem,
1986 1459 2045 1505 et

467 1535 598 1589 dic:
634 1533 786 1605 Rogo
827 1544 900 1596 te,
937 1536 1009 1591 mi
1051 1536 1160 1600 vir,
1202 1538 1349 1593 unde
1388 1547 1484 1594 aut
1511 1539 1788 1610 quomodo
1840 1539 2041 1610 parasti

466 1626 688 1682 divitias
717 1628 880 1683 hasce
912 1638 1019 1683 tam
1052 1630 1255 1685 multas
1309 1631 1513 1701 quibus
1575 1631 2039 1691 cireumfluimus?

467 1722 544 1775 Ac
571 1721 706 1775 mihi
739 1723 893 1792 quasi
927 1722 1174 1778 nondum
1207 1725 1496 1789 sentienti,
1518 1727 1795 1796 ingemina
1839 1726 2041 1781 iterum

466 1813 683 1878 eadem,
723 1829 786 1869 ac
823 1816 1010 1881 tertio,
1045 1831 1182 1870 voce
1215 1831 1431 1885 semper
1463 1817 1778 1889 contentius
1802 1816 2037 1872 sublata.

469 1905 624 1960 Fecit
685 1906 967 1977 extemplo
1029 1906 1230 1963 mulier
1284 1906 1432 1977 quod
1487 1908 1574 1963 vir
1630 1908 2034 1978 imperaverat:
2071 1890 2111 1946 Β

464 2007 898 2070 mussaruntque
935 2001 1122 2055 statim
1168 2000 1343 2065 fures,
1394 2009 1451 2056 et
1506 2018 1575 2056 ne
1627 2001 1895 2057 indicium
1953 2002 2036 2057 sui

462 2089 571 2158 iam
603 2091 962 2158 vigilantibus
993 2092 1326 2163 praeberent,
1372 2092 1684 2149 immobiles
1734 2094 2036 2157 barseruut,

462 2181 784 2237 curiositate
819 2195 1083 2252 praeterea
1118 2185 1488 2256 cognoscendi
1518 2186 1649 2256 quid
1679 2185 1766 2240 vir
1808 2172 2038 2254 respou-

465 2289 635 2329 surus
686 2284 852 2340 esset,
909 2277 975 2330 ad
1011 2277 1285 2331 silendum
1320 2278 1858 2348 auscultandumque
1891 2276 2036 2332 invi-

460 2376 635 2424 tante.
674 2367 815 2423 Tum
857 2370 1010 2425 velut
1039 2386 1182 2440 aegre
1220 2370 1437 2425 tandem
1465 2371 1679 2426 solutus
1703 2386 1897 2425 somno
1928 2370 2035 2435 vir,

460 2458 688 2513 auditus
724 2467 810 2514 est
842 2459 1067 2514 dicere':
1104 2460 1261 2516 Nacti
1319 2476 1534 2526 sumus,
1571 2476 1605 2516 o
1634 2476 1795 2526 uxor,
1847 2460 2037 2516 divino

460 2548 737 2607 beneflcio
765 2555 954 2624 copias
984 2570 1231 2625 opesque
1256 2555 1439 2610 omnis
1471 2556 1689 2625 generis
1725 2554 1992 2624 plurimas
2018 2570 2033 2610 :

459 2644 648 2701 fruere
699 2646 788 2702 bis
839 2648 1116 2703 vescendo
1148 2647 1522 2718 bibendoque,
1567 2663 1631 2703 ac
1658 2647 1837 2702 laetam
1867 2649 2034 2703 vitam

458 2736 691 2807 agendo,
728 2753 832 2793 nec
880 2739 1103 2793 curiose
1153 2748 1489 2809 percontare
1547 2738 1696 2793 unde
1732 2739 1835 2793 ista
1871 2754 2038 2809 para-

459 2830 564 2883 rim
592 2846 607 2894 ;
645 2830 792 2900 quod
835 2831 1080 2886 indicare
1111 2831 1211 2886 tibi
1258 2847 1496 2901 nequeo,
1551 2839 1703 2885 metu
1733 2845 1804 2885 ne
1832 2829 2036 2901 aliquis

457 2921 717 2976 exaudiat
753 2922 930 2991 (aiunt
985 2924 1134 2978 enim
1198 2931 1255 2978 et
1307 2937 1497 2978 muros
1573 2922 1787 2977 auritos
1852 2924 2033 2989 esse):

456 3027 717 3068 arcanum
742 3022 927 3069 autem
954 3014 1059 3071 hoc
1095 3015 1232 3070 tanti
1274 3015 1534 3070 momenti
1559 3025 1665 3081 est,
1701 3023 1761 3070 ut
1791 3031 1858 3070 ex
1913 3015 2034 3086 ejus

457 3105 808 3177 evulgatione
842 3108 1033 3164 ultima
1070 3110 1234 3179 capiti
1266 3108 1619 3179 fortunisque
1668 3108 1876 3164 nostris
1900 3124 2033 3178 per-

2152 631 2358 680 meum,
2410 615 2461 668 in
2493 616 2666 684 ipsam
2701 614 2995 669 fenestram
3055 616 3411 669 insusurrans
3444 614 3722 683 magicum

2150 709 2255 763 hoc
2272 708 2598 762 vocabulum
2623 724 2637 761 :
2673 706 2868 769 Semel,
2900 705 3082 772 semel;
3112 702 3425 777 repetebam
3452 716 3721 777 prmterea

2149 800 2466 872 quinquies.
2501 800 2699 853 Statim
2730 814 2760 852 a
2803 798 3066 868 replicate
3097 799 3300 866 septies
3354 798 3550 860 verbo,
3578 797 3721 851 mira

2148 892 2233 944 vis
2279 890 2576 945 carminis!
2608 889 2927 958 prmbcbant
2947 904 3079 944 ecce
3105 903 3225 943 sese
3243 888 3405 942 nobis
3438 887 3721 954 equitabi-

2146 985 2228 1039 les
2258 984 2392 1038 radii
2428 999 2667 1053 superne
2714 981 2970 1053 fulgentis
3023 983 3157 1037 orbe
3196 982 3358 1051 pleno
3413 981 3581 1036 lunae.
3626 979 3723 1033 His

2149 1076 2350 1130 invecti
2404 1075 2722 1131 ferebamur
2782 1075 2925 1129 intra
2988 1073 3156 1137 aedes,
3223 1072 3432 1127 nemini
3489 1087 3723 1142 prorsus

2150 1171 2297 1224 intus
2327 1170 2645 1239 degentium
2680 1168 2961 1239 conspicui
3003 1178 3098 1222 aut
3127 1166 3504 1222 observabiles
3560 1165 3723 1235 signo

2144 1277 2380 1317 sensuve
2430 1261 2564 1317 ullo.
2626 1260 2765 1315 Tum
2823 1260 3024 1314 iterum
3078 1273 3182 1329 ego
3224 1258 3718 1312 immurmurabam

2145 1368 2370 1410 carmen
2400 1368 2583 1408 meum
2612 1369 2628 1415 ;
2675 1367 2790 1424 quo
2813 1352 2965 1407 dicto
2995 1350 3268 1422 quidquid
3300 1348 3614 1421 pretiosum
3665 1348 3721 1402 in

2145 1445 2236 1500 illa
2267 1453 2385 1499 erat
2411 1444 2578 1499 domo
2600 1443 2881 1499 elatebris
2914 1458 3215 1513 erumpens
3251 1442 3367 1497 suis
3400 1440 3722 1497 confluebat

2142 1545 2341 1608 sponte
2368 1536 2435 1592 ad
2466 1551 2577 1591 me.
2606 1536 2888 1607 Eligebam
2920 1550 3041 1605 qua:
3057 1534 3369 1598 placebant,
3422 1532 3724 1603 portanda-

2142 1646 2251 1702 que
2272 1631 2467 1686 dabam
2489 1629 2678 1686 sociis.
2705 1630 2825 1685 Mox
2844 1645 3037 1684 rursus
3061 1629 3437 1684 incantatione
3466 1625 3705 1698 repetita

2142 1723 2606 1779 inscendebamus
2634 1722 2819 1777 radios
2851 1722 3015 1786 lunae,
3039 1720 3549 1788 famulantibusqne
3608 1718 3721 1772 illis

2142 1830 2242 1886 per
2267 1816 2489 1870 easdem
2521 1814 2791 1870 fenestras
2814 1813 3191 1878 evolabamus,
3225 1827 3328 1866 nos
3361 1811 3720 1882 praedamque

2142 1908 2195 1962 in
2226 1916 2403 1962 tutum
2435 1906 2790 1977 recipientes.
2822 1890 2948 1960 Haec
2977 1904 3127 1961 fures
3159 1904 3452 1960 audientes
3498 1905 3553 1959 in
3590 1905 3721 1960 sinu

2141 2002 2477 2074 gaudebant,
2533 2002 2867 2071 aiebantque
2901 2001 3242 2073 gratulantes
3288 2009 3503 2064 mutuo,
3549 1999 3723 2054 Bonis

2141 2096 2339 2151 avibus
2367 2093 2476 2149 huc
2521 2094 2816 2160 venimus;
2852 2093 3020 2148 nullis
3051 2107 3295 2162 unquam
3344 2090 3570 2145 furibus
3605 2098 3717 2143 tam

2137 2187 2434 2258 propitiam
2496 2186 2741 2241 Laverna
2792 2200 2850 2241 se
2891 2184 3144 2256 praebuit.
3183 2183 3262 2238 En
3328 2184 3423 2239 ubi
3488 2182 3720 2237 minime

2138 2282 2474 2353 putabamus
2497 2288 2669 2336 artem
2694 2280 2992 2335 didicimus
3012 2286 3227 2333 montes
3245 2292 3441 2332 aureos
3458 2275 3715 2347 parandi,

2139 2375 2436 2430 securitate
2469 2375 2539 2429 ab
2571 2373 2722 2429 omni
2754 2382 2904 2429 metu
2935 2389 3173 2429 summa.
3214 2373 3361 2441 Quin
3415 2372 3525 2440 iam
3584 2371 3720 2426 hinc

2140 2467 2388 2525 indicato
2434 2469 2764 2539 compendio
2827 2469 3060 2535 utimur,
3120 2477 3176 2524 et
3203 2468 3373 2523 armis
3401 2468 3548 2521 buuc
3599 2466 3720 2520 suis

2140 2561 2426 2630 petimus?
2449 2559 2654 2617 Omnes
2683 2571 3039 2617 assenserunt
3067 2578 3082 2615 :
3112 2570 3547 2632 exspectatoque
3580 2558 3717 2612 dum

2138 2654 2227 2708 vir
2256 2655 2571 2724 mulierque
2602 2655 2803 2710 iterum
2838 2654 3345 2719 obdormiscerem,
3377 2654 3469 2707 ubi
3501 2652 3719 2719 sopitos

2138 2754 2426 2816 putarunt,
2460 2763 2785 2817 progressus
2806 2749 2988 2821 furum
3022 2751 3279 2817 princeps
3308 2752 3375 2800 ad
3408 2747 3717 2801 fenestram

2137 2831 2238 2908 per
2265 2854 2428 2908 quam
2484 2840 2626 2894 luna:
2686 2839 2877 2895 radius
2940 2840 3179 2902 subibat,
3229 2839 3433 2909 septies
3479 2835 3722 2907 protulit

2136 2930 2387 2986 auditum
2426 2933 2935 2988 incantamentum:
2966 2931 3162 2996 Semel,
3220 2930 3399 2992 semel,
3433 2940 3565 2989 etc.,
3592 2938 3715 2984 tum

2137 3026 2346 3096 impetu
2407 3026 2661 3082 insiliens
2708 3027 2865 3098 quasi
2926 3028 2994 3083 ad
3053 3026 3473 3097 iuequitandum
3530 3023 3715 3078 lunari

2137 3122 2316 3187 radio,
2340 3119 2393 3176 in
2427 3132 2593 3189 caput
2622 3121 2888 3185 concidit,
2934 3121 3123 3176 sonitu
3173 3135 3411 3189 magno;
3448 3117 3513 3172 ad
3545 3132 3715 3185 quem

455 3200 630 3256 nicies
662 3202 996 3271 impendeat.
1029 3202 1235 3273 Apage,
1270 3204 1343 3256 mi
1378 3202 1462 3256 vir
1485 3201 1709 3273 (mulier
1734 3201 2029 3271 reposuit),

2138 3229 2431 3283 erumpens
2464 3213 2609 3269 fuste
2656 3223 2919 3284 correpto
2971 3212 3381 3284 paterfamilias,
3445 3209 3713 3264 aﬂlictum

455 3294 899 3363 intempestivam
948 3294 1093 3349 hanc
1143 3294 1532 3348 formidinem:
1594 3310 1704 3349 nox
1760 3293 2029 3349 concubia

453 3398 562 3451 est,
617 3387 800 3442 clausa
855 3386 1073 3449 domus,
1132 3403 1235 3443 nos
1289 3387 1379 3442 hic
1435 3387 1582 3441 soli:
1637 3402 1802 3458 quem
1837 3383 2030 3440 adesse

454 3495 618 3550 posse
651 3480 749 3536 tibi
782 3480 940 3551 ﬁngis
955 3480 1048 3550 qui
1077 3481 1224 3551 quod
1252 3482 1497 3551 loqueris
1520 3480 1749 3535 audiat?
1780 3481 2031 3549 Respon-

452 3575 536 3628 dit
569 3572 1183 3645 vieruandoquidem
1235 3590 1324 3629 me
1373 3575 1546 3645 cogis,
1611 3573 1858 3645 aperiam
1912 3588 2026 3627 rem

454 3676 669 3732 totam;
726 3664 821 3720 sed
853 3663 980 3720 vide
1036 3681 1137 3736 pro
1165 3680 1231 3721 eo
1280 3670 1548 3736 quantum
1596 3664 1747 3721 salus
1800 3664 1899 3719 tibi
1937 3671 2031 3718 tua

452 3774 685 3828 meaque
738 3758 890 3813 cordi
941 3766 1050 3822 est,
1104 3774 1172 3812 ne
1201 3774 1441 3828 unquam
1491 3759 1750 3828 cuiquam
1783 3755 2026 3828 prodas,

451 3868 564 3907 non
597 3854 865 3922 cognatis,
889 3868 999 3908 non
1041 3851 1325 3908 fratribus.
1362 3851 1499 3907 Nam
1533 3852 1658 3907 dico
1691 3851 1787 3906 tibi
1839 3850 2030 3907 edico-

453 3962 563 4016 que
595 3944 817 4010 iterum,
850 3946 946 4001 sia
980 3960 1259 4016 quoquam
1292 3944 1585 4005 resciatur.
1619 3959 1814 3999 omnes
1841 3942 2027 3998 omnia

451 4038 772 4110 perdemus,
846 4053 1128 4109 superque
1192 4036 1297 4108 ipsi
1363 4037 1632 4110 continuo
1697 4035 2023 4106 peribimus.

452 4106 578 4187 llaec
606 4131 865 4186 videlicet
917 4106 1155 4202 (fatebor
1205 4106 1353 4185 enim
1390 4129 1481 4184 hic
1511 4106 1634 4198 tibi)
1671 4128 1818 4182 furto
1848 4128 2028 4183 lucra-

451 4233 544 4285 tus
574 4225 827 4278 universa
882 4237 1027 4285 sum,
1063 4221 1202 4276 nihil
1252 4236 1361 4276 non
1420 4221 1552 4274 mihi
1586 4228 1906 4289 congestum
1957 4234 2024 4274 ex

452 4318 665 4389 rapina.
702 4317 959 4372 Perculsa
1014 4306 1163 4371 dicto
1220 4314 1458 4370 mulier:
1492 4313 1646 4378 Mira,
1685 4314 1885 4384 inquit,
1947 4312 2022 4367 mi

451 4410 559 4473 vir,
629 4423 867 4475 narras;
918 4422 1040 4461 nam
1093 4418 1150 4463 et
1201 4416 1312 4461 tam
1362 4406 1533 4462 multa
1571 4407 1622 4460 in
1676 4404 2027 4475 possessione

449 4509 639 4554 nostra
675 4507 823 4563 sunt,
860 4515 981 4569 qure
1010 4498 1393 4554 dillicillimum
1426 4500 1501 4553 sit
1529 4497 1747 4554 creditu
1804 4495 2023 4551 eorradi

2131 3308 2312 3362 valide
2339 3306 2600 3376 pulsavit,
2632 3305 2979 3377 ingeminans
3009 3305 3076 3360 ad
3125 3306 3268 3361 ictus
3296 3302 3548 3375 singulos
3575 3318 3589 3354 :
3627 3300 3711 3355 Tu

2132 3401 2269 3473 quis!
2293 3401 2394 3455 es?
2429 3399 2615 3455 Atille
2651 3416 2665 3452 :
2701 3398 2888 3465 Cessa,
2917 3398 3122 3469 inquit,
3147 3406 3204 3452 et
3253 3396 3432 3451 dicam
3461 3412 3476 3448 :
3528 3393 3716 3448 Stulte

2131 3490 2392 3549 credulus
2416 3490 2551 3546 mihi
2584 3506 2795 3546 nomen.
2814 3500 2921 3547 est.
2952 3490 3103 3545 Idem
3132 3504 3234 3559 ego
3264 3505 3334 3543 ne
3375 3486 3510 3541 mihi
3569 3500 3714 3540 con-

2133 3587 2367 3658 tingeret
2392 3585 2647 3650 verebar,
2679 3585 2724 3640 si
2756 3585 2969 3640 somnia
3006 3582 3360 3638 narrantibus
3386 3596 3484 3635 sua
3519 3580 3716 3634 multi-

2131 3678 2393 3734 formium
2425 3677 2882 3749 superstitionum
2933 3676 3278 3748 praeconibus
3325 3675 3463 3730 citra
3508 3673 3717 3743 pignus

2128 3768 2393 3824 idoneum
2438 3768 2601 3824 fidem
2629 3767 2967 3823 addicerem.

2126 3900 2253 3960 Car.
2296 3903 2356 3957 ν.
2388 3930 2456 3942 -——
2481 3900 2702 3973 Persae:
2735 3901 3039 3973 religionem
3064 3919 3095 3956 a
3131 3900 3433 3973 parentibus
3453 3899 3717 3973 traditam

2197 3974 2463 4041 reprobat.
2498 3969 2862 4040 Bene/iocatio:
2906 3973 3203 4026 vacandum
3251 3972 3455 4024 statuit.
3496 3969 3708 4022 Pertur-

2199 4044 2430 4098 bationes
2462 4045 2843 4097 vehementiam
2880 4044 3154 4113 affectuum
3198 4058 3359 4112 quam
3405 4041 3509 4094 sint
3542 4041 3717 4094 noxiae

2196 4114 2455 4184 parabola
2492 4114 2839 4169 demonstrat.

2197 4227 2423 4282 Interim
2459 4227 2512 4282 in
2541 4227 2641 4283 hac
2669 4244 2788 4283 mea
2829 4229 2975 4283 var'a
3000 4237 3056 4283 et
3082 4228 3241 4283 anxia
3266 4226 3630 4298 inquisitione
3649 4226 3716 4279 de

2126 4319 2310 4385 sectis,
2378 4319 2512 4373 illud
2566 4319 2842 4383 tenebam,
2899 4337 2969 4375 ne
3021 4322 3073 4376 in
3105 4321 3313 4377 scelera
3362 4321 3714 4379 incurrerent

2128 4428 2326 4481 meque
2356 4428 2554 4483 purum
2586 4414 2655 4468 ab
2702 4414 2849 4468 omni
2895 4414 3199 4470 offensione
3245 4431 3549 4486 servarem,
3588 4436 3715 4490 qua:

2127 4509 2428 4578 perniciem
2462 4514 2650 4577 posset
2671 4507 2888 4562 aﬂ‘erre.
2937 4508 3410 4577 Pergens'autem
3469 4511 3709 4568 interro-

449 4590 887 4662 cougrcgarique
947 4590 1185 4645 furando
1243 4590 1524 4660 potuisse;
1587 4598 1644 4644 et
1698 4600 1791 4643 tua
1853 4589 2025 4659 ipsius
2060 4614 2255 4676 ngare
2306 4600 2446 4664 illos,
2497 4599 2589 4670 qui
2660 4599 2899 4655 consulti
2952 4601 3224 4672 peritique
3279 4604 3620 4672 putabamur
3645 4605 3716 4662 de

451 4685 595 4739 hanc
656 4683 973 4752 Opinionem
1016 4682 1222 4738 refutat
1256 4681 1439 4737 fama:
1498 4684 1581 4736 vir
1641 4683 1788 4736 enim
1846 4682 2024 4735 bonus

447 4778 613 4847 vulgo
667 4775 1025 4831 existimaris.
1086 4775 1320 4845 Nempe,
1379 4775 1455 4830 ait
1490 4775 1742 4837 maritus,
1799 4788 2021 4828 carmen

446 4871 717 4941 magicum
746 4868 975 4924 adhibui
1006 4867 1261 4923 ellicaciae
1301 4867 1566 4932 mirificac,
1604 4868 1765 4937 cujus
1825 4868 1876 4920 vi
1931 4883 2022 4921 ar-

448 4978 585 5018 cana
641 4963 714 5016 ita
743 4962 975 5032 juvabar
1002 4962 1055 5016 in
1090 4961 1343 5025 furaudo,
1383 4971 1440 5017 ut
1492 4976 1834 5031 quacunque
1879 4975 2017 5015 cou-

448 5054 728 5123 cupieram
764 5052 1061 5124 quantovis
1107 5069 1362 5116 numero,
1416 5052 1695 5123 quantivis
1757 5052 1917 5122 pretii
1958 5069 2023 5108 ac

451 5146 608 5201 molis
652 5155 860 5212 essent,
918 5145 1256 5199 attraherem
1337 5136 1804 5215 congereremque
1875 5143 2021 5198 unde

446 5258 510 5298 ac
538 5258 649 5313 quo
679 5242 967 5296 volebam:
1003 5239 1259 5309 idemque
1313 5249 1516 5302 tamen,
1545 5238 1860 5307 suspicione
1892 5253 2021 5308 pro-

445 5335 534 5388 cul
559 5334 730 5397 omni,
751 5330 1176 5387 existimationis
1204 5332 1349 5401 apud
1377 5346 1570 5386 omnes
1598 5347 1764 5400 quam
1796 5331 2021 5400 optimae

446 5426 850 5495 possessionem
870 5424 1256 5479 inconcussam
1282 5416 1489 5477 tuerer.
1508 5420 1669 5492 Papae
1693 5425 1706 5477 l
1731 5422 2022 5491 (exclamat

444 5518 538 5572 hic
571 5517 790 5587 mulier)
849 5516 1120 5586 stupenda
1179 5530 1474 5579 memoras,
1533 5524 1592 5569 ut
1650 5516 1792 5570 scire
1841 5517 2019 5586 gestio

444 5612 557 5678 quo
592 5610 645 5663 id
675 5619 859 5663 actum
914 5608 1080 5664 modo
1115 5608 1222 5663 siti
1261 5608 1327 5661 Et
1361 5608 1482 5662 ille:
1522 5607 1651 5667 Pax,
1709 5608 1910 5677 inquit,
1945 5609 2018 5664 sit

444 5699 654 5754 rebus:
707 5701 753 5755 si
775 5700 1041 5769 quiescis,
1083 5708 1257 5755 totum
1308 5697 1520 5752 audies.
1564 5680 1856 5752 Prodibam
1902 5700 2017 5768 ple-

444 5793 661 5847 uilunio
692 5809 791 5865 per
843 5804 1063 5850 noctem
1091 5810 1118 5858 °,
1155 5800 1315 5846 erant
1344 5806 1451 5844 una
1512 5806 1726 5845 mecum
1764 5793 2015 5854 comites,

441 5885 879 5942 escendebamus
908 5886 962 5941 in
1003 5884 1273 5941 fenestras
1302 5882 1499 5938 mdium
1537 5898 1674 5956 quas
1711 5884 2013 5955 ἀρνητιὶηὶ

2126 4692 2476 4762 dogmatibus
2508 4708 2629 4763 quas
2653 4708 2751 4762 pro
2784 4692 3108 4749 indubitatis
3137 4695 3526 4760 venditabant.
3556 4710 3710 4754 sata-

2126 4785 2317 4855 gebam
2342 4785 2718 4855 proponendis
2741 4787 3080 4857 argumentis
3104 4786 3159 4841 in
3179 4796 3523 4845 contrarium
3549 4792 3711 4858 meis,

2126 4877 2515 4947 responsisque
2550 4877 2796 4948 ipsorum
2821 4878 3131 4944 eliciendis,
3175 4880 3495 4938 satisfacere
3522 4886 3712 4939 animo

2125 4983 2272 5031 meo,
2306 4967 2829 5039 deprehendereque
2861 4970 2905 5025 si
2957 4985 3063 5038 qua
3122 4987 3337 5041 possem
3390 4975 3708 5040 veritatem,

2125 5069 2310 5115 certus
2333 5060 2383 5114 ei
2416 5062 2584 5116 semel
2621 5062 2857 5117 inventa:
2877 5063 3157 5118 mordicus
3194 5065 3431 5122 luet-ere.
3455 5068 3563 5124 Sed
3582 5085 3707 5125 cum

2125 5168 2187 5207 ea
2218 5169 2338 5223 qua:
2368 5154 2712 5233 superciliosi
2746 5155 2824 5209 illi
2852 5156 3097 5225 magistri
3142 5159 3485 5227 rcponebaut
3545 5178 3710 5233 argu-

2124 5220 2579 5309 mentationibus,
2610 5244 2727 5298 veri
2771 5245 3147 5301 characterem
3209 5264 3317 5303 non
3355 5220 3704 5320 praeferrent,

2124 5349 2226 5388 nec
2252 5335 2478 5388 omnino
2508 5334 2807 5404 quidquam
2859 5336 3218 5391 ostenderent
3264 5340 3398 5394 satis
3445 5341 3705 5401 solidum.

2126 5425 2252 5481 utei
2285 5440 2478 5480 secure
2511 5440 2726 5495 possem
2755 5427 2934 5491 inniti,
2984 5429 3280 5483 :estuabam
3331 5439 3391 5485 ut
3447 5434 3600 5501 prius
3652 5445 3707 5489 et

2124 5519 2367 5575 incertus
2404 5519 2691 5575 sententiae
2734 5521 3063 5589 pendebant.
3116 5521 3298 5589 Quare
3350 5525 3506 5580 velut
3561 5526 3705 5583 fessa

2123 5613 2625 5681 peregrinationum
2650 5613 2827 5667 anima
2875 5629 2992 5667 mea
3020 5630 3086 5669 eo
3111 5616 3433 5681 inclinabat,
3496 5628 3559 5673 ut
3610 5635 3705 5674 ac-

2122 5702 2513 5771 quiescendum
2533 5704 2638 5758 sibi
2664 5706 3081 5774 putaretdomi:
3112 5709 3431 5776 tenendum,
3454 5711 3699 5781 inquam,

2125 5795 2179 5847 in
2210 5795 2431 5865 negotio
2465 5796 2746 5866 religionis
2773 5798 3021 5866 duceret,
3058 5801 3327 5872 quidquid
3362 5802 3585 5858 demum
3610 5821 3701 5873 pa-

2127 5898 2327 5953 rentes,
2358 5898 2409 5943 ct
2443 5876 2694 5959 exemplo
2726 5891 3090 5961 punivissent,
3121 5901 3175 5948 et
3215 5893 3380 5951 verbo
3415 5895 3698 5956 docerent.
