4016 6524
326 392 454 454 1241

1205 390 1590 453 SPECIMEN
1633 394 2068 458 SAPIENTI/E
2103 400 2466 464 lNDORUH
2505 405 2678 464 VET.

3424 406 3448 473 1
3459 411 3562 472 242

316 503 423 558 Sed
462 499 656 555 retorsi
685 515 786 569 ego
815 515 932 554 eam
965 500 1032 555 ab
1089 499 1194 555 isto
1252 503 1555 570 proposito;
1592 505 1892 574 monuique
1923 511 1968 570 Α
1997 520 2310 580 correptum
2336 513 2591 568 miserum
2627 514 2874 570 convicio
2908 515 3072 571 trahit
3115 517 3180 571 ad
3205 517 3460 586 ju-licem,
3497 537 3564 574 ex

315 596 477 665 longe
515 610 634 649 esse
667 595 860 648 melius
896 595 949 648 in
987 594 1158 662 priori
1195 596 1476 664 quaerendi
1518 599 1746 651 consilio
1765 613 1891 666 per-

314 697 482 740 stare.
514 685 786 738 lnfirmam
811 701 959 739 entm
1012 686 1425 755 excusationem
1487 688 1692 740 erranti
1754 688 1889 754 fore,

312 779 670 832 domesticam
701 776 1025 837 doctrinam,
1071 777 1162 832 ubi
1194 777 1333 832 forte
1368 779 1538 856 ipsius
1563 779 1785 834 ductum
1804 797 1888 836 sc-

313 880 477 923 cutus
515 871 568 923 in
601 869 829 923 exitium
875 871 1170 923 corruerit.
1218 870 1352 923 Nam
1415 870 1536 938 quis
1579 881 1892 938 compertus

313 963 647 1030 magicorum
680 963 902 1023 artium,
953 962 1174 1030 impune
1219 962 1482 1028 judicium
1535 963 1710 1015 evasit
1761 963 1892 1017 alle-

311 1056 494 1120 gando
529 1054 694 1106 fuisse
741 1053 844 1106 sibi
899 1069 995 1106 eas
1027 1070 1056 1107 a
1089 1064 1240 1122 patre
1272 1069 1429 1124 mago
1485 1055 1742 1108 traditas?
1773 1056 1889 1109 Non

311 1163 446 1200 sane
483 1146 652 1214 magis
685 1162 847 1215 quam
883 1146 1152 1201 ebrietate
1176 1163 1241 1201 ac
1292 1148 1511 1215 crapula
1569 1148 1886 1212 quotidiana

310 1241 682 1294 valetudinem
719 1255 1078 1307 corrumpens
1110 1248 1202 1294 aut
1228 1239 1441 1295 censori
1488 1240 1678 1294 vitium
1702 1240 1888 1309 objur-

311 1332 462 1401 ganti
491 1332 810 1396 satisfaciet,
844 1341 940 1386 aut
963 1333 1245 1386 curabitur
1277 1348 1306 1386 a
1361 1333 1567 1385 morbis
1618 1333 1890 1400 intempe-

312 1423 490 1475 rantia
523 1425 843 1488 contractis,
877 1425 1036 1477 simul
1068 1440 1151 1498 ac,
1176 1424 1278 1476 etsi
1311 1439 1454 1488 vere,
1489 1424 1710 1486 dixerit,
1743 1441 1803 1477 ea
1828 1440 1886 1478 se

311 1515 575 1584 dicipliua
613 1515 904 1568 educatum
942 1517 996 1569 in
1021 1527 1244 1585 paterna
1280 1517 1463 1578 domo,
1493 1516 1614 1570 talia
1673 1518 1887 1585 genito-

311 1624 435 1662 rum
465 1609 714 1677 exempla
739 1609 1043 1662 recordari.
1071 1609 1193 1664 Ista:
1221 1625 1306 1664 me
1328 1625 1507 1664 causai
1529 1611 1888 1678 perpulerunt

310 1700 374 1754 ad
407 1699 804 1768 reprobandam
859 1709 1145 1767 parentum
1210 1715 1454 1752 meorum
1507 1700 1574 1754 de
1625 1700 1886 1769 religione

309 1793 666 1858 sententiam;
702 1792 846 1847 unde
874 1792 1003 1846 hinc
1026 1793 1278 1860 repulsus
1308 1791 1462 1861 quasi
1510 1807 1652 1845 novo
1676 1793 1883 1860 princi-

1995 603 2114 672 lege
2154 606 2342 674 utique
2385 615 2656 660 acturum.
2711 608 2852 680 Ergo
2907 610 3159 678 equidem
3221 613 3274 664 in
3325 611 3563 665 animum

1995 697 2181 752 induxi
2214 715 2321 753 non
2377 700 2747 762 committere,
2801 709 2860 755 ut
2902 703 3315 771 perturbatione
3371 706 3566 758 utentis

1993 790 2210 860 ineptus
2239 792 2436 846 actioni
2477 790 2619 855 fiam,
2651 794 2742 846 sed
2785 810 2980 848 sereno
3010 811 3223 864 semper
3247 797 3568 863 tranquillo-

1992 899 2098 951 que
2125 885 2224 937 sim
2275 885 2477 948 animo,
2536 885 2821 952 expeditus
2873 886 3154 939 alacritate
3212 886 3464 954 prmsenti
3497 887 3560 939 ad

1991 975 2292 1028 navandam
2324 977 2484 1043 :egris
2511 992 2752 1044 operam,
2781 977 3158 1046 juvaudosque
3187 978 3407 1047 quosvis
3459 994 3562 1045 ope

1990 1069 2483 1136 quomodocunque
2509 1069 2817 1138 indigentes
2846 1085 2981 1132 mea;
3021 1085 3144 1122 nam
3191 1070 3243 1122 in
3281 1086 3560 1122 cmtnncno

1990 1159 2164 1212 danda
2195 1159 2576 1220 beneficentia,
2604 1176 2811 1221 omnes,
2849 1161 2900 1212 in
2927 1161 3049 1213 aliis
3085 1161 3560 1215 licctdisst-ntien-

1992 1261 2090 1312 tes.
2116 1267 2321 1304 sumtua
2349 1251 2643 1304 concordia
2659 1263 2818 1304 scene
2857 1252 3212 1306 conveniunt.

1987 1386 2110 1441 CAP.
2143 1388 2224 1441 VI.
2255 1418 2311 1426 ——
2345 1389 2586 1445 Perzoes,
2623 1388 2875 1453 pendente
2915 1389 3085 1441 adhuc
3107 1388 3475 1444 deliberatione
3502 1391 3564 1441 de

2060 1459 2324 1527 religione.
2358 1460 2670 1511 innocentia’
2692 1474 2754 1508 ac
2775 1459 3088 1526 benignitati
3129 1461 3338 1512 studere
3386 1468 3559 1511 (terer-

2057 1531 2155 1592 rtit;
2191 1531 2301 1652 (311$
2325 1531 2413 1598 qui
2439 1546 2586 1583 secus
2617 1530 2795 1598 fecerit
2836 1528 3064 1582 stultitia
3111 1546 3203 1600 per
3248 1530 3561 1600 parabolam

2057 1609 2194 1652 osten
2237 1603 2364 1652 itur.

2054 1609 2364 1654 ostenditur.

2056 1714 2323 1770 Constitui
2349 1727 2608 1784 praeterea
2627 1730 2735 1772 non
2757 1717 2932 1771 solum
2955 1716 3315 1772 homicidium
3340 1732 3556 1779 cavero,

1984 1805 2079 1861 sed
2111 1808 2424 1875 apulsando
2459 1823 2752 1877 quoquam,
2806 1823 2868 1861 ac
2933 1808 2982 1862 vi
3031 1808 3221 1876 quavis
3274 1807 3560 1860 inferenda

309 1887 402 1954 pio
448 1887 503 1939 in
547 1901 774 1939 examen
824 1884 1361 1952 explorationemque
1412 1883 1653 1938 sedulam
1708 1890 1882 1937 secta-

1989 1901 2077 1954 ulli
2126 1901 2349 1954 omnino
2380 1910 2710 1968 temperare;
2764 1899 2980 1954 decrevi
3018 1913 3235 1967 quoque
3285 1898 3562 1951 abstinere

310 1994 430 2031 rttm
463 1979 704 2031 animum
737 1976 928 2031 admisi
965 1993 979 2029 :
1007 1991 1117 2045 quo
1145 1976 1272 2028 dum
1303 1976 1396 2029 diu
1447 1992 1635 2028 versor
1684 1976 1735 2028 in
1781 1991 1878 2030 ne-

308 2072 477 2140 gotio,
505 2068 860 2123 animadverti
905 2082 1156 2136 magnam
1206 2081 1292 2120 me
1337 2066 1444 2136 jam
1498 2067 1621 2119 vita:
1670 2073 1879 2134 partetn

312 2176 622 2224 emensum,
651 2161 805 2214 senio
829 2169 886 2213 et
913 2160 1073 2212 morti
1108 2160 1501 2229 propinquare.
1541 2159 1648 2212 Hac
1671 2159 1882 2228 pulsata
1912 2191 1915 2194 -

308 2253 642 2323 cogitatione
676 2267 829 2306 mens
858 2252 910 2304 in
937 2250 1062 2304 linis
1088 2252 1179 2319 qui
1215 2266 1406 2306 omnes
1459 2261 1641 2305 manet
1688 2259 1744 2305 et
1774 2250 1879 2304 mi-

308 2346 575 2414 grationis
599 2360 665 2400 ex
702 2345 804 2398 hoc
849 2345 1060 2397 mundo
1088 2343 1577 2398 considerationem
1633 2343 1886 2398 incubuit

309 2453 406 2505 per
435 2444 698 2488 attentam
725 2444 886 2502 atque
919 2449 1100 2487 acrem
1144 2436 1211 2488 eo
1253 2433 1448 2488 effectu
1504 2440 1562 2486 ut
1612 2432 1882 2502 quidquid

308 2537 537 2596 apparet
580 2541 748 2594 seque
799 2533 1037 2579 ostentat
1090 2525 1336 2587 speciose
1392 2527 1445 2577 in
1500 2525 1601 2578 hac
1647 2525 1880 2592 quadam

311 2622 504 2676 mundi
529 2637 712 2685 scena,
760 2621 896 2675 nihil
946 2621 1048 2673 nisi
1106 2620 1298 2673 umbra
1353 2621 1649 2674 videretur.
1705 2619 1882 2674 Statui

308 2726 492 2769 autem
515 2713 874 2768 insistendum
906 2713 1038 2766 mihi
1063 2712 1439 2768 exercitationi
1488 2711 1882 2775 beneficentia,

306 2822 537 2876 sperans
594 2821 658 2859 ea
705 2816 1130 2860 consecuturum
1184 2820 1291 2869 me,
1339 2812 1399 2858 ut
1453 2805 1614 2858 bonis
1649 2804 1782 2858 viris
1828 2812 1888 2857 et

306 2900 572 2970 prteelara
611 2915 708 2968 per
741 2901 908 2953 vitam
941 2900 1181 2968 operalis
1211 2914 1626 2952 annumerarer.
1653 2898 1886 2952 Decrevi

306 2995 473 3048 etiam
501 2992 826 3055 cavendum,
855 3009 921 3046 ne
954 2993 1156 3046 nimius
1189 2993 1242 3046 in
1281 2992 1413 3046 illud
1451 2991 1626 3060 ipsum
1678 3006 1788 3060 quo
1811 2991 1888 3046 fe-

307 3086 473 3138 rebar
502 3084 791 3153 indagandi
826 3085 938 3136 veri
965 3084 1205 3137 studium
1234 3085 1480 3140 affectus.
1513 3093 1761 3137 avocaret
1801 3096 1886 3136 me

303 3192 334 3230 a
370 3175 648 3232 functione
668 3176 1038 3230 curandorum
1067 3191 1355 3246 :cgrorum;
1388 3176 1577 3244 sicque
1620 3174 1766 3229 iners
1796 3191 1891 3228 ue-

1985 1993 2167 2046 verbis
2195 1993 2473 2048 maledicis
2501 2008 2564 2046 ac
2592 1994 2864 2062 turpibus,
2906 2009 3010 2046 non
3033 1991 3223 2052 furari,
3245 2007 3352 2043 non
3373 1989 3557 2042 iraSci'

1986 2087 2118 2142 nulli
2193 2086 2438 2142 fraudem
2508 2090 2708 2143 moliri.
2778 2087 3042 2143 Abdicavi
3107 2086 3559 2141 consuetudinem

1988 2181 2278 2234 mulierum
2339 2197 2710 2250 venereasque
2782 2182 3136 2249 voluptates;
3193 2177 3438 2232 adamavi
3507 2185 3563 2228 et

1989 2268 2131 2321 colui
2189 2269 2629 2338 temperantiam,
2679 2270 2948 2323 custodivi
3007 2269 3245 2338 linguam
3307 2281 3481 2320 meam
3531 2279 3560 2317 a

1990 2357 2295 2419 mendacio,
2325 2359 2391 2411 ab
2425 2357 2572 2412 omni
2617 2360 2782 2412 verbo
2827 2357 3004 2412 otioso
3035 2368 3089 2412 et
3135 2355 3320 2419 noxio;
3375 2353 3561 2406 studui

1990 2449 2179 2502 mitem
2204 2464 2264 2502 ac
2289 2450 2584 2503 humanum
2617 2450 2861 2519 praebere
2909 2465 2992 2501 me
3020 2448 3275 2500 omnibus
3334 2445 3561 2511 ubique.

1990 2540 2168 2608 Atque
2203 2540 2315 2594 lure
2345 2541 2508 2594 statui
2558 2541 2687 2594 licet
2757 2540 2997 2592 nondum
3058 2541 3215 2608 plane.
3273 2551 3567 2604 persuasus

1989 2644 2165 2684 essem
2187 2631 2253 2682 de
2279 2630 2458 2684 futura
2489 2631 2911 2693 resurrectione,
2941 2629 3118 2698 deque
3179 2628 3419 2698 praemiis
3468 2627 3567 2679 bo-

1990 2735 2188 2775 norum
2243 2721 2527 2790 pomisque
2577 2723 2844 2775 malorum
2903 2735 3024 2789 post
3071 2721 3214 2773 illam
3271 2731 3568 2786 repracsen-

1993 2812 2192 2867 tandis.
2233 2811 2416 2882 Longe
2451 2825 2536 2865 me
2571 2812 2791 2880 abjunxi
2825 2829 2853 2866 a
2886 2810 3136 2864 convictu
3166 2816 3220 2862 et
3281 2805 3564 2860 familiari-

1991 2905 2098 2958 late
2128 2904 2412 2957 hominum
2467 2903 2865 2972 improborum,
2921 2901 3170 2956 all‘ectavi
3211 2897 3566 2952 consuetudi-

1993 3010 2116 3048 nem
2149 3010 2271 3048 cum
2297 2994 2541 3049 honestis
2575 3003 2629 3049 et
2675 2997 2858 3066 justis.
2917 2994 3031 3047 Pra:
3091 2991 3346 3046 omnibus
3401 2991 3564 3043 fixum

1995 3086 2178 3140 animo
2197 3087 2370 3147 tenui,
2391 3087 2521 3140 nihil
2549 3102 2670 3141 esse
2697 3084 3065 3155 praestantius,
3092 3083 3398 3141 honestius,
3418 3095 3566 3132 ama-

2003 3176 2174 3231 bilius
2237 3176 2618 3239 beneficentia;
2667 3193 2790 3232 eam
2845 3185 2900 3231 et
2944 3176 3137 3230 amicis
3195 3173 3568 3243 potiorem,et

305 3267 576 3337 gligendis
613 3268 999 3321 occasionibus
1029 3267 1165 3321 bene
1200 3267 1467 3329 merendi,
1504 3275 1719 3335 tempus
1776 3265 1888 3319 otio
1916 3273 1956 3330 C
1991 3270 2222 3338 conjuge
2243 3270 2550 3324 chariorem
2585 3270 2719 3323 mihi
2759 3284 2880 3324 esse
2904 3268 3126 3331 debere;
3156 3266 3298 3320 banc
3327 3264 3436 3319 Deo
3468 3279 3566 3316 vo-

306 3371 673 3423 contererem;
707 3360 884 3429 quoad
917 3376 1004 3412 me
1044 3375 1298 3429 suprema
1321 3360 1442 3414 dies
1486 3367 1780 3428 occuparet
1801 3359 1896 3413 de-

304 3457 562 3510 stitutum
611 3455 941 3524 supellectili
986 3456 1331 3519 meritorum,
1389 3469 1550 3523 quam
1581 3469 1772 3522 parare
1836 3452 1890 3504 in

306 3548 815 3617 opportunitatibus
865 3547 1266 3616 neglexissem:
1321 3563 1445 3600 nam
1505 3560 1697 3615 magna
1753 3544 1894 3598 inest

304 3642 389 3693 vis
411 3639 916 3708 perturbationibus
936 3639 1181 3691 animum
1211 3638 1547 3699 tenentibus,
1619 3639 1683 3691 ad
1739 3653 1894 3692 aver-

307 3733 526 3785 tendam
564 3729 919 3784 attentionem
959 3729 1318 3784 necessariam
1355 3729 1608 3799 gerendis
1637 3745 1703 3783 ex
1756 3745 1893 3798 pra:-

307 3824 450 3879 senti
485 3821 673 3883 rebus,
710 3833 871 3890 prout
916 3823 1228 3876 declaratur
1275 3821 1426 3875 brevi
1489 3821 1667 3876 fabula
1726 3837 1887 3890 quam

309 3914 445 3967 tanti
476 3921 561 3966 est
591 3930 837 3967 narrare.
890 3912 1122 3978 Quidam
1179 3922 1532 3967 contraxerat
1585 3913 1889 3968 necessitu-

306 4007 488 4060 dinem
515 4006 688 4059 illiciti
725 4006 928 4058 amoris
965 4021 1089 4059 cum
1127 4007 1354 4060 muliere
1399 4015 1588 4075 nupta;
1616 4021 1736 4074 quae
1755 4020 1890 4060 ma:-

305 4099 412 4150 cho
440 4095 737 4164 gratificata
764 4096 1032 4163 posticum
1081 4105 1364 4163 paraverat
1412 4111 1510 4163 per
1549 4095 1694 4164 quod
1749 4095 1884 4164 ipse,

305 4189 598 4257 ingruente
626 4189 810 4242 subito
846 4189 1112 4256 periculo,
1135 4187 1364 4256 fugeret.
1385 4189 1628 4254 Quadam
1654 4189 1741 4242 die
1761 4203 1885 4242 cum

305 4296 415 4334 una
448 4289 652 4343 essent,
683 4280 918 4348 pulsavit
943 4279 1242 4348 improviso
1272 4278 1354 4332 vir
1377 4279 1440 4332 ad
1477 4280 1722 4346 januam,
1756 4295 1890 4348 pan-

304 4373 469 4439 dique
497 4373 638 4425 fores
667 4373 982 4438 ingressum
1013 4373 1273 4439 poscebat
1304 4371 1434 4426 sibi.
1466 4370 1704 4424 Turbata
1761 4387 1884 4424 mu-

303 4464 409 4517 licr
430 4464 588 4532 jubet
615 4463 924 4517 adulterum
958 4458 1239 4533 proriperc
1267 4480 1326 4518 se
1358 4465 1424 4517 ad
1459 4466 1715 4518 ostiolum
1763 4481 1887 4534 pro-

305 4570 373 4622 pe
410 4565 655 4621 putcum,
685 4555 840 4625 cujus
893 4555 1099 4607 clavem
1133 4555 1376 4608 e‘vicino
1430 4555 1586 4608 clavo
1638 4555 1883 4623 penden-

1993 3363 2140 3417 lcnte
2172 3363 2330 3418 facile
2360 3365 2560 3433 parari;
2593 3364 2721 3418 huic
2759 3377 2924 3432 porro
2979 3360 3113 3415 nihil
3175 3357 3567 3428 comparabilc,

1995 3456 2116 3524 plus
2139 3456 2284 3509 enim
2315 3457 2458 3509 illam
2494 3457 2678 3525 gloria
2709 3457 2908 3511 afferre
2938 3453 3237 3525 possidenti
3293 3468 3352 3507 so.
3402 3466 3566 3520 qn-un

1994 3557 2282 3614 parentqu
2314 3548 2614 3604 claritatem
2645 3558 2738 3602 aut
2759 3563 2890 3617 opes
2916 3547 3237 3601 amicorum.
3264 3545 3427 3597 Docet
3453 3543 3566 3595 lucc

1992 3638 2134 3692 bene
2171 3641 2368 3693 meri-ri
2398 3640 2463 3694 dc
2497 3640 2770 3702 omnibus,
2816 3640 3097 3694 benefacta
3162 3638 3365 3702 ubique
3413 3651 3564 3702 spar-

1991 3745 2135 3799 gere.
2173 3730 2396 3795 Eadem,
2435 3731 2586 3799 large
2625 3732 2752 3786 licet
2783 3731 3055 3790 tribuens.
3109 3727 3392 3796 diSpeudia
3459 3741 3564 3778 non

1989 3821 2178 3883 sentit;
2206 3823 2299 3875 sed
2336 3837 2444 3890 quo
2484 3823 2604 3889 plus
2631 3823 2816 3886 donat,
2853 3822 2975 3889 plus
3004 3819 3263 3873 abundat.
3299 3817 3416 3870 Non
3440 3832 3564 3870 cor-

1990 3913 2284 3982 rumpitur,
2319 3929 2424 3966 uon
2469 3915 2776 3975 veterascit,
2812 3928 2921 3967 non
2947 3909 3376 3966 circumvenitur
3399 3923 3426 3960 a
3462 3923 3564 3976 po-

1989 4003 2184 4066 tentia,
2231 4018 2338 4057 non
2386 4005 2575 4071 horret
2626 4003 2827 4073 ignem,
2888 4020 2994 4056 non
3033 4002 3186 4055 timet
3231 4000 3398 4056 fures.
3457 4014 3564 4051 non

1989 4091 2248 4146 formidat
2278 4093 2500 4155 bestias,
2545 4109 2652 4146 non
2686 4093 2795 4146 ullo
2844 4092 2984 4145 tristi
3037 4099 3235 4145 cvctttu
3272 4088 3568 4143 conturba-

1990 4195 2080 4238 tur
2113 4203 2127 4239 :
2163 4187 2333 4254 magis
2363 4185 2494 4254 quin
2528 4187 2691 4239 etiam
2723 4187 2778 4240 in
2815 4185 3124 4240 calamitate
3158 4183 3316 4244 nitet,
3342 4191 3397 4237 et
3445 4181 3566 4234 ubi-

1986 4291 2094 4347 que
2135 4288 2341 4347 perstat
2381 4278 2676 4346 iutrepida.
2723 4279 3086 4348 Reperiebam
3153 4285 3360 4339 autem,
3421 4274 3563 4345 apud

1989 4383 2072 4422 mc
2107 4381 2385 4438 reputans,
2412 4385 2506 4422 eos
2541 4371 2630 4439 qui
2659 4381 2863 4424 sectam
2889 4371 3012 4425 vite
3062 4371 3190 4424 huic
3233 4369 3563 4424 contrariam

1985 4462 2242 4530 amplexi,
2274 4463 2474 4516 omissa
2507 4463 2885 4518 benefaciendi
2919 4463 3044 4518 aliis
3068 4457 3222 4526 cura,
3282 4462 3386 4516 sibi
3443 4461 3567 4514 unis

1985 4555 2133 4607 omni
2189 4556 2467 4624 voluptate
2523 4556 2836 4624 saginandis
2885 4556 3048 4611 unice
3107 4555 3301 4609 intenti
3358 4560 3564 4614 essent,

305 4656 416 4699 tem
449 4647 546 4715 ipsi
573 4655 733 4700 antea
764 4656 1096 4700 monstrasse
1116 4663 1172 4700 se
1201 4647 1400 4700 aiebat.
1426 4647 1610 4702 Currit
1640 4663 1748 4716 quo
1767 4647 1890 4700 mit—
1921 4623 1966 4679 θ
1993 4636 2094 4700 sibi
2127 4650 2360 4716 pessime
2389 4651 2696 4706 consulere.
2739 4659 2790 4703 et
2822 4649 3090 4703 atnaritiei
3143 4649 3436 4716 plurimum
3478 4644 3565 4698 in-

307 4741 526 4794 tebatur
555 4740 681 4793 hinc
726 4749 896 4798 metu,
956 4740 1104 4794 illinc
1135 4755 1321 4793 amore.
1353 4756 1416 4793 ac
1449 4739 1724 4794 desiderio
1775 4749 1891 4793 tur-

305 4831 465 4884 batus
495 4831 763 4890 mmehus.
795 4840 845 4885 et
880 4840 938 4884 ut
967 4832 1233 4901 contingit
1264 4833 1372 4885 acri
1403 4848 1532 4885 cura
1579 4833 1884 4901 suspensis,

303 4939 405 4976 nec
434 4924 636 4982 locum,
663 4939 973 4991 quanquam
1025 4934 1414 4992 praaostcnsitm
1465 4940 1883 4993 recognoscere,

302 5031 367 5070 ac
396 5031 498 5070 nec
520 5016 727 5069 clavem
758 5016 1052 5084 januamte
1095 5015 1264 5084 ipsam
1310 5017 1552 5084 reperire
1595 5017 1785 5072 valuit.
1823 5017 1882 5072 lu

304 5111 392 5163 his
438 5110 755 5178 aliquandiu
809 5094 1193 5173 tumultuatus,
1242 5111 1386 5165 redit
1431 5110 1497 5164 ad
1553 5111 1878 5173 adulteram,

297 5203 411 5272 jam
441 5202 613 5269 magis
643 5203 889 5270 proximo
917 5203 1020 5255 viri
1051 5203 1278 5270 appulsu
1308 5204 1618 5266 sollicitam,
1668 5206 1884 5274 procul-

303 5308 413 5361 que
433 5279 696 5346 acclamat
729 5292 977 5346 :Ostium
1003 5293 1069 5346 de
1100 5309 1208 5362 quo
1250 5293 1432 5348 dixisti
1483 5298 1718 5359 evanuit;
1771 5297 1881 5350 cla-

303 5385 387 5438 vis
417 5401 523 5438 non
551 5393 828 5452 comparet
855 5403 868 5438 :
894 5385 1108 5439 animus
1128 5403 1278 5440 meus
1306 5391 1445 5456 apud
1470 5399 1518 5442 te
1551 5402 1656 5452 est,
1681 5406 1876 5445 vacare

306 5477 392 5530 bis
418 5479 728 5544 quaerendis
758 5480 968 5547 nequit.
1001 5478 1098 5533 Cui
1127 5481 1322 5535 mulier
1349 5499 1360 5534 :
1390 5481 1656 5549 Effugiunt
1686 5499 1878 5551 parare

301 5570 454 5637 potui
493 5583 604 5642 reo,
632 5579 870 5624 meutetu
898 5573 1025 5625 dare
1053 5575 1220 5627 stulto
1254 5589 1358 5626 non
1385 5590 1626 5642 possunt;
1649 5585 1701 5629 tu
1726 5592 1875 5640 vero,

304 5669 362 5711 ιιι
396 5659 568 5716 lubet.
612 5659 847 5721 addidit;
883 5660 1058 5714 aderit
1091 5662 1240 5716 brevi
1274 5663 1364 5730 qui
1404 5663 1497 5716 tibi
1538 5678 1644 5732 quo
1679 5665 1876 5726 dignus

303 5765 384 5812 cs,
411 5751 671 5818 pra-beat.
717 5751 804 5805 lll'r
825 5753 1075 5806 :estttanti
1104 5753 1453 5822 cursantique
1484 5755 1879 5810 maritusadul-

303 5848 436 5898 terte
465 5843 863 5916 superveniens
890 5844 1071 5914 plagas
1105 5846 1324 5914 imponit
1353 5845 1662 5903 luculentas
1691 5866 1704 5902 :
1762 5859 1872 5905 tutu

1993 4745 2076 4792 ter
2106 4740 2267 4794 luxus
2323 4756 2386 4794 ac
2415 4741 2735 4794 deliciarum
2768 4741 2932 4795 falsas
2971 4738 3286 4794 dulcedines
3324 4746 3563 4808 gustare;

1991 4832 2308 4901 similesque
2367 4837 2501 4886 istos
2532 4848 2651 4887 esse
2677 4832 2882 4886 homini
2913 4847 3104 4900 parum
3148 4846 3302 4892 sano,
3340 4828 3434 4898 qui
3489 4827 3568 4880 lc-

1992 4924 2365 4977 veuidieculae
2400 4925 2563 4977 unius
2611 4924 3009 4992 iucunditatem
3073 4936 3263 4988 magna
3320 4917 3565 4987 pecunia:

1983 5015 2192 5085 jactura
2226 5017 2486 5085 gravique
2554 5031 2734 5068 rerum
2775 5029 2996 5067 suarum
3027 5012 3354 5065 detrimento
3415 5025 3564 5061 eme-

1989 5107 2077 5162 rit.
2107 5108 2230 5162 Fuit
2267 5111 2526 5163 nimirum
2562 5108 2779 5162 institor
2805 5104 3353 5177 geunnisperegriuis
3388 5101 3563 5160 dives,

1987 5201 2078 5270 qui
2128 5203 2392 5256 artificem
2444 5202 2739 5256 unionibus
2793 5199 3034 5254 forandis
3091 5199 3286 5252 diurna
3341 5206 3561 5250 centum

1989 5302 2336 5347 nttmtnorum
2383 5293 2634 5347 mercede
2683 5291 2966 5346 conduxit.
3006 5293 3209 5344 Praesto
3255 5305 3316 5342 ex
3374 5287 3566 5341 condi-

1987 5396 2075 5440 cto
2107 5386 2281 5439 adfuit
2310 5386 2592 5453 operarius
2629 5385 2680 5438 in
2721 5383 2951 5438 locantis
2977 5384 3162 5441 domo,
3199 5397 3322 5435 cum
3358 5380 3533 5433 instru

1987 5479 2186 5533 utentis
2218 5480 2354 5533 artis
2407 5479 2503 5531 llic
2534 5479 2661 5532 dum
2691 5479 2910 5547 expedit
2946 5493 3003 5532 se
3033 5477 3204 5546 operi,
3239 5475 3386 5528 videt
3424 5475 3562 5526 for'c

1983 5588 2353 5640 suspensame
2382 5572 2535 5625 clavo
2575 5573 2864 5633 citharam,
2903 5579 2957 5625 et
2986 5586 3104 5624 eam
3162 5569 3301 5622 scire
3360 5583 3416 5621 se
3441 5565 3560 5634 pul-

1982 5681 2103 5719 sare
2148 5664 2438 5730 significat.
2501 5665 2748 5718 Prarstns
2811 5664 3225 5734 margaritarum
3278 5659 3554 5719 dominus,

1977 5773 2043 5810 eo
2069 5758 2466 5814 animadverso.
2500 5757 2578 5811 'l‘u
2607 5772 2754 5817 vero,
2779 5759 3141 5826 inqttit,sume
3161 5757 3234 5809 sis
3255 5755 3447 5825 lyram,
3490 5749 3555 5804 lia

1981 5851 2172 5905 bcuter
2197 5866 2421 5907 onerant
2455 5851 2670 5905 tant-uti
2715 5849 2938 5905 dedero.
2997 5851 3086 5906 Illc
3137 5858 3413 5916 arreptum
3461 5859 3556 5897 or.
