4016 6524
422 349 428 354 ’
466 362 600 418 1243

1900 362 2310 429 API’ENDIX.

3566 364 3714 429 1214

461 483 660 539 ganum
691 485 798 524 non
834 470 1024 526 inscite
1046 482 1265 543 tangere
1290 446 1591 543 aggressus,
1646 476 1779 529 mire
1839 476 2040 547 placuit
2072 483 2110 533 Α
2140 482 2264 532 vita:
2297 487 2626 541 ascetarum.
2667 487 2828 549 gustu
2860 477 3077 533 illectus
3108 487 3214 531 tam
3251 479 3424 534 sancti
3449 493 3513 534 ac
3559 481 3719 538 salu-

463 561 808 630 vnluptuario
837 572 1086 630 patrono,
1117 565 1252 618 adeo
1285 574 1341 618 ut
1376 566 1419 620 is
1439 582 1533 618 sua
1558 569 1699 620 Seria
1737 568 1865 621 ludo
1890 578 2037 638 post-

465 654 689 719 habens,
726 665 898 709 totum
930 655 1073 709 diem
1134 657 1411 712 inhiantcr
1445 659 1682 715 audierit
1731 648 2034 715 vibrantem

465 742 597 797 fides
636 745 1021 800 tercbratorem
1046 750 1331 803 unionum.
1362 750 1442 804 Ad
1486 767 1765 821 vesperam
1818 763 2036 807 centum

467 849 715 888 nummos
744 836 1049 891 citharmdo
1081 840 1281 906 petenti
1330 850 1635 895 commotus
1665 843 1898 903 institor,
1938 845 2036 897 At-

464 941 578 994 qui,
609 926 677 979 mi
712 926 895 990 homo,
924 930 1119 999 inquit.
1158 947 1263 985 non
1293 932 1485 1001 plectri
1513 934 1786 997 movendi,
1810 932 1905 989 sed
1956 943 2037 988 te-

468 1017 612 1069 rcbri
635 1019 904 1073 tractandi
928 1024 1234 1076 mercedem
1259 1024 1413 1079 istam
1434 1027 1870 1095 pronuntiarant.
1896 1027 2037 1083 Sane

468 1108 537 1159 ita
567 1116 667 1169 est.
687 1110 878 1164 artifex
912 1112 1020 1174 ait,
1048 1128 1305 1169 caeterum
1342 1118 1474 1171 mihi
1497 1129 1685 1186 parato
1711 1119 1775 1173 ad
1807 1119 2034 1175 locatam

465 1215 707 1266 operam,
728 1204 849 1270 quis
874 1205 1013 1258 alius
1032 1223 1191 1275 quam
1217 1219 1271 1262 tu
1290 1209 1403 1278 ipse
1439 1227 1504 1264 ne
1521 1210 1847 1282 defungercr
1863 1211 2038 1265 obsti-

468 1291 573 1343 tit?
600 1292 700 1344 Mei
733 1296 925 1362 judicii
958 1314 1065 1351 non
1118 1310 1235 1353 erat
1270 1303 1456 1369 quanti
1498 1303 1798 1357 a‘stimares
1848 1320 2041 1360 avoca-

467 1393 648 1438 menta
677 1395 787 1450 tua,
809 1389 942 1441 mihi
970 1389 1144 1445 fraudi
1176 1373 1293 1447 esse
1321 1410 1430 1447 non
1454 1395 1617 1450 debet
1636 1396 1731 1449 tibi
1754 1397 2065 1468 obtempeo-

468 1490 615 1528 rasse
642 1493 654 1525 :
684 1493 852 1544 quare
886 1495 953 1534 ne
988 1492 1036 1534 te
1069 1483 1427 1538 oblectaveris
1463 1488 1786 1541 mercenarii
1816 1490 2035 1555 damno,

468 1567 797 1632 promissum
829 1571 1037 1628 diurnre
1084 1591 1262 1644 opera:
1305 1579 1540 1645 pretium
1585 1579 1771 1634 redde.
1802 1579 2037 1651 Equum

471 1658 709 1722 dicebat.
740 1672 794 1716 ct
826 1665 908 1717 vel
957 1667 1160 1721 invitus
1207 1682 1479 1725 mercator
1519 1682 1739 1727 centum
1788 1690 2040 1730 nummos

469 1753 763 1815 persolvit.
790 1753 1143 1813 inelaboratis
1194 1761 1296 1829 ipsi
1342 1764 1686 1818 manentibus
1718 1765 2035 1821 unionibus.

2139 568 2253 622 bris
2284 569 2538 637 instituti,
2582 586 2910 641 magnopere
2936 571 3073 625 allici
3108 586 3194 625 me
3219 572 3365 627 sensi
3419 572 3488 627 ad
3547 573 3714 628 istam

2138 660 2528 729 professionem
2564 663 2977 731 capessendam.
3016 678 3211 731 meque
3254 679 3379 717 cum
3404 663 3493 718 his
3521 680 3721 734 aggre-

2137 753 2396 822 gandum.
2433 754 2774 810 Retrahebar
2815 764 2997 810 autem
3038 755 3105 810 ab
3163 755 3264 809 hac
3323 756 3605 810 voluntate
3646 772 3718 811 eo

2138 858 2287 902 metu
2314 863 2380 902 no
2424 865 2533 903 non
2570 864 2671 918 par
2698 864 2875 905 essem
2929 847 3171 904 ferendis
3227 849 3373 904 illius
3409 849 3722 920 disciplina:

2137 940 2439 1003 laboribus.
2475 949 2703 1011 propter
2725 939 3037 996 contrarios
3071 939 3234 1011 longo
3292 958 3394 996 usu
3426 942 3723 997 educatio-

2137 1034 2222 1088 nis
2250 1033 2636 1088 diversissima
2655 1042 2965 1088 contractos
2995 1032 3238 1099 habitus,
3292 1050 3587 1105 moresque
3631 1051 3723 1089 as-

2136 1125 2429 1180 suetudine
2460 1123 2690 1179 coalitos
2743 1124 2797 1178 in
2832 1136 3120 1188 naturam;
3170 1124 3352 1194 itaque
3381 1126 3614 1179 verebar
3646 1142 3722 1179 ne

2138 1233 2301 1286 supra
2331 1218 2479 1271 vires
2507 1217 2789 1278 connisns,
2842 1232 2952 1271 non
3004 1217 3166 1271 modo
3222 1233 3329 1270 non
3390 1232 3725 1285 assequerer

2139 1319 2345 1377 optata,
2380 1309 2474 1363 sed
2501 1318 2555 1361 et
2577 1308 2836 1362 damnum
2873 1308 3179 1377 acciperem
3215 1308 3606 1378 jacturamque
3626 1324 3727 1377 pa-

2141 1404 2287 1450 terer
2306 1398 2415 1467 jam
2446 1396 2791 1464 adepturum.
2817 1396 2954 1450 Illud
2980 1397 3146 1452 etiam
3197 1397 3323 1451 talia
3379 1398 3722 1468 cogitantem

2138 1486 2500 1541 conturbabat
2534 1501 2639 1549 me,
2676 1486 2821 1555 quod
2867 1486 3138 1545 videbam.
3174 1487 3217 1541 si
3250 1486 3456 1540 mundo
3508 1487 3723 1540 valedi-

2137 1591 2269 1631 ccns
2302 1577 2663 1647 migraremjn
2685 1577 3063 1636 solitudinem.
3119 1578 3306 1647 ibique
3348 1579 3723 1645 at'l'ipleclerer

2136 1668 2456 1724 institutum
2488 1677 2816 1732 ascetarum,
2857 1668 3193 1737 eripiendum
3239 1668 3373 1721 mihi
3401 1668 3723 1723 facultatem

2142 1761 2282 1815 bene
2314 1761 2560 1815 merendi
2590 1762 2657 1816 de
2684 1761 3019 1817 hominibus.
3041 1762 3381 1832 iuvandique
3429 1761 3729 1817 beneficiis

470 1841 549 1894 Ad
600 1841 701 1898 hoc
749 1850 1058 1916 exemplum
1108 1866 1209 1923 ego
1256 1854 1462 1907 veritus
1510 1861 1577 1910 he
1629 1856 1857 1911 ludicris
1892 1832 2109 1914 sei-ia,“
2142 1854 2349 1923 inopes.
2377 1854 2534 1923 cujus
2567 1862 2745 1908 tamen
2780 1854 2834 1907 in
2884 1854 3281 1909 exercitatione
3344 1852 3567 1908 virtutis
3604 1869 3726 1907 ma-

469 1934 779 2003 perdcrem,
828 1940 1242 1998 remissionibus
1294 1947 1448 2014 posui
1496 1950 2038 2014 modum,attcntus-

469 2039 575 2093 que
618 2025 776 2081 cilicii
804 2033 1021 2100 negotio
1043 2049 1125 2086 mc.
1151 2034 1386 2104 impendi
1415 2046 1586 2092 totum
1610 2042 1768 2110 nugis
1789 2044 2030 2114 abiectis.

470 2134 597 2190 Can.
661 2135 769 2192 VII.
835 2169 905 2177 —-
952 2141 1172 2198 Ρρνςορς
1230 2149 1569 2201 meditatione
1619 2167 1680 2204 ac
1729 2168 1932 2206 secessu
1984 2154 2039 2207 in

544 2211 1191 2289 ﬁrsttrrecti-ouisnotitiam
1211 2219 1365 2273 venit.
1404 2218 1531 2289 Ejus
1548 2221 1797 2276 doctrinm
1816 2222 2037 2278 utilitas.

480 2316 489 2323 .
540 2276 858 2334 Deliberatio
886 2284 1025 2336 circa
1065 2276 1586 2352 professionem'vitte
1616 2294 1865 2348 usceticw.

540 2382 809 2448 Pcrttesus
848 2396 991 2451 inter
1009 2398 1123 2453 lucc
1146 2401 1488 2471 voluptatum
1508 2405 1651 2474 vitze,
1676 2408 1819 2479 quod
1847 2409 2037 2465 harum

472 2482 885 2540 instabilitatem
921 2499 975 2542 et
1000 2488 1330 2546 inanitatem
1395 2512 1609 2560 noram,
1655 2501 1847 2571 collegi
1874 2519 1959 2558 me
1984 2504 2038 2557 111

472 2576 965 2635 considerationem
999 2586 1368 2652 attentiorcm,
1400 2601 1453 2644 et
1474 2601 1532 2645 ttt
1564 2592 1689 2646 huic
1738 2606 1923 2666 aptum
1977 2615 2039 2654 o-

473 2667 607 2722 tium
635 2672 999 2738 nanciscercr,
1034 2675 1086 2730 in
1113 2678 1460 2737 solitudinem
1499 2700 1583 2739 me
1614 2687 1821 2743 abdidi.
1868 2691 2043 2747 1111111-

475 2760 583 2813 tius
613 2759 887 2831 ingressus
921 2765 974 2820 in
997 2772 1515 2839 contemplationem
1560 2795 1770 2843 rerum.
1825 2799 2043 2853 perma-

472 2867 637 2917 gnum
664 2853 783 2923 ejus
807 2871 985 2924 operm
1007 2860 1248 2915 fructum
1276 2867 1722 2926 rctuli.lntellexi
1754 2875 1921 2939 enim,
1953 2893 2045 2933 na-

476 2954 609 2998 turae
655 2945 907 3003 humanm
966 2962 1164 3006 statum
1220 2966 1274 3010 et
1310 2960 1546 3015 universi
1590 2963 2041 3032 gubernationem

474 3050 685 3087 mecum
713 3049 990 3105 reputans,
1028 3045 1220 3098 deesse
1256 3062 1364 3101 non
1419 3065 1595 3127 posse
1631 3055 1764 3123 quin
1819 3057 1894 3113 sit
1944 3060 2045 3116 ali-

476 3126 695 3192 quando
723 3129 906 3185 futura
953 3146 1292 3193 mortuorqu
1342 3146 1697 3227 resurrectio,
1760 3149 1828 3203 ad
1877 3167 2041 3221 quam

476 3233 664 3275 omnes
696 3226 921 3281 tendant
953 3232 1063 3285 suis
1094 3235 1298 3304 quique
1331 3238 1451 3300 viis,
1503 3226 1749 3299 moribus
1790 3246 2046 3303 videlicet

478 3316 744 3407 actisque,
775 3337 968 3391 magno
999 3324 1316 3385 discrimine
1373 3332 1475 3387 sub
1522 3335 1685 3390 linem
1735 3336 2046 3407 deprehen-

476 3406 507 3457 d
534 3409 657 3461 11110
682 3409 949 3469 bonorum
981 3419 1392 3490 malorumque.
1423 3441 1569 3481 nunc
1625 3406 1929 3497 permistim
1985 3449 2045 3488 a-

476 3504 743 3567 gentium.
785 3505 908 3562 llaec
933 3514 1183 3569 ascetirre
1215 3516 1516 3586 disciplina:
1544 3522 1596 3575 in
1645 3538 1862 3579 secessu
1893 3541 2050 3582 εχει-ο

477 3593 599 3647 «itm
627 3594 872 3652 doctrina
910 3614 1012 3658 est.
1043 3617 1204 3670 quam
1242 3608 1332 3661 illa
1365 3610 1513 3664 velut
1551 3611 1690 3665 bona
1725 3624 1897 3668 mater
1934 3616 2050 3672 suis

475 3685 803 3749 cultoribus,
830 3691 904 3743 uti
936 3696 1220 3764 morigeris
1254 3698 1401 3765 ﬁliis,
1438 3702 1623 3757 tradit.
1663 3704 1951 3770 Quantivis
1976 3708 2049 3763 is-

475 3777 571 3830 tud
602 3780 761 3847 pretii
795 3786 1167 3855 momentique
1195 3791 1440 3846 omnium
1469 3795 1689 3848 maximi
1725 3796 1917 3867 dogma
1945 3807 2046 3863 est,

480 3867 627 3917 unde
679 3866 803 3921 vitae
864 3883 1012 3926 recte
1063 3873 1362 3946 dirigendae
1418 3896 1543 3950 Spes
1595 3894 1650 3938 et
1682 3888 1817 3940 ratio
1850 3890 2051 3957 pendet

478 3957 753 4013 universa.
790 3960 982 4017 Turris
1032 3966 1145 4021 btet:
1172 3971 1417 4037 quaedam
1449 3974 1811 4033 munitissima
1859 3989 1959 4044 est,
1995 3982 2050 4039 in

472 4066 641 4118 quam
666 4053 757 4121 qui
789 4070 848 4109 se
883 4060 1171 4127 receperit,
1202 4078 1308 4118 non
1337 4065 1497 4121 modo
1520 4076 1668 4123 tutus
1712 4074 2053 4140 permanebit

476 4143 549 4195 ab
576 4142 799 4201 incursu
830 4151 1097 4206 malorum
1126 4157 1296 4221 omni,
1338 4158 1434 4213 sed
1464 4169 1520 4213 et
1565 4175 1665 4231 per
1715 4178 1834 4217 eam
1885 4165 2050 4234 pandi

474 4233 584 4287 sibi
615 4235 822 4292 aditum
862 4240 913 4293 in
947 4244 1257 4311 paradisum
1277 4258 1497 4305 aeternae
1550 4233 1892 4324 voluptatis,
1919 4273 2048 4327 quo,

475 4328 521 4377 si
562 4328 709 4391 velit,
729 4345 953 4386 securus
983 4343 1523 4409 penetretgratulaus
1540 4348 1874 4414 experietur.
1890 4348 2053 4404 Com-

483 4416 596 4509 peri
629 4418 787 4485 plane
817 4421 954 4476 nihil
1008 4427 1203 4482 melius
1240 4441 1446 4486 attenta
1494 4434 1594 4489 ista
1652 4440 2051 4509 tranquillaque

2073 3184 2116 3243 ε

2138 1961 2298 2015 gnam
2328 1945 2459 2000 mihi
2496 1960 2648 2014 spem
2674 1945 3025 2000 constitutam
3064 1945 3365 1999 arbitrarer
3390 1946 3724 2015 perennium

2140 2037 2409 2092 bonorum
2431 2036 2917 2106 acquirendarum.
2941 2036 3124 2103 Quare
3176 2036 3488 2091 metuebam
3524 2051 3594 2091 ne
3640 2035 3723 2089 si-

2140 2128 2285 2183 tnilis
2314 2128 2501 2184 ﬁerem
2530 2128 2650 2182 cani
2679 2128 2911 2182 frustum
2943 2128 3123 2181 carnis
3161 2143 3257 2183 ore
3297 2126 3563 2198 portanti,
3622 2126 3722 2197 qui

2140 2222 2260 2294 ejus
2306 2224 2553 2277 umbram
2586 2224 2639 2277 iu
2687 2222 2913 2278 ﬂumine
2960 2222 3142 2277 vicino
3190 2225 3451 2294 majorem
3494 2222 3720 2284 videns.

2140 2316 2344 2370 omisso
2374 2315 2517 2385 quod
2552 2325 2718 2376 tenet.
2752 2315 2922 2370 insilit
2942 2316 3007 2370 ad
3036 2316 3363 2385 captandum
3384 2316 3531 2386 quod
3554 2331 3722 2386 appa-

2143 2417 2246 2470 ret,
2271 2423 2333 2461 ac
2360 2407 2440 2461 sic
2477 2415 2777 2477 utrumque
2815 2409 3068 2472 perdeus,
3091 2423 3301 2463 vacuus
3331 2408 3721 2475 impastusqne

2139 2500 2426 2556 stultitiam
2460 2513 2585 2553 sero
2613 2515 2767 2555 suam
2793 2501 3033 2554 damnat.
3061 2498 3154 2555 Sic
3174 2499 3463 2554 subductis
3496 2514 3719 2554 mecum

2142 2593 2448 2647 rationibus
2477 2590 2592 2660 spei
2637 2600 2944 2659 metusque.
2994 2591 3158 2645 statui
3215 2592 3490 2646 sustinere
3524 2606 3613 2645 inc
3648 2590 3723 2644 ab

2145 2684 2362 2753 incepto
2395 2699 2502 2738 non
2525 2683 2662 2738 satis
2699 2684 2990 2752 explorata:
3048 2682 3319 2746 utilitatis,
3369 2696 3726 2754 permanere-

2143 2793 2248 2848 que
2265 2776 2482 2831 interim
2502 2776 2556 2830 in
2570 2774 2762 2829 ordine
2776 2790 2840 2830 ac
2855 2783 2997 2830 statu
3019 2775 3140 2829 vita).
3158 2776 3349 2845 priori.

2142 2891 2267 2945 Car.
2302 2891 2436 2945 Vill.
2472 2920 2541 2931 —
2567 2890 2744 2945 Emis
2779 2891 2987 2944 Perseis
3020 2892 3072 2943 in
3106 2889 3485 2943 deliberatione
3514 2889 3581 2941 de
3606 2888 3725 2942 rita

2253 2962 2506 3024 ascetica,
2535 2971 2582 3015 et
2612 2962 2904 3015 distinctior
2921 2962 3109 3014 notitia
3132 2962 3379 3014 uanitatis
3400 2958 3605 3012 mundi.

2214 3053 2273 3106 lu
2303 3053 2405 3106 hoc
2433 3063 2612 3107 tamen
2652 3053 2732 3107 sic
2763 3052 3065 3107 constituto
3105 3067 3173 3106 ne
3217 3051 3674 3119 conquiescerem
3709 3094 3725 3116 ,
3759 3076 3767 3087 ι

2146 3143 2455 3213 abripiebat
2487 3159 2573 3198 me
2618 3158 2790 3197 novus
2819 3152 2985 3197 azstus
3022 3151 3435 3212 comparantem
3472 3143 3619 3197 inter
3654 3158 3724 3197 se

2150 3234 2316 3290 vitam
2369 3248 2434 3289 ac
2485 3242 2721 3297 statum,
2772 3233 2902 3288 hinc
2958 3244 3186 3299 ascctze,
3240 3232 3391 3287 illinc
3456 3234 3725 3288 amatoris

2150 3328 2341 3384 mumti
2365 3369 2382 3395 ,
2415 3337 2470 3381 et
2519 3342 2581 3379 ea
2621 3325 2912 3381 collatione
2946 3325 3313 3393 reperientem
3340 3363 3357 3389 ,
3399 3323 3550 3379 haud
3578 3324 3725 3391 ,fere

2149 3422 2275 3490 plus
2307 3418 2604 3487 voluptatis
2648 3432 2712 3470 ac
2756 3416 3044 3471 suavitatis
3071 3417 3390 3487 contingere
3418 3416 3724 3472 mundanis

2149 3527 2312 3582 quam
2349 3509 2629 3571 solitariis,
2662 3518 2941 3576 utcunque
2973 3507 3027 3561 hi
3060 3507 3354 3562 videantur
3391 3509 3546 3563 omni
3583 3510 3717 3564 vita:

2151 3601 2401 3657 mortalis
2441 3600 2625 3656 fructu
2667 3599 2917 3657 destitui.
2967 3609 3156 3654 contra
3189 3601 3264 3655 illi
3298 3600 3516 3656 deliciis
3538 3601 3727 3657 abun-

2151 3693 2303 3750 dare.
2335 3691 2469 3757 Quae
2500 3692 2646 3744 enim
2700 3690 2919 3745 tandem
2969 3692 3085 3747 isne
3132 3691 3343 3747 delicia:
3394 3703 3545 3757 sunt,
3582 3710 3727 3763 quas

2151 3784 2374 3857 penitus
2416 3782 2801 3854 introspiciens
2858 3783 3200 3853 reperiebam
3254 3785 3377 3854 plus
3430 3786 3499 3841 ad
3531 3795 3725 3842 extre-

2153 3892 2302 3934 mum
2358 3877 2656 3932 conciliare
2700 3877 2883 3931 damni
2920 3876 3303 3946 mastitiaeque
3351 3892 3518 3947 quam
3562 3878 3725 3933 initio

2152 3969 2435 4024 attulerint
2463 3967 2788 4037 voluptatis?
2810 3966 2908 4022 Est
2935 3968 3081 4022 enim
3106 3967 3343 4022 mundus
3372 3967 3546 4022 instar
3565 3984 3725 4038 aqua:

2152 4061 2327 4124 salsae,
2347 4060 2493 4115 unde
2528 4068 2736 4129 quanto
2767 4059 2889 4128 plus
2920 4059 3152 4125 biberis,
3185 4068 3338 4114 tanto
3363 4062 3492 4126 plus
3521 4061 3722 4125 sitias;

2153 4156 2325 4210 instar
2356 4152 2495 4208 ossis
2529 4151 2692 4216 aridi,
2726 4150 2910 4206 carnis
2939 4149 3111 4206 odore
3137 4151 3381 4217 quodam
3414 4151 3725 4207 allicientis

2152 4257 2381 4306 canem,
2407 4243 2499 4313 qui
2529 4243 2696 4297 miser
2720 4254 2787 4296 eo
2819 4240 3065 4313 rodendo
3091 4240 3228 4294 nihil
3258 4240 3366 4295 nisi
3405 4240 3601 4296 dentes
3633 4251 3722 4296 at-

2154 4336 2282 4392 terit
2320 4344 2376 4390 et
2417 4334 2605 4389 fauces
2634 4332 3027 4395 convulnerat;
3065 4332 3237 4386 instar
3284 4333 3506 4388 frustuli
3541 4333 3723 4388 carnis

2153 4437 2320 4497 rapta:
2343 4443 2373 4482 a
2395 4428 2635 4488 vulture,
2665 4425 2720 4478 in
2749 4439 2913 4494 quem
2940 4425 3295 4479 convolantes
3325 4424 3574 4493 undique
3601 4426 3722 4479 alias

480 4507 831 4565 meditatione
861 4530 1038 4569 rerum
1064 4519 1130 4572 ad
1166 4522 1608 4581 salutcmanima:
1644 4507 2044 4596 spectantium:

2153 4534 2378 4589 rapaces
2408 4532 2558 4582 aves,
2586 4518 2828 4588 abjicere
2856 4517 3094 4585 ιιι-1111111111
3140 4524 3366 4587 c0gunt,
3397 4519 3713 4573 necessaria

479 4604 720 4670 comperi
752 4615 932 4658 autem
962 4607 1012 4659 id
1040 4625 1146 4662 nou
1177 4626 1274 4665 usu
1294 4613 1469 4667 solum
1490 4630 1631 4676 meo.
1659 4618 1752 4671 sed
1779 4627 1833 4671 et
1858 4633 2045 4672 exem-

481 4694 590 4763 plis
618 4696 1063 4766 experientiaque
1099 4699 1329 4756 aliorum
1374 4707 1424 4758 ei
1450 4720 1507 4757 se
1562 4704 1901 4761 dedentium.
1937 4707 2047 4763 llos

481 4787 625 4839 enim
649 4788 1033 4856 animadverti,
1063 4807 1326 4860 apparere
1372 4806 1593 4863 pacatos
1622 4806 1677 4850 et
1700 4797 1852 4852 lactus
1898 4814 2044 4853 sem-

482 4894 600 4944 ίὶΕΓ,
632 4887 812 4947 3111108
848 4896 977 4950 erga
1033 4896 1245 4946 omnes,
1298 4899 1397 4939 SUO
1441 4894 1749 4949 CODICﬂlOS.
1799 4903 2049 4951 SCCUI‘OS.

480 4970 743 5025 subnixos
770 4989 1031 5042 generoso
1050 4985 1367 5044 contemptu
1393 4988 1713 5033 cunctarum
1739 4979 1926 5035 mundi
1957 4995 2052 5033 va-

483 5064 737 5125 nitatum.
764 5080 928 5135 supra
953 5084 1171 5123 omnem
1197 5086 1350 5124 noxa:
1373 5070 1543 5125 aleam
1586 5071 1638 5125 in
1661 5072 1767 5126 alta
1813 5071 2048 5140 quadam

481 5171 607 5209 arce
663 5159 862 5211 mentis
909 5168 1207 5215 exstantes.
1264 5161 1465 5216 [lorum
1524 5164 1689 5233 igitur
1738 5163 2049 5219 felicitatem

483 5249 796 5315 :rmulatus,
829 5250 1002 5307 livore
1040 5262 1206 5322 atque
1234 5254 1531 5309 invidentia
1577 5257 1900 5325 repudiatis,
1929 5256 2057 5310 cha-

484 5345 634 5398 ritati
669 5360 754 5398 me
788 5346 1008 5407 dedidi;
1037 5347 1347 5417 spretisque
1370 5347 1530 5401 ﬂuxis
1555 5363 1619 5403 ac
1660 5350 1901 5412 caducis,
1925 5365 2053 5421 pcr-

484 5438 778 5496 fectioncm
805 5439 1053 5492 allectavi
1086 5440 1385 5509 sapientite,
1416 5457 1521 5509 qua
1565 5449 1903 5497 monstrante
1931 5457 2057 5508 prc—

484 5532 681 5585 videns
713 5531 914 5594 futura,
943 5532 1346 5602 imperterritus
1389 5532 1554 5594 ibam,
1603 5541 1786 5587 certus
1816 5533 1953 5586 nihil
2000 5536 2059 5588 se

486 5626 832 5693 obiecturum
863 5626 1006 5694 quod
1042 5625 1183 5679 viam
1237 5624 1626 5679 intercluderet
1673 5624 1739 5678 ad
1809 5640 2058 5693 scopum,

489 5732 651 5786 quem
685 5714 960 5779 intuebar,
989 5732 1129 5771 verae
1160 5704 1533 5777 beatitudinis,
1560 5729 1755 5783 meque
1789 5724 2062 5771 averteret

493 5819 587 5863 aut
612 5809 877 5867 turbaret.
909 5808 1011 5864 Per
1043 5809 1188 5863 hunc
1219 5810 1438 5862 modum
1482 5806 1858 5875 experimento
1903 5818 2062 5871 capto

2148 4612 2232 4668 sui
2265 4610 2453 4666 tuendi
2480 4625 2636 4672 cura,
2677 4609 2962 4680 plagisque
2991 4619 3223 4664 contuso
3249 4624 3315 4663 ac
3343 4624 3531 4679 pugna
3578 4610 3721 4663 fesso

2149 4719 2256 4759 non
2286 4704 2453 4757 alium
2480 4704 2681 4773 rapina:
2701 4718 2812 4757 suae
2837 4702 3077 4757 fructum
3103 4702 3423 4771 relinquunt
3445 4717 3614 4771 quam
3642 4703 3721 4755 la-

2152 4811 2297 4850 mem
2330 4804 2387 4849 et
2410 4805 2660 4851 mmstam
2686 4795 3006 4850 memoriam
3039 4793 3286 4848 inanium
3318 4793 3609 4860 laborum;
3640 4794 3712 4847 in-

2149 4895 2267 4942 star
2308 4886 2454 4942 vasis
2487 4886 2684 4941 mellea
2723 4885 3016 4955 superficie.
3057 4900 3326 4940 venenum
3372 4886 3720 4955 suppositum

2154 4983 2416 5052 tegentis,
2449 4995 2515 5035 ex
2553 4995 2663 5049 quo
2692 4980 2785 5050 qui
2816 4979 3110 5035 dulcedine
3142 4981 3356 5036 illectus
3389 4981 3592 5045 mellis,
3624 4996 3721 5050 ευρ

2154 5073 2414 5137 staverit,
2463 5089 2589 5127 mox
2646 5087 2772 5127 cum
2823 5073 3069 5127 cruciatu
3114 5072 3500 5133 exauimatur;
3552 5072 3719 5125 instar

2149 5164 2338 5219 laetum
2367 5165 2644 5218 somnium
2672 5164 2930 5223 videntis,
2959 5164 3074 5232 qui,
3107 5178 3231 5217 mox
3249 5163 3514 5229 cvigilaus
3545 5162 3600 5215 in
3642 5161 3724 5215 fa-

2157 5255 2401 5310 miliares
2454 5253 2702 5309 miserias
2743 5255 3078 5318 revolvitur;
3117 5254 3288 5307 instar
3338 5253 3573 5323 fulguris
3609 5269 3723 5307 mo-

2155 5354 2343 5400 mento
2372 5345 2734 5400 illuminantis
2768 5354 3095 5400 nocturnum
3131 5346 3422 5407 viatorem.
3457 5344 3575 5400 suis
3612 5353 3723 5399 stav

2157 5438 2254 5492 tim
2286 5436 2526 5493 tenebris
2551 5437 2927 5501 reddendum;
2961 5437 3134 5491 instar
3160 5436 3465 5508 bombycis,
3499 5437 3720 5491 assidue

2160 5530 2342 5584 uendo
2365 5529 2501 5584 nihil
2533 5529 2817 5591 lucrantis,
2850 5530 2954 5583 nisi
2983 5530 3228 5584 sterilem
3249 5528 3721 5582 continuationem

2163 5619 2363 5673 infiniti
2411 5618 2638 5672 laboris.
2681 5617 2833 5672 Talia
2874 5630 3136 5688 reputans
3169 5634 3361 5672 rursus
3394 5617 3724 5673 resorbebar

2162 5711 2216 5766 in
2248 5708 2584 5764 desiderium
2615 5708 2740 5762 vitm
2768 5710 3026 5765 solitaria:
3075 5709 3368 5770 sectandae,
3419 5722 3723 5777 rursusque

2164 5800 2479 5859 retrahebar
2502 5799 2555 5853 in
2583 5802 2922 5869 propositum
2951 5818 3061 5857 non
3097 5800 3384 5858 abdicandi
3418 5801 3546 5856 vitae
3577 5814 3723 5855 com-
