4016 6520
312 385 445 446 ἶὲἆῖ

1190 392 1572 452 SPECIMEN
1612 394 2043 454 SAI’IEN'l‘LE
2076 397 2436 460 INDORUM
2469 401 2631 465 VET.

3421 404 3560 468 H46

308 501 484 557 moda.
524 502 652 554 dum
680 518 743 556 ea
772 520 1099 573 comparans
1122 509 1547 568 cum‘mrumnis,
1582 511 1874 579 angustiis,
1911 517 1950 569 Α
1984 512 2151 566 renda
2180 525 2236 568 et
2263 515 2508 568 curanda
2545 517 2794 585 coniuge,
2834 515 3025 571 liberis
3059 513 3382 579 educandis,
3422 535 3563 587 pro-

304 597 590 652 laboribus
617 599 738 653 vitte
765 601 943 669 inopis
969 601 1023 654 in
1056 603 1358 657 solitudine
1392 605 1672 674 degendae,
1700 604 1880 658 haud-

304 707 577 760 quaquam
622 693 754 746 mihi
793 693 1102 750 faciendum
1146 697 1442 765 putabam,
1476 707 1536 750 ut
1575 697 1692 752 ha-e
1733 701 1879 752 uitro

303 782 624 850 abjieerem,
659 799 780 852 quze
827 786 972 841 forte
1007 789 1353 857 postmodum
1393 789 1594 844 frustra
1631 795 1880 861 require-

305 894 437 932 rem.
479 879 626 933 Inter
663 881 761 935 hos
789 883 942 950 quasi
979 883 1177 937 ﬂuctus
1213 883 1489 953 ancipites
1526 901 1787 938 sensuum
1817 902 1880 941 ac

304 979 559 1024 votorum
601 973 829 1027 alternis
871 977 1286 1042 praevalentium
1327 978 1588 1046 ambigue
1617 980 1876 1049 iactatus,

303 1061 502 1115 similis
532 1078 682 1116 eram
718 1065 972 1131 imperito
1007 1067 1180 1136 judici
1211 1109 1223 1132 ,
1265 1069 1462 1124 leviter
1500 1071 1735 1125 mutanti
1765 1073 1875 1126 cal-

303 1155 480 1216 culos,
531 1166 587 1209 et
637 1157 798 1210 modo
841 1159 1123 1214 damnanti
1172 1177 1336 1230 quem
1387 1164 1719 1229 absolverat,
1755 1182 1881 1220 mox

301 1261 467 1315 quem
496 1248 855 1304 damnaverat
889 1268 1087 1308 rursus
1119 1254 1453 1310 absolventi.

301 1361 428 1417 CAP.
457 1363 548 1418 1X.
588 1395 656 1406 —
689 1366 904 1421 Perzoes
934 1383 1131 1423 (eterna
1158 1381 1394 1435 spectare
1430 1377 1693 1430 constituit
1717 1393 1734 1430 :
1759 1379 1878 1431 vita:

673 1438 918 1491 humana?
949 1441 1218 1494 miseriam
1247 1443 1513 1498 describit.

372 1524 593 1595 Aliquid
636 1537 813 1582 tamen
877 1532 1010 1589 certi
1071 1533 1282 1587 fruetus
1328 1550 1396 1588 ex
1450 1536 1535 1589 his
1565 1537 1912 1594 altercantis.

301 1631 489 1672 secum
525 1622 628 1674 mei
656 1622 821 1675 animi
857 1625 1147 1679 contrariis
1172 1627 1470 1682 assultibus
1500 1631 1712 1700 collegi.
1741 1631 1886 1684 Con-

299 1711 554 1765 siderans
580 1714 723 1767 enim
758 1723 959 1768 tantam
991 1717 1135 1770 illam
1171 1720 1222 1772 in
1252 1721 1396 1772 victu
1429 1723 1686 1792 cultuque
1728 1723 1884 1778 duri-

1983 605 2305 666 movendis;
2345 609 2653 663 ambiendis
2707 609 3032 668 honoribus.
3078 610 3428 665 commerciis
3458 611 3567 664 mi-

1979 697 2223 762 scendis,
2241 698 2500 754 amicitiis
2521 701 2935 764 contrahendis,
2958 702 3179 755 invidim
3201 701 3561 770 petitionibus

1981 788 2346 852 declinandis,
2377 794 2637 861 perieuiis
2673 793 3029 863 iudiciorum,
3061 794 3315 848 fraudum
3349 795 3564 851 insidiis

1977 882 2136 935 anxia
2200 884 2544 952 providentia
2600 885 2880 939 cavendis.
2939 885 3186 953 Seneseit
3238 888 3383 940 inter
3447 888 3564 942 lucc

1977 974 2367 1029 circumferens
2397 979 2447 1029 in
2473 978 2588 1032 suis
2624 978 2735 1046 ipse.
2765 979 3067 1033 visceribus
3094 996 3155 1033 ac
3186 981 3340 1034 venis
3366 981 3560 1034 hostes

1979 1085 2260 1138 nunquam
2281 1071 2596 1138 quisecntcs
2618 1079 2874 1138 quatuor,
2905 1072 3250 1138 sanguinem.
3281 1071 3558 1140 phlegma,

1979 1163 2236 1233 cbymuut
2272 1174 2324 1216 et
2358 1163 2554 1226 bilem;
2593 1163 2854 1215 obsessus
2889 1164 3132 1215 exterius
3165 1163 3380 1216 infestis
3414 1179 3562 1217 sem-

1983 1272 2083 1325 per
2121 1255 2380 1324 periculis
2428 1254 2732 1308 toxicorum
2763 1295 2777 1317 ,
2828 1255 3147 1324 viperarum
3180 1297 3193 1318 ,
3243 1269 3562 1326 serpentum

1979 1365 2181 1418 genere
2211 1348 2382 1411 omni,
2416 1357 2528 1400 tum
2569 1349 2788 1401 leonum
2835 1349 3187 1417 ferarumque
3225 1351 3560 1404 rabidarum.

1983 1443 2257 1496 Prtetereo
2287 1457 2541 1510 vaporem
2587 1442 2811 1496 noxium
2870 1442 3002 1496 solis
3043 1443 3308 1503 ardentis,
3357 1443 3555 1512 frigora

1980 1537 2223 1592 hiemum
2257 1553 2321 1592 ac
2355 1536 2582 1599 nivium,
2612 1537 2874 1606 pestilens
2904 1537 3128 1601 cmlum,
3161 1538 3389 1605 lucsque
3417 1552 3563 1591 aur-.e

1981 1641 2157 1684 tractu
2199 1639 2363 1698 atque
2414 1629 2584 1682 halitu
2635 1627 2956 1698 vulgabiles.
3015 1629 3404 1682 iuundantiam
3462 1631 3564 1682 int-

1983 1720 2190 1784 brium,
2252 1722 2354 1775 tela
2386 1721 2614 1774 nubium
2671 1728 2728 1774 et
2785 1721 3073 1775 fulminum
3131 1721 3415 1777 horrores.
3460 1722 3565 1776 Per

300 1802 428 1855 tiem
460 1814 794 1870 ascetarum,
834 1809 1173 1863 tolerabilem
1207 1811 1361 1880 ipsis,
1402 1813 1511 1867 imo
1540 1829 1762 1869 suavem
1805 1816 1883 1868 vi-
1914 1836 1956 1891 Β
1985 1817 2082 1870 has
2115 1818 2290 1870 minas
2343 1832 2611 1883 nusquam
2667 1833 2777 1869 non
2833 1816 3092 1878 intentas,
3132 1816 3176 1870 si
3227 1817 3353 1886 quis
3409 1821 3563 1871 varie

296 1893 437 1951 deri,
472 1894 676 1949 idcirco
700 1897 842 1964 quod
871 1899 1054 1954 brevis
1081 1902 1169 1967 sit,
1199 1919 1297 1957 nec
1317 1903 1458 1958 ultra
1486 1905 1610 1958 vitm
1632 1907 1876 1960 mortalis

296 1986 538 2054 spatium
573 1997 764 2052 exeat;
798 1989 1041 2046 vicissim
1089 2002 1270 2049 autem
1302 1996 1610 2066 excipiatur
1657 1999 1874 2069 gaudiis

296 2078 520 2131 internis
550 2097 561 2130 :
589 2079 804 2134 decrevi
837 2098 936 2152 ego
973 2101 1194 2155 quoque
1222 2131 1236 2152 ,
1281 2090 1431 2158 parvi
1479 2089 1682 2145 ducere
1732 2091 1876 2145 bona

298 2167 628 2234 praesentia,
674 2185 769 2237 spe
806 2187 868 2226 ac
900 2179 1311 2246 comparatione
1359 2182 1694 2235 futurorum.
1738 2181 1878 2237 llinc

295 2260 450 2326 quasi
501 2262 791 2316 consolans
846 2267 1083 2319 animam
1131 2284 1346 2334 meam,
1399 2279 1454 2325 et
1505 2274 1876 2341 comprobans

298 2350 649 2417 inexplebilia
699 2355 786 2408 illa
820 2355 1096 2411 desideria
1147 2359 1353 2427 quibus
1399 2362 1705 2417 inhiavcrat
1751 2381 1879 2435 pro-

297 2436 524 2490 fessioni
558 2440 680 2492 vitae
718 2456 843 2495 cum
882 2442 1084 2499 virtute
1117 2448 1450 2517 conjunctre.
1480 2452 1730 2506 dicebant
1772 2473 1784 2509 :
1831 2451 1874 2508 Ο

293 2537 564 2596 quantum
609 2530 658 2584 in
687 2532 790 2585 hoc
834 2534 960 2590 vita:
1001 2553 1202 2606 genere
1246 2555 1442 2608 aspero
1497 2543 1874 2615 destitutoque

292 2616 546 2672 laborum
625 2637 1108 2695 a-ruinnarumque
1191 2631 1459 2686 sentitur!
1539 2635 1632 2688 sed
1681 2651 1874 2693 rursus

293 2725 459 2778 quam
508 2711 692 2768 brevis
740 2723 794 2768 ct
844 2715 988 2770 ﬂuxa
1043 2729 1126 2773 est
1168 2721 1420 2791 voluptas
1471 2725 1872 2796 indulgentium

292 2801 487 2870 geniol
544 2819 706 2871 quam
754 2805 915 2860 fallax
961 2808 1202 2864 suavitas
1258 2827 1646 2869 momentaneo
1708 2829 1871 2887 gustu

291 2897 663 2948 evanescens!
711 2896 844 2963 Quis
893 2915 1058 2967 porro
1112 2911 1218 2955 tam
1278 2904 1425 2959 lzevte
1483 2910 1700 2971 mentis,
1750 2927 1860 2964 non

292 2985 512 3040 abunde
569 2989 1073 3057 compensari,non
1125 2992 1263 3047 bene
1305 2996 1518 3049 condiri
1574 3009 1729 3066 putet
1779 3015 1872 3054 ex-

291 3080 615 3146 perientiam
662 3082 880 3136 brevem
927 3100 1106 3152 pari-a2
1157 3087 1547 3142 amaritudinis
1592 3103 1875 3158 exspecta-

1979 1908 2316 1963 vitabundus
2360 1907 2632 1976 pertingat
2675 1909 2743 1962 ad
2793 1907 3134 1978 decrepitam
3180 1917 3394 1964 aetatem
3422 1949 3437 1972 ,
3484 1907 3560 1964 ibi

1979 1999 2187 2071 reperit
2218 2014 2316 2054 cur
2353 1999 2538 2054 tandiu
2565 2000 2763 2053 vixisse
2815 2002 3097 2069 pceniteat.
3147 1998 3326 2068 Super
3374 2000 3562 2055 omnia

1981 2109 2129 2149 mors
2185 2092 2392 2163 ingruit
2457 2093 2666 2146 incerta
2722 2093 2806 2146 sui
2865 2093 3274 2162 exspectatione
3334 2093 3559 2162 longum

1979 2180 2206 2244 vexatis,
2241 2178 2722 2248 tristissimamque
2758 2195 2787 2232 a
2819 2178 3047 2241 mundo,
3093 2197 3121 2232 a
3156 2180 3332 2248 patria
3365 2179 3563 2234 domo-

1978 2291 2106 2344 que,
2151 2289 2180 2328 a
2228 2273 2517 2341 complexu
2545 2272 2862 2335 charorum,
2904 2288 2932 2326 a
2976 2271 3188 2334 liberis,
3231 2272 3560 2342 consangui-

1979 2366 2120 2430 neis,
2152 2365 2366 2424 amicis,
2406 2362 2688 2423 fratribus,
2722 2377 2750 2414 a
2782 2363 2985 2430 spebus
3032 2363 3158 2416 vita:
3194 2363 3409 2416 eunetis
3455 2363 3559 2416 iiii-

1977 2458 2281 2527 grationem
2321 2455 2738 2511 inexerabiliter
2770 2455 2996 2508 edicens
3046 2469 3059 2505 :
3114 2455 3288 2509 multo
3337 2457 3555 2512 interim

1978 2549 2149 2617 magis
2180 2547 2454 2610 crucians,
2494 2546 2713 2601 conscia
2752 2545 3062 2613 suspicione
3097 2561 3408 2616 poenarum,
3441 2548 3558 2600 ani—

1977 2652 2077 2691 m:e
2100 2651 2222 2690 mox
2249 2651 2478 2705 corpore
2501 2635 2711 2698 solutae,
2733 2635 3084 2698 luendarum,
3110 2637 3180 2688 ob
3211 2651 3317 2688 non
3337 2637 3554 2705 expiata

1977 2728 2101 2781 vitre
2135 2729 2365 2782 scelera.
2433 2728 2622 2782 Eritne
2700 2727 2993 2795 quisquam
3037 2741 3182 2780 sana:
3216 2720 3435 2789 mentis,
3467 2726 3553 2782 his

1977 2821 2285 2890 perpensis,
2317 2836 2478 2890 quem
2519 2819 2682 2885 hujus
2718 2833 3038 2870 :erumuosre
3082 2833 3141 2870 ac
3177 2818 3555 2886 corruptibilis

1975 2915 2100 2966 vitre
2135 2929 2242 2966 non
2276 2913 2508 2966 taedeat?
2531 2912 2622 2980 qui
2652 2912 2887 2964 libenter
2925 2911 3010 2963 hic
3039 2911 3128 2972 sit,
3173 2911 3265 2980 qui
3299 2911 3554 2979 volupta-

1978 3015 2093 3060 tum
2127 3015 2182 3060 et
2222 3006 2462 3072 turpium
2501 3014 2554 3058 et
2591 3003 2864 3072 fugacium
2910 3011 3073 3072 gustu
3127 3003 3423 3072 capiatur?
3454 3002 3548 3072 qui

1978 3099 2140 3152 ﬂuxis
2184 3107 2239 3151 et
2285 3098 2510 3150 caducis
2569 3095 2903 3151 imcdifieare
2960 3110 3084 3162 spes
3140 3094 3458 3149 ambitiosas
3495 3107 3551 3149 et

293 3167 444 3224 tiOne
483 3179 630 3223 certa
661 3169 971 3225 dulcedinis
993 3167 1385 3242 'sempiternat?
1410 3180 1541 3243 Quis
1573 3179 1734 3233 homo
1760 3193 1864 3240 est.
1896 3190 1936 3245 C
1971 3207 2165 3246 secure
2198 3191 2449 3244 inserere
2480 3205 2586 3240 non
2621 3187 2872 3239 dubitet?
2903 3186 2988 3240 Sit
3023 3186 3113 3239 ille
3145 3185 3269 3240 licet
3305 3203 3418 3247 rex,
3450 3187 3546 3248 sit,

290 3261 381 3315 cui
420 3262 466 3315 si
505 3263 752 3317 conditio
790 3265 996 3319 feratur
1042 3269 1341 3323 subeundae
1372 3287 1470 3339 per
1515 3283 1730 3341 tempus
1763 3292 1872 3329 non

290 3355 515 3423 longum
549 3357 687 3410 arcti
717 3359 957 3412 carceris
984 3361 1270 3429 angustim,
1295 3351 1373 3416 -ut
1401 3380 1521 3417 mox
1561 3365 1611 3420 in
1648 3377 1869 3422 aeterna:

290 3447 625 3501 ammnitatis
651 3448 805 3502 beata
830 3451 1002 3518 spatia
1029 3451 1262 3515 laxetur,
1293 3454 1386 3523 qui
1409 3465 1624 3511 recuset
1657 3467 1750 3512 aut
1769 3458 1872 3513 du-

292 3539 429 3594 bitet
459 3541 788 3596 admittere?
814 3541 894 3596 Au
929 3559 1036 3596 non
1069 3552 1152 3597 est
1185 3545 1298 3600 lure
1328 3547 1438 3599 vita
1470 3549 1627 3615 plena
1654 3549 1869 3604 dolori-

289 3629 414 3692 bus,
469 3633 665 3686 aeerba
717 3633 987 3697 cladibus,
1029 3634 1190 3687 anxia
1226 3638 1526 3704 periculis;
1574 3641 1684 3694 imo
1734 3640 1866 3710 quid

290 3723 534 3778 hominis
571 3722 627 3777 in
662 3734 800 3778 terra
843 3728 1190 3781 conversatio
1235 3729 1378 3782 aliud
1417 3741 1688 3800 estquam
1724 3733 1874 3802 jugis

295 3815 542 3876 afﬂictio,
581 3825 784 3870 textum
843 3819 1166 3872 necessariae
1217 3821 1489 3885 miseriae,
1544 3825 1869 3880 continuum

289 3915 628 3962 tormentum
654 3925 762 3962 uno
785 3909 1006 3962 sa‘vitire
1038 3918 1229 3965 tenore
1258 3927 1285 3966 a
1315 3914 1584 3984 principio
1612 3917 1678 3971 ad
1705 3917 1868 3972 finem

289 3999 613 4066 pertinens?
673 3999 970 4055 Enimvero
1018 4001 1133 4070 ipsa
1189 4001 1432 4059 hominis
1485 4007 1662 4075 prima
1716 4008 1871 4078 origo

286 4105 453 4158 quam
475 4089 628 4145 vilis?
653 4089 845 4144 Mucus.
867 4107 1062 4162 nempe
1091 4093 1312 4160 quidam
1348 4102 1429 4164 (ut
1457 4096 1608 4150 aiunt
1641 4098 1866 4170 medici)

286 4177 545 4252 delapsus
603 4183 656 4236 in
715 4193 935 4238 uterum
973 4187 1238 4253 mulieris,
1283 4188 1468 4258 ibique
1517 4195 1642 4245 cum
1691 4191 1865 4261 ipsius

284 4275 558 4343 sanguine
593 4277 938 4339 commistus,
976 4279 1102 4332 inde
1144 4295 1506 4335 concrescens
1543 4283 1865 4352 dispertitur

285 4366 341 4418 in
376 4367 642 4426 membra,
671 4369 995 4438 moramque
1027 4371 1181 4425 ducit
1212 4373 1428 4441 longam
1461 4374 1514 4427 in
1563 4376 1672 4431 illis
1712 4386 1870 4434 tene-

283 4455 400 4510 bris
430 4467 486 4509 et
536 4456 809 4525 angustiis
851 4459 970 4511 sine
1014 4459 1139 4514 cibo
1184 4470 1238 4514 et
1291 4471 1445 4530 potu,
1492 4473 1603 4517 tum
1651 4474 1867 4520 maturo

1972 3283 2066 3336 Dei
2124 3283 2383 3351 singulari
2444 3280 2730 3340 beneficio,
2776 3278 2991 3332 eunetis
3044 3286 3253 3332 natura:
3299 3277 3545 3338 dotibus,

1966 3371 2205 3426 fortuna:
2242 3371 2524 3424 favoribus
2552 3380 2816 3433 ornatus;
2852 3369 3025 3437 vigeat
3053 3368 3384 3431 \aletudiuc,
3419 3383 3552 3437 gau-

1966 3463 2094 3516 deat
2126 3463 2358 3532 opibus,
2396 3461 2591 3515 ﬂoreat
2620 3460 3027 3515 existimatione
3057 3475 3120 3514 ac
3156 3461 3332 3525 fama;
3365 3467 3550 3519 exstet

1965 3554 2072 3608 alte
2103 3554 2434 3621 conspicuus
2456 3551 2508 3603 in
2541 3566 2668 3604 arce
2703 3551 2944 3619 quadam
2979 3552 3230 3605 humanae
3265 3549 3554 3604 feiieitatis

1965 3660 1994 3698 a
2033 3644 2248 3697 cunctis
2283 3643 2588 3712 vulgarium
2623 3641 3098 3695 incommodorum
3129 3650 3409 3709 protectus
3445 3641 3545 3693 in-

1967 3735 2202 3789 sultibus
2241 3751 2254 3786 :
2290 3735 2427 3788 feret
2455 3745 2640 3788 tamen
2688 3747 2875 3785 secum
2918 3747 3253 3801 quocunque
3287 3731 3550 3784 ascendet

1965 3825 2252 3880 rudentem
2301 3827 2446 3879 intus
2484 3823 2858 3878 lineam-lente
2906 3824 3210 3892 grassantis
3252 3823 3442 3887 exitii,
3491 3831 3552 3876 et,

1964 3917 2344 3973 insidiantium
2382 3920 2624 3987 undique
2659 3917 3032 3972 calamitatum
3085 3933 3252 3970 unum
3304 3915 3550 3984 reperiet.

1964 4010 2174 4062 exitum
2209 4009 2266 4063 in
2299 4009 2452 4063 clade
2485 4009 2678 4063 ultima
2703 4050 2716 4068 .
2753 4011 2994 4064 animam
3041 4007 3144 4077 ipsi
3189 4023 3254 4061 ac
3291 4007 3557 4076 spiritum

1965 4100 2229 4152 extremis
2267 4099 2566 4167 angoribus
2588 4109 2897 4154 cxtortura.

1963 4208 2093 4266 Car.
2127 4209 2195 4264 Χ.
2227 4238 2294 4250 -
2320 4210 2614 4280 Infelicitas
2659 4211 2965 4264 mortalium
3001 4207 3268 4262 luculento
3303 4207 3546 4278 symbolo

2591 4281 2920 4334 declaratur.

2037 4372 2166 4426 Post
2219 4373 2330 4427 haec
2362 4373 2641 4442 ingressos
2669 4390 2772 4443 ego
2802 4390 2993 4428 rursus
3026 4374 3078 4427 in
3120 4375 3369 4428 altiorem
3404 4385 3546 4424 con-

1968 4464 2364 4519 siderationem
2411 4481 2596 4520 rerum
2631 4481 2751 4535 qure
2793 4468 3046 4520 visuntur
3097 4467 3152 4520 in
3205 4467 3309 4520 hoc
3368 4464 3548 4526 orbe,

282 4557 476 4617 partus
506 4556 771 4616 tempore,
805 4567 928 4605 cum
970 4551 1190 4606 nixibus
1223 4561 1278 4607 et
1310 4555 1540 4609 summis
1583 4555 1868 4611 doloribus
1905 4543 1946 4598 θ
1969 4550 2336 4612 animadverti
2368 4569 2748 4611 creaturarum
2785 4557 3033 4612 omnium
3084 4557 3241 4613 facile
3277 4569 3544 4625 pnBSlath

281 4642 528 4712 ejieitur.
547 4643 721 4697 Natus
742 4660 880 4711 puer
899 4645 1190 4716 multiplici
1219 4648 1525 4703 ministerio
1547 4650 1862 4720 gerulorum

279 4743 340 4786 ct
370 4731 663 4796 nutricum,
693 4751 791 4804 per
821 4736 982 4790 fletus
1032 4737 1146 4792 fere
1188 4741 1440 4794 assiduos
1485 4741 1551 4796 ad
1593 4744 1866 4798 creberri-

287 4845 440 4882 n:um
481 4844 700 4883 sensum
732 4831 911 4891 famis,
947 4832 1085 4895 sitis,
1119 4833 1318 4903 algoris
1343 4834 1716 4904 similiumque
1750 4852 1863 4887 ma—

290 4925 498 4988 lorum,
534 4926 735 4993 quibus
766 4926 1012 4996 subjacct
1048 4927 1316 4983 imbecilla
1355 4929 1583 4982 infantia
1607 4968 1621 4990 ,
1659 4929 1861 4998 perdu-

289 5016 437 5068 citur
469 5015 536 5068 ad
588 5018 1025 5072 molestissimam
1080 5019 1180 5087 ipsi
1231 5021 1676 5076 ablactationem.
1729 5021 1861 5073 Inde

287 5107 568 5177 magistris
610 5109 945 5170 educendos,
976 5110 1079 5163 hoc
1110 5117 1192 5163 est
1235 5111 1661 5173 exeruciandus,
1698 5112 1862 5164 tradi-

289 5207 400 5259 tur,
433 5196 879 5267 subigendusque
929 5209 1140 5253 terrore
1188 5214 1251 5253 ae
1300 5201 1469 5269 plagis
1521 5201 1584 5255 ad
1622 5201 1854 5262 litteras,

283 5298 379 5342 aut
411 5299 558 5342 artes
591 5299 955 5359 cazteramque
1015 5291 1361 5360 disciplinam
1399 5293 1644 5360 improbo
1673 5293 1857 5348 labore

282 5380 651 5449 arripiendas.
687 5379 839 5434 Mitto
887 5381 1066 5435 febres
1111 5383 1404 5452 variosque
1441 5383 1753 5453 languores,
1802 5393 1857 5439 et

283 5473 472 5542 pejora
529 5473 686 5526 malis
739 5473 977 5527 remedia
1038 5473 1503 5527 amarissimarum
1547 5475 1852 5543 potionum.

283 5564 375 5619 Sic
406 5565 460 5618 in
492 5565 852 5624 robustiorem
888 5567 1088 5622 educto
1116 5579 1357 5627 :etatem,
1399 5569 1536 5621 alius
1583 5585 1689 5621 non
1723 5568 1855 5622 faci-

279 5657 477 5710 liorum
502 5657 858 5711 certaminum
890 5674 1116 5726 campus
1155 5657 1421 5728 aperitur,
1452 5659 1718 5713 latissime
1752 5676 1850 5729 pa-

281 5759 403 5802 tens
429 5749 480 5801 in
515 5763 676 5802 curas
705 5752 1195 5820 contentionesque
1227 5753 1490 5807 sollicitas
1521 5753 1721 5808 diversi
1755 5771 1850 5824 ge-

279 5841 432 5900 neris
462 5858 473 5896 :
509 5839 561 5896 in
594 5842 800 5906 divitiis
823 5844 1077 5914 parandis
1120 5845 1398 5918 partisque
1427 5846 1661 5912 tuendis,
1705 5863 1850 5916 qua:-

1977 4650 2244 4705 tissimum
2277 4666 2400 4705 esse
2429 4650 2729 4713 hominem,
2757 4667 2946 4704 verum
2982 4650 3236 4704 eumdem
3265 4651 3553 4718 negligeih

1973 4748 2083 4794 tem
2111 4741 2220 4804 sui,
2246 4755 2309 4794 ac
2338 4739 2570 4808 propriae
2599 4740 2790 4793 salutis
2824 4740 3185 4799 incuriosum,
3215 4737 3360 4790 illam
3397 4745 3546 4804 posts

1972 4831 2172 4884 habere
2218 4831 2592 4899 voluptatibus
2637 4845 2920 4884 sensuum.
2971 4830 3108 4882 Tum
3145 4829 3222 4882 sic
3268 4825 3410 4895 apud
3457 4840 3548 4880 me

1970 4921 2120 4974 dixi:
2148 4919 2355 4976 Similis
2378 4929 2461 4976 est
2489 4922 2651 4975 homo
2677 4921 2794 4974 viro
2815 4921 3050 4987 cuipiam
3082 4917 3311 4983 fugienti
3339 4933 3366 4969 a
3401 4915 3551 4970 facie

1969 5013 2068 5067 feri
2108 5015 2502 5075 monocerotis,
2539 5024 2594 5068 et
2642 5029 2805 5067 cursu
2851 5013 2943 5066 illo
2973 5013 3152 5066 delato
3197 5011 3250 5063 in
3285 5008 3540 5078 praecipi-

1970 5107 2108 5160 tinm
2160 5107 2455 5160 imminens
2495 5106 2662 5164 laeui.
2701 5105 2790 5158 ubi
2827 5113 3042 5172 reperta
3079 5102 3281 5172 ingenti
3315 5101 3546 5169 arbore,

1968 5199 2289 5252 conscendit
2327 5199 2378 5251 in
2413 5213 2593 5251 ramos
2618 5199 2735 5266 ejus
2761 5197 3072 5255 inferiores,
3097 5196 3274 5262 iisque
3308 5209 3547 5260 suspen-.

1966 5307 2060 5344 sus
2094 5290 2268 5346 lnesit.
2314 5290 2716 5343 Nidulabantur
2756 5290 2858 5343 sub
2892 5305 3027 5343 cavo
3055 5288 3264 5343 cortice
3293 5289 3413 5356 ejus
3447 5302 3539 5339 arq

1966 5383 2119 5437 boris
2153 5397 2358 5452 angues
2388 5391 2644 5451 quatuor,
2696 5381 3042 5436 terebrantes
3095 5380 3267 5448 ipsam
3291 5420 3306 5441 ,
3353 5388 3407 5432 et
3439 5393 3545 5447 per

1967 5474 2256 5530 foramina,
2291 5490 2409 5540 qua:
2446 5472 2693 5527 rodendo
2727 5475 2991 5530 fecerant.
3026 5474 3205 5538 capita
3250 5480 3537 5525 ostentan-

1967 5576 2067 5619 tes.
2098 5565 2417 5634 Despiciens
2449 5564 2575 5618 inde
2606 5565 2670 5618 ad
2703 5566 2913 5618 radices
2946 5563 3177 5625 arboris,
3210 5563 3347 5615 vidit
3375 5577 3536 5614 aecus

1964 5659 2186 5712 bantcm
2249 5657 2544 5709 draCUnein
2603 5657 2919 5719 immanem,
2980 5667 3133 5709 vasto
3181 5655 3534 5710 diductaruttt

1960 5749 2198 5804 faucium
2232 5748 2474 5802 hiantem
2517 5749 2712 5818 spatio,
2741 5749 2806 5802 ad
2834 5765 2914 5813 se,
2946 5748 3036 5803 ubi
3073 5747 3388 5810 decidisset,
3427 5746 3528 5800 ab-

1962 5841 2318 5897 sorbendum.
2356 5842 2502 5897 Vidit
2561 5851 2614 5897 et
2680 5859 2861 5897 muzcs
2904 5843 3061 5909 duos,
3096 5842 3278 5898 album
3332 5856 3532 5907 unum,
