4016 6522
510 371 640 439 1247

1907 376 2308 438 ΑιῬΕΝΟΙΧ.

3602 375 3737 438 1218

505 489 722 556 nigrum
753 484 1007 550 alterum,
1040 485 1234 540 rodere
1262 485 1480 541 assidue
1531 489 1652 544 illos
1686 491 1831 560 ipsos
1865 493 2065 561 quibus
2099 502 2138 553 Λ
2168 493 2366 562 quibus
2407 504 2544 558 :egra
2582 488 2890 544 mortalitas
2943 489 3216 546 innititur.
3251 490 3496 558 Quatuor
3528 508 3737 563 angues

505 578 788 631 insistebat
821 593 1020 641 ramos,
1048 577 1439 634 admordentes
1481 596 1576 635 eos
1626 585 1743 638 sine
1795 586 2067 641 intermis-

505 670 659 722 sione
692 685 797 736 qua
833 677 986 736 parte
1018 670 1500 725 committebantur
1538 681 1770 737 trunco;
1817 676 2065 744 profece-

507 769 739 829 rantque
777 761 1060 813 arrosione
1091 761 1352 816 continua
1385 772 1612 828 tantum,
1647 774 1704 819 ut
1737 769 1861 833 plus
1887 767 2064 822 media

504 849 750 901 crassitie
787 850 984 910 accisa,
1021 850 1168 903 tenui
1209 859 1416 905 tantum
1452 855 1692 923 segmine
1720 872 1780 910 ac
1802 857 1950 911 velut
1976 857 2066 911 filo

503 940 738 1001 nutanti,
761 941 979 994 ramalia
1007 941 1092 995 illa
1113 958 1231 1010 qua?
1255 944 1430 1011 ipsum
1455 949 1852 1013 sustentabant,
1870 948 2066 1017 planta

503 1031 670 1099 stipiti
704 1033 990 1087 haererent.
1032 1034 1089 1087 ln
1126 1034 1208 1087 his
1240 1035 1405 1089 miser
1436 1039 1720 1108 angustiis,
1769 1051 1932 1108 prout
1969 1055 2067 1109 par

501 1132 640 1185 erat,
681 1125 947 1177 aestuabat
988 1125 1193 1185 animo,
1241 1127 1512 1180 sollicitus
1543 1146 1778 1198 quonam
1809 1141 1967 1201 pacto
1998 1148 2065 1188 ex

503 1222 580 1265 tot
616 1214 854 1284 undique
882 1216 1266 1285 ingruentibus
1291 1219 1548 1284 periculis
1573 1223 1754 1275 salvus
1780 1225 2063 1280 evaderet.

501 1302 614 1356 'l‘ali
652 1320 779 1357 cura
813 1308 1118 1374 suspiciens
1150 1309 1288 1363 forte
1317 1311 1653 1374 observavit,
1684 1331 1748 1368 ex
1774 1320 2061 1372 cacumine

499 1396 727 1456 arboris.
757 1397 845 1449 ubi
878 1413 1004 1466 apes
1037 1399 1184 1455 favos
1216 1400 1496 1465 fecerant,
1528 1406 1635 1458 mel
1667 1406 1911 1461 defluens
1943 1409 2065 1462 stil-

501 1485 628 1545 lare,
663 1487 830 1554 (μιυιι,
871 1505 999 1543 usus
1028 1495 1457 1560 opportunitate,
1490 1508 1708 1565 gustare
1734 1501 1916 1569 cmpit,
1945 1509 2064 1556 tan-

501 1583 722 1642 tumque
771 1576 859 1629 illa
911 1577 1200 1633 dulci-dine
1242 1582 1545 1637 oblcctatns
1583 1596 1700 1650 est,
1748 1596 1806 1639 ut
1858 1588 2063 1643 oblitus

497 1668 972 1721 circumstantium
1026 1683 1440 1739 monstrorum,
1496 1675 1595 1729 feri
1650 1681 2058 1743 monoccrotis.

499 1757 778 1814 horribilis
805 1761 1094 1837 draconis,
1134 1764 1435 1834 hydrornut
1497 1781 1755 1837 quatuor,
1821 1771 2060 1827 duorum

497 1852 757 1917 murium,
792 1870 988 1918 ramos,
1020 1857 1223 1925 quibus
1261 1860 1639 1915 sustinebatur
1672 1879 1740 1917 ne
1778 1864 1830 1918 in
1882 1866 2061 1935 gulam

497 1942 750 1998 draconis
779 1945 1019 2010 caderet,
1053 1949 1304 2018 stirpitus
1330 1952 1730 2007 succidentium
1756 1994 1770 2016 ,
1819 1957 2064 2012 suaviter

497 2035 900 2104 acquiesceret,
933 2040 1092 2092 avide
1121 2055 1185 2094 ac
1221 2057 1414 2097 secure
1445 2054 1670 2113 raptans
1700 2061 1937 2116 superne
1969 2046 2065 2100 de-

497 2128 794 2184 stillantem
825 2131 1091 2200 liquorem
1115 2134 1393 2189 melleum.
1420 2135 1476 2188 Id
1503 2135 1630 2190 dum
1658 2138 1789 2206 agit,
1814 2137 2064 2208 abruptis

498 2219 712 2273 tandem
762 2222 958 2286 ramis,
995 2223 1254 2278 decidens
1284 2225 1475 2280 infelix
1502 2267 1516 2291 ,
1576 2241 1701 2281 esca
1731 2227 1908 2283 factus
1938 2229 2065 2284 dra-

495 2311 648 2364 conis
681 2312 964 2376 inliiantis,
1007 2316 1233 2386 interiit.
1271 2317 1327 2370 ln
1357 2318 1455 2372 hac
1494 2319 1727 2389 imagine
1771 2320 1919 2375 ferus
1943 2321 2063 2376 rhi-

496 2418 729 2460 noceros
758 2405 1004 2475 designat
1041 2417 1268 2462 mortem
1293 2410 1729 2478 pertinacissime
1758 2413 2057 2468 instantem

500 2495 730 2557 homini,
763 2507 818 2550 et
863 2514 1194 2568 quocunque
1245 2517 1301 2554 se
1353 2503 1650 2558 contulerit
1698 2518 1824 2557 eum
1874 2519 2064 2573 perse-

496 2596 750 2654 quentem
781 2629 794 2649 ,
850 2590 1015 2644 nullis
1054 2607 1280 2658 usquam
1333 2593 1382 2646 ei
1422 2595 1554 2647 tutis
1584 2595 1651 2647 ab
1697 2609 1760 2649 ea
1810 2595 2059 2652 latebris.

495 2675 669 2731 Lacus
702 2689 782 2732 est
815 2682 922 2733 vita
965 2682 1083 2736 hanc
1128 2684 1348 2746 misera,
1384 2685 1641 2739 monstris
1669 2695 1888 2741 scatens
1910 2727 1924 2749 ,
1967 2687 2056 2741 in-

499 2769 636 2822 festa
689 2771 1004 2842 naufragiis,
1057 2775 1276 2829 infamis
1307 2776 1557 2830 cladibus
1584 2818 1598 2840 ,
1643 2778 1791 2846 regio
1827 2777 2064 2833 infausta

495 2858 884 2929 lacrytnarum.
919 2864 1073 2916 Ratni
1127 2865 1234 2918 tluo
1266 2867 1534 2935 suppositi
1574 2868 1804 2934 pedibus
1830 2907 1844 2930 ,
1887 2870 2065 2924 arrosi

494 2969 522 3006 a
553 2954 820 3022 muribus,
843 2961 1184 3025 temporaria:
1203 2973 1335 3027 opes
1356 2968 1410 3014 et
1437 2959 1592 3013 fluxae
1616 2959 2060 3027 commoditates,

2176 585 2298 637 sinu
2328 583 2444 651 ipso
2462 584 2628 636 clausi
2660 582 2896 647 arboris,
2924 582 3184 637 humores
3211 591 3450 652 quatuor
3480 585 3735 656 ﬁgurant,

2175 688 2408 743 quorum
2443 674 2734 743 temperie,
2789 673 2992 728 mutuis
3038 673 3268 727 invicem
3319 683 3640 729 cunctorum
3677 675 3741 729 li-

2175 769 2332 824 brata
2361 768 2778 833 certaminibus,
2805 783 3008 838 corpus
3035 767 3189 832 vivit;
3219 767 3501 837 perforant
3527 769 3562 822 ii
3590 779 3741 823 trun-

2173 876 2298 915 cum
2336 868 2611 929 caputque
2643 866 2924 920 exserunt,
2946 857 3164 928 quoties
3189 872 3332 911 unus
3359 872 3523 925 supra
3547 873 3739 912 omnes

2172 955 2493 1024 praevalens,
2534 951 2753 1006 morbos
2799 957 2968 1012 creat,
3017 949 3297 1004 interitum
3347 949 3584 1011 minans,
3630 947 3737 1002 nisi

2172 1047 2256 1100 vis
2282 1047 2400 1116 ejus
2431 1044 2886 1099 medicaminibus
2918 1052 3100 1098 retusa
3130 1041 3197 1096 ad
3243 1048 3736 1110 temperamentum

2176 1145 2616 1205 concentumque
2648 1136 2947 1205 redigatur.
2976 1134 3150 1188 Draco
3196 1131 3408 1186 inferne
3459 1131 3736 1186 accubans

2171 1227 2346 1285 Orcus
2367 1237 2470 1289 est.
2503 1241 2612 1296 quo
2645 1225 3030 1280 inevitabilitcr
3061 1223 3244 1278 cuncti
3273 1223 3569 1277 trudimur.
3599 1223 3738 1276 Duo-

2171 1335 2291 1372 rum
2314 1319 2550 1372 murium
2572 1317 2840 1371 candidus
2863 1317 3034 1379 diem,
3060 1326 3182 1370 ater
3204 1323 3419 1370 noctem
3443 1314 3735 1384 significat:

2173 1410 2258 1464 hac
2308 1409 2476 1464 fulcra
2513 1411 2638 1462 vitae
2681 1408 2993 1472 subruunt,
3022 1406 3352 1461 indesinenti
3398 1404 3739 1459 detractione

2170 1502 2405 1571 spatium
2438 1499 2654 1554 vivendi
2685 1500 3019 1554 minuentes.
3063 1497 3306 1553 Fallaces
3333 1499 3620 1565 noxiaeque
3647 1515 3740 1550 vo-

2168 1593 2406 1661 luptates
2441 1593 2618 1646 mellis
2665 1607 2902 1662 superne
2935 1589 3208 1646 afﬂuentia
3257 1588 3524 1643 insidiosa
3563 1590 3737 1642 stilla-

2172 1681 2323 1736 tione
2356 1681 2755 1735 adumbrantur
2781 1697 2795 1734 :
2824 1681 2938 1735 haec
2962 1682 3109 1736 enim
3144 1679 3453 1749 perniciose
3478 1680 3740 1732 mortales

2169 1771 2430 1834 oblectat,
2475 1786 2713 1826 avocans
2758 1780 2976 1824 mentes
3015 1784 3203 1824 eorum
3253 1782 3284 1821 a
3329 1769 3525 1822 salutis
3571 1783 3738 1828 cura,

2170 1863 2468 1932 aflixosque
2509 1865 2658 1934 ipsos
2687 1862 2848 1918 fluxis
2876 1862 3090 1933 gaudiis
3111 1899 3128 1925 ,
3157 1876 3227 1916 ne
3259 1859 3599 1929 sempiterna
3635 1859 3736 1912 sibi

2169 1954 2534 2022 provideant,
2585 1953 2859 2011 detinens.
2911 1951 3004 2007 His
3052 1967 3154 2022 ego
3200 1951 3484 2020 perpensis
3530 1958 3740 2004 attente

2170 2045 2450 2108 omnibus,
2485 2045 2705 2099 decrevi
2755 2054 3000 2116 perstare
3049 2051 3345 2098 contentus
3394 2041 3739 2110 professione

2172 2153 2316 2200 mea,
2357 2152 2795 2207 magnopereque
2826 2137 3051 2190 incubui
3082 2135 3148 2190 ad
3179 2133 3648 2189 benemerendum
3674 2134 3737 2187 de

2171 2227 2566 2300 indigentibus.
2605 2237 2661 2284 et
2713 2245 2936 2299 quoquo
2966 2229 3151 2294 modo,
3179 2243 3355 2299 quave
3398 2243 3566 2297 opera
3615 2241 3740 2296 pos-

2167 2334 2303 2382 sem,
2336 2320 2529 2388 inopes
2557 2319 2869 2390 iuvandos;
2903 2321 2984 2374 sic
3009 2329 3290 2390 reputans,
3323 2319 3464 2373 hanc
3489 2333 3613 2372 esse
3642 2318 3738 2372 de-

2167 2411 2323 2475 bere,
2357 2410 2400 2464 si
2434 2411 2540 2466 ulla
2573 2411 2682 2473 sit,
2717 2409 2913 2464 salutis
2940 2409 3106 2475 viam,
3142 2422 3482 2478 speransque
3503 2406 3740 2461 fclicita-

2168 2511 2302 2564 tem,
2357 2503 2514 2570 cujus
2566 2501 2814 2556 innatum
2853 2501 3062 2556 homini
3098 2500 3432 2556 desiderium
3485 2509 3594 2560 est,
3643 2498 3735 2550 tali

2167 2593 2515 2664 potissimum
2547 2593 2926 2648 assectandam
2965 2601 3187 2647 conatu.
3233 2591 3311 2646 Ita
3355 2590 3661 2666 composita
3708 2603 3739 2640 e

2167 2690 2321 2757 prius
2355 2687 2673 2740 memoratis
2697 2685 3150 2742 ﬂuctuationibus
3178 2695 3360 2739 mente
3387 2685 3591 2738 missus
3615 2698 3736 2736 sum

2168 2796 2198 2835 a
2239 2796 2366 2850 rege
2404 2779 2650 2834 Chosroe
2707 2779 2760 2832 in
2811 2779 3020 2833 Indiam
3068 2776 3351 2846 :indeque
3402 2777 3456 2829 in
3504 2776 3737 2844 patriam

2169 2872 2340 2926 redux
2368 2871 2517 2926 edidi
2553 2871 2756 2925 multos
2787 2869 2958 2924 libros
2982 2911 2998 2935 ,
3040 2885 3073 2924 e
3119 2869 3320 2939 quibus
3354 2868 3443 2922 hic
3479 2881 3628 2920 unus
3655 2871 3737 2920 est

2168 2969 2537 3031 nuncupatus,
2579 2959 2854 3029 Specimen
2877 2957 3164 3029 Sapientiae
3189 2958 3470 3014 Indorum.
3587 2963 3590 2966 ’

527 3154 3718 3178 W

1759 3329 2095 3443 SPEC
2124 3331 2461 3443 IMEN

607 3573 1674 3732 SAPIENTIZE
1745 3576 2621 3734 INDORUM
2717 3579 3647 3737 VETERUM

1943 3873 2298 3919 EXHIBITUM

931 4014 1688 4079 DISSEBTATIONIBUS
1765 4017 2297 4079 PARABOLICIS
2371 4015 2820 4092 QUINDECIM
2887 4015 3297 4078 CUIUSDAM

1199 4140 1898 4203 GYMNOSOPHISTIE
1929 4142 2037 4201 AD
2088 4141 2680 4203 ABESSALOMUM
2713 4140 3015 4204 REGEM.

1522 4455 2058 4517 DlSSERTATIO
2100 4451 2604 4515 PARABOLICA
2651 4455 2698 4516 l.

495 4601 909 4678 Repra'sentat
946 4602 1008 4683 in
1047 4601 1427 4678 Vestigatore
1483 4614 1648 4664 artes
1673 4605 2032 4665 ambitionis
2080 4585 2398 4683 improbat,
2430 4603 2830 4683 conciliantis
2855 4610 2910 4662 et
2943 4603 3304 4683 dit-intentis
3351 4604 3516 4683 inter
3566 4601 3725 4662 alios

571 4683 839 4755 gratiam
878 4681 958 4760 ad
991 4690 1282 4756 quantum
1314 4683 1645 4757 proprium
1676 4701 1862 4760 eoque
1912 4701 2026 4760 per
2083 4679 2292 4742 omnia
2347 4680 2584 4743 scelera
2623 4683 2996 4759 grassantis.
3056 4682 3273 4743 Obiter
3313 4679 3512 4742 multa
3564 4683 3730 4741 insc-

571 4769 804 4819 runtur
842 4759 969 4820 alia
999 4760 1206 4819 sarias
1237 4760 1375 4819 vitae
1411 4778 1482 4819 ac
1506 4759 2089 4821 mora‘lis'doctrinte
2121 4770 2332 4840 partes
2359 4762 2790 4840 informantia.

564 4883 970 4943 Alzessalomus.
1008 4883 1269 4938 Indorum
1308 4900 1421 4948 rex,
1455 4886 1735 4939 consuluit
1764 4887 2060 4956 quemdam
2088 4893 2131 4951 ο
2164 4888 2354 4952 vitam,
2389 4887 2492 4941 hos
2531 4885 2881 4941 admonuisse
2931 4886 3114 4940 verbis
3146 4885 3460 4957 huiusmodi
3502 4901 3515 4937 :
3546 4883 3591 4940 Ο
3622 4884 3726 4938 mei

492 4988 522 5025 e
550 4973 666 5026 suis
699 4974 1059 5028 familiaribus
1089 4975 1613 5044 gymnosophistam,
1649 4976 1836 5031 dicens
1868 4993 1880 5028 :
1914 4975 2055 5031 Volo

492 5082 521 5120 a
560 5075 612 5120 te
649 5067 779 5120 mihi
813 5067 1081 5121 declarari
1124 5084 1222 5135 per
1261 5067 1530 5136 exempla,
1568 5083 1678 5136 quo
1720 5068 1882 5120 modo
1910 5068 2060 5122 frau-

493 5159 755 5213 dulentus
810 5169 866 5212 et
925 5159 1197 5228 malignus
1240 5159 1342 5222 vir,
1394 5158 1682 5213 insinuans
1732 5173 1852 5212 sese
1913 5160 2058 5214 inter

494 5252 696 5305 amicos
729 5251 888 5312 duos,
920 5251 1143 5304 dirimat
1170 5259 1224 5303 et
1271 5249 1325 5302 in
1377 5250 1562 5303 odium
1594 5257 1893 5303 commutet
1925 5265 2058 5305 ron-

498 5354 723 5396 tractam
763 5341 914 5410 prius
943 5341 1086 5395 inter
1118 5341 1266 5407 ipsos
1289 5339 1610 5393 amicitiam.

567 5433 607 5486 Ι.
645 5433 724 5486 Ad
774 5449 837 5488 ea
882 5433 936 5486 in
987 5432 1134 5486 hunc
1175 5430 1396 5484 modum
1441 5431 1725 5501 respondit
1771 5445 2061 5503 gymnoso-

497 5525 679 5595 phista
718 5541 732 5577 :

575 5620 768 5673 Fertur
795 5627 1068 5673 mercator
1095 5618 1313 5687 quidam
1345 5617 1598 5685 copiosus
1626 5631 1690 5670 ac
1720 5616 1894 5680 dives,
1922 5615 2061 5670 filios

505 5713 713 5766 habens
747 5711 935 5781 pigros
977 5721 1030 5764 et
1075 5726 1168 5779 per
1210 5709 1474 5762 desidiam
1516 5722 1736 5762 aversos
1788 5707 1856 5761 ab
1905 5709 2060 5761 addi-

505 5805 706 5864 sccnda
734 5805 1135 5869 factitandaque
1170 5812 1284 5856 arte
1329 5800 1580 5869 quapiam
1607 5816 1671 5854 ex
1721 5801 1943 5856 utilibus
1991 5803 2055 5856 ad

2159 4978 2278 5041 filii,
2323 4979 2416 5047 qui
2454 4978 2508 5031 in
2559 4978 2659 5031 hac
2695 4977 2807 5030 vita
2853 4985 3236 5042 conversatur,
3293 4976 3472 5030 tribus
3525 4975 3731 5045 indiget

2161 5069 2327 5123 rebus
2350 5085 2363 5119 :
2385 5084 2550 5138 opum
2582 5067 2735 5136 copia
2768 5065 3070 5122 sufﬁciente
3095 5066 3160 5120 ad
3187 5066 3388 5120 victum
3417 5075 3470 5120 et
3500 5067 3729 5129 cultum,

2161 5159 2306 5214 bona
2339 5159 2477 5213 fama
2513 5166 2570 5213 et
2612 5159 3016 5212 existimatione
3066 5157 3210 5225 apud
3263 5157 3538 5219 homines,
3575 5158 3728 5210 deni-

2165 5268 2271 5322 que
2301 5252 2444 5306 felici
2489 5253 2832 5307 assecutione
2861 5251 3227 5316 repositorum
3280 5251 3336 5302 in
3389 5251 3499 5303 vita
3549 5250 3724 5304 futura

2165 5347 2325 5416 iustis
2357 5345 2647 5400 bonorum.
2682 5345 2804 5399 llzec
2834 5359 2997 5413 porro
3027 5345 3127 5396 tria
3152 5360 3260 5396 non
3291 5344 3453 5396 aliter
3475 5345 3570 5398 ulli
3601 5359 3728 5397 con-

2166 5441 2384 5509 tingunt
2414 5454 2577 5507 quam
2621 5453 2720 5506 per
2771 5437 2873 5490 ista
2920 5446 3180 5505 quatuor,
3217 5451 3455 5506 quorum
3490 5438 3726 5507 primum

2165 5541 2245 5584 est
2278 5547 2293 5585 :
2329 5530 2616 5598 possidere
2657 5529 2878 5582 divitias
2904 5528 3049 5598 juste
3091 5538 3312 5597 partas;
3345 5528 3604 5590 alterum,
3635 5543 3728 5582 eas

2163 5621 2544 5675 administrare
2577 5635 2638 5673 ac
2663 5620 2981 5688 dispensare
3015 5619 3330 5686 sapienter;
3369 5618 3593 5672 tertium
3617 5658 3632 5681 ,
3660 5631 3727 5672 es

2170 5712 2236 5764 iis
2263 5727 2488 5780 erogare
2525 5710 2916 5777 indigentibus,
2941 5712 3245 5778 prmsortim
3269 5709 3396 5762 dum
3427 5710 3724 5778 postulant:

2172 5803 2271 5856 hoc
2304 5802 2450 5856 enim
2479 5815 2615 5869 opus
2641 5810 2692 5855 ct
2724 5799 2776 5853 in
2809 5801 2909 5856 hac
2935 5800 3042 5854 vita
3073 5797 3206 5858 utile
3237 5807 3316 5852 est
3347 5807 3400 5852 et
3435 5799 3486 5852 in
3522 5797 3717 5860 futura;
