4016 6520
307 395 443 459 1249

302 517 560 577 quartum
602 498 866 565 denique,
902 492 956 547 in
988 488 1375 546 occasionibus
1421 482 1488 537 ad
1526 476 1864 550 peccandum
1896 471 1944 528 Α
1972 467 2157 536 puisse
2202 462 2490 519 videatur?

1479 576 1483 577 ν
1523 575 1531 577 λ
1688 571 1698 577 ·
1767 568 1777 577 ·
1984 561 2024 577 Α
2070 559 2118 577 ’1
2154 558 2244 577 AL!
2286 571 2399 577 μη..
2437 554 2487 577 L:

303 594 662 655 invitantibus
690 588 961 643 sustinere
991 600 1048 639 se
1074 599 1102 636 a
1138 581 1288 650 lapsu
1326 575 1646 642 connitique
1688 571 1742 622 in
1766 568 1871 620 hoc

302 692 357 745 vi
397 701 632 743 summa.
666 682 873 736 Horum
913 685 1149 747 quatuor
1175 673 1218 727 si
1252 672 1375 740 quis
1408 668 1490 722 vel
1524 680 1693 719 unum
1731 675 1871 730 prie-

308 776 631 837 termiscrit,
671 772 810 826 nihil
863 768 1144 839 perﬁciet;
1195 763 1297 818 nisi
1344 761 1490 815 enim
1532 756 1640 811 erit
1676 753 1870 807 idonea

307 888 476 943 opum
518 867 673 937 copia
720 866 1041 924 instructus,
1092 872 1193 913 nec
1240 856 1425 909 vivere
1472 853 1586 920 ipse
1622 849 1870 908 honeste,

308 940 413 1015 nec
441 960 584 1013 bene
625 956 747 1009 aliis
788 953 983 1023 poterit
1027 950 1225 1003 facere.
1271 944 1424 1012 Quod
1465 943 1507 996 si
1556 940 1874 995 divitiarum

308 1051 536 1122 quidem
590 1047 788 1114 aliquis
838 1043 1042 1098 aﬂ‘atim
1098 1040 1313 1101 habeat,
1365 1035 1505 1089 male
1558 1041 1738 1085 autem
1783 1045 1879 1083 cas

308 1142 653 1197 administret
684 1138 961 1204 vitamque
992 1133 1266 1202 gubernet
1310 1142 1463 1182 suam
1492 1164 1508 1190 ,
1541 1125 1650 1177 cito
1685 1120 1875 1191 egenis

310 1230 772 1289 annumerabitur
808 1245 823 1282 :
866 1239 1090 1280 necesse
1135 1221 1340 1291 quippe
1377 1225 1481 1283 est,
1531 1216 1577 1270 si
1609 1224 1877 1283 quantum

307 1324 596 1402 expendit,
618 1330 897 1385 utcunque
933 1317 985 1369 id
1013 1315 1083 1369 sit
1115 1313 1412 1372 modicum,
1441 1323 1548 1362 non
1573 1313 1727 1360 curet
1751 1318 1884 1357 con-

315 1401 471 1469 tinue
504 1412 735 1466 reﬁcere
758 1451 774 1472 ,
808 1405 1123 1461 accessione
1153 1402 1413 1457 damnum
1464 1404 1777 1466 reparante,
1827 1401 1885 1445 ut

315 1513 438 1580 ejus
466 1507 668 1562 sensim
700 1518 788 1557 res
812 1500 1099 1555 familiaris
1128 1506 1397 1551 atteratur
1425 1509 1487 1548 ac
1515 1491 1731 1546 tandem
1758 1505 1883 1543 eva-

317 1604 528 1658 nescat,
564 1594 717 1647 velut
752 1591 982 1646 stibium
1010 1626 1025 1650 ,
1058 1587 1203 1657 quod
1235 1585 1498 1655 paulatim
1534 1582 1882 1635 imminutum

318 1688 374 1742 in
406 1687 724 1755 pulverem,
758 1680 1121 1737 consumitur.
1169 1678 1340 1730 Porro
1381 1676 1426 1728 si
1477 1682 1532 1728 et
1583 1672 1788 1725 divitiae
1830 1671 1884 1723 in

328 1777 773 1844 supplementum
805 1783 1164 1839 expensaruni
1195 1767 1574 1834 acquirantnr.
1612 1772 1668 1817 et
1703 1763 1757 1815 in
1796 1762 1891 1815 ha-

324 1883 452 1921 rum
490 1864 901 1935 dispensatione
930 1862 1070 1915 ratio
1097 1867 1331 1921 constet,
1370 1857 1496 1910 inde
1531 1865 1712 1909 tamen
1757 1853 1896 1906 nihil

330 1959 613 2014 tribuatur
635 1954 1031 2025 indigentibus,
1066 1951 1256 2005 talium
1282 1963 1563 2018 possessor
1584 1946 1900 1999 divitiarum

330 2066 541 2120 pauper
575 2048 945 2118 reputabitur,
982 2055 1036 2101 et
1065 2058 1165 2101 sua
1199 2042 1354 2097 illum
1382 2040 1541 2110 copia
1576 2038 1900 2108 disrumpet,

327 2153 391 2197 ut
420 2140 686 2209 contingit
721 2140 776 2194 in
813 2138 1095 2194 canalibus
1124 2143 1221 2190 aut
1246 2133 1443 2189 ﬁstulis
1469 2132 1724 2193 fontium,
1759 2146 1901 2199 quae,

330 2233 556 2304 quando
587 2248 694 2287 non
746 2240 894 2301 patet
948 2229 1130 2285 exitus
1170 2242 1327 2296 aqua:
1369 2225 1575 2297 jugiter
1610 2223 1858 2278 inﬂuenti
1887 2264 1902 2288 ,

334 2334 586 2395 crepant.

408 2419 477 2474 ll.
512 2419 607 2473 His
636 2415 788 2488 pueri
814 2415 1039 2480 auditis,
1075 2412 1325 2484 persuasi
1356 2410 1526 2481 patris
1556 2407 1905 2472 auctoritate,

338 2509 728 2579 obtemperare
784 2517 930 2561 recta
968 2505 1211 2560 monenti
1258 2505 1647 2558 decreverunt.
1684 2500 1751 2553 Et
1789 2498 1908 2567 pri.

340 2618 467 2658 mus
524 2616 718 2657 eorum
776 2598 1220 2670 peregrinatione
1274 2603 1528 2663 suscepta
1582 2599 1911 2646 mercaturas

340 2693 540 2763 gratia,
570 2692 722 2746 dedit
760 2706 817 2744 se
850 2691 904 2743 in
959 2689 1100 2743 viam
1140 2686 1349 2740 ducens
1396 2685 1720 2752 plaustrum,
1765 2681 1912 2751 quod

343 2787 489 2842 tauri
527 2785 639 2839 duo
673 2784 986 2837 trahebant.
1018 2779 1093 2833 Eo
1126 2778 1319 2833 itinere
1348 2777 1572 2831 devenit
1598 2775 1648 2828 in
1686 2774 1915 2844 paludo-

343 2894 466 2934 sum
501 2878 709 2939 locum,
743 2874 834 2928 ubi
866 2884 1147 2927 taurorum
1178 2871 1318 2923 alter
1368 2869 1499 2922 limo
1530 2868 1757 2920 haustus
1784 2880 1914 2935 pro-

345 2973 562 3028 cubuit.
596 2971 738 3023 Puer
769 2982 892 3022 cum
944 2965 1060 3018 suis
1102 2978 1227 3017 eum
1269 2975 1464 3030 magno
1509 2960 1697 3013 labore
1729 2974 1791 3013 ac
1818 2972 1911 3011 co-

352 3074 485 3119 natu
521 3064 638 3117 luto
667 3058 934 3121 extraxit;
968 3065 1221 3110 caaterum
1252 3068 1316 3107 ea
1363 3051 1740 3115 contentione,
1784 3048 1914 3103 dum

351 3156 522 3209 trahit
565 3163 621 3207 et
649 3151 890 3205 vicissim
922 3147 1160 3202 trahitur
1189 3160 1219 3198 a
1247 3143 1444 3208 bestia,
1480 3152 1690 3196 tantum
1725 3140 1921 3209 fatiga-

356 3259 445 3302 tus
487 3255 570 3301 est
592 3284 606 3309 ,
640 3252 701 3297 ut
730 3241 1032 3295 subsistere
1071 3242 1382 3306 cogeretur,
1432 3246 1657 3301 pergere
1688 3230 1919 3285 ulterius

355 3356 465 3393 non
493 3338 701 3391 valens.
748 3334 867 3403 Ipse
896 3340 1089 3387 taurus
1128 3343 1226 3398 pro
1277 3326 1639 3381 semimortuo
1670 3322 1917 3383 relictus,

353 3430 556 3485 sensim
612 3433 834 3494 recepto
883 3421 1082 3491 spiritu
1135 3415 1513 3487 progrediens,
1565 3413 1815 3482 pervenit
1864 3412 1918 3465 in

356 3538 611 3593 campum
646 3520 940 3575 herbosum
978 3515 1227 3581 beneque
1266 3509 1551 3579 irriguum,
1598 3506 1687 3559 ubi
1724 3505 1923 3558 mansit

354 3615 643 3671 attendens
692 3610 890 3680 pastui.
926 3608 1035 3663 Nec
1078 3604 1310 3659 multum
1353 3602 1406 3654 in
1456 3598 1637 3652 medio
1686 3606 1921 3664 tempus,

356 3723 482 3765 cum
516 3705 887 3773 impinguatus
914 3701 1360 3764 inerassatusque
1393 3692 1560 3760 coepit
1595 3700 1795 3743 terrain
1840 3688 1920 3741 fo—

360 3803 489 3853 dere
519 3794 784 3851 cornibus
817 3805 870 3847 et
903 3791 1142 3857 mugitus
1171 3787 1334 3841 edere
1358 3795 1567 3839 acutos.
1606 3782 1929 3836 Diversaba—

363 3904 451 3944 tur
486 3898 669 3942 autem
698 3900 805 3939 non
845 3883 1005 3950 longe
1039 3880 1169 3934 hinc
1214 3879 1300 3932 leo
1333 3892 1427 3930 rex
1464 3876 1792 3937 belluarum,
1827 3891 1927 3927 llu-

365 3996 638 4037 nterosum
692 3977 837 4032 circa
882 3990 939 4029 se
994 3972 1203 4026 habens
1255 3968 1572 4023 satellitium
1625 3966 1927 4020 bestiarum

364 4073 544 4126 omnis
569 4069 805 4139 generis.
832 4065 1075 4120 Aderant
1099 4063 1245 4117 enim
1269 4063 1316 4115 ei
1340 4062 1527 4113 leones
1555 4067 1611 4112 et
1644 4058 1779 4120 ursi,
1813 4056 1928 4126 lupi

366 4174 420 4218 et
455 4167 690 4230 lepores,
728 4156 882 4227 pardi
910 4164 968 4209 et
992 4154 1203 4223 vulpes,
1232 4152 1386 4205 tlioes
1410 4159 1463 4203 et
1488 4148 1926 4219 lycopantbcres,

367 4266 681 4320 castumque
735 4250 1015 4305 brutarum
1060 4244 1417 4298 animantium
1471 4243 1704 4309 species.
1763 4241 1932 4294 Porro

370 4351 456 4401 leo
484 4346 587 4399 iste
613 4358 678 4397 ex
714 4340 898 4396 servili
928 4336 1265 4397 conditione,
1292 4333 1512 4388 fortuna
1538 4332 1772 4400 quadam
1808 4345 1938 4386 cve-

372 4447 494 4493 ctus
527 4436 590 4489 ad
630 4446 883 4502 regnum,
924 4428 1069 4482 haud
1104 4428 1300 4496 dignus
1338 4434 1455 4479 erat
1508 4424 1601 4478 illo
1635 4424 1794 4487 loco;
1839 4421 1934 4476 sti-

374 4516 604 4599 ginatias
634 4523 1012 4593 etperforatus
1042 4534 1221 4582 nares;
1254 4518 1411 4586 plane
1444 4515 1682 4583 degener
1711 4512 1934 4582 quidam

376 4633 680 4689 expersque
729 4612 968 4670 consilii.
1018 4610 1116 4664 Hie
1166 4610 1369 4663 auditis
1426 4610 1569 4660 tauri
1622 4606 1945 4674 mugitibus,

380 4713 501 4768 soni
550 4710 780 4765 minacis
827 4704 1173 4762 vehementia
1220 4703 1503 4772 perculsus
1540 4703 1735 4755 misere
1781 4699 1948 4768 coepit

378 4814 611 4860 aestuare
644 4798 930 4867 frangique
966 4795 1191 4861 animo;
1242 4792 1589 4847 dissimulare
1641 4800 1819 4843 tamen
1855 4806 1951 4842 cu-

381 4898 523 4950 ravit
545 4893 890 4947 formidinem
918 4884 1248 4956 pudendam.
1280 4899 1348 4937 ne
1369 4882 1778 4936 venerationem
1806 4879 1950 4947 apud

384 5002 516 5040 suos
542 4984 756 5037 detecta
789 4978 1002 5049 ignavia
1042 4974 1321 5045 perderet.
1359 4971 1518 5027 Stetit
1554 4972 1722 5042 igitur
1754 4987 1864 5023 uno
1896 4970 1949 5022 in

384 5080 505 5131 luco
545 5071 862 5128 immobilis.

462 5167 546 5220 llI.
592 5163 942 5234 Apparebant
970 5168 1151 5214 autem
1196 5157 1245 5211 ei
1290 5153 1552 5210 familiari
1593 5166 1953 5208 accensorum

392 5257 696 5314 ministerio
724 5256 880 5309 tboes
913 5252 1044 5315 duo,
1084 5264 1320 5316 quorum
1352 5246 1509 5300 alteri
1538 5245 1835 5307 Coronato,
1871 5244 1952 5296 al-

394 5352 497 5406 teri
534 5344 856 5416 Vestigatori
906 5357 1105 5397 nomen
1136 5348 1254 5394 erat
1283 5356 1296 5393 :
1325 5336 1536 5392 versuti
1583 5336 1746 5389 ambo
1779 5344 1833 5390 et
1864 5350 1956 5389 so—

395 5446 596 5503 lertes;
628 5439 723 5493 sed
754 5436 1061 5503 Vestigator
1095 5430 1391 5499 aliquando
1423 5429 1655 5483 astutior
1691 5427 1955 5497 pravique

395 5534 582 5592 animi,
616 5527 851 5583 naturali
884 5525 1119 5593 ﬂagrans
1147 5520 1421 5575 desiderio
1454 5534 1538 5572 res
1571 5532 1761 5571 omnes
1785 5531 1955 5584 usque

398 5626 459 5679 id
493 5626 743 5677 intimum
772 5616 1076 5672 scrutandi.
1108 5612 1157 5665 Is
1185 5622 1311 5665 tunc
1336 5611 1606 5663 Coronato
1633 5607 1786 5671 dixit,
1819 5606 1960 5672 Quid

399 5717 662 5775 ditamus,
694 5724 726 5762 o
754 5707 956 5761 sodalis
982 5745 997 5769 ,
1029 5719 1150 5759 esse
1180 5716 1359 5756 causas
1393 5714 1491 5753 cur
1532 5698 1620 5751 hic
1651 5697 1737 5750 lco
1772 5708 1960 5750 noster

402 5807 656 5863 dominus
684 5798 1039 5857 immobiliter
1080 5796 1292 5851 deﬁxus
1319 5801 1516 5861 printer
1546 5805 1753 5845 morem
1778 5789 1963 5845 obtor-

1184 375 1388 439 SPECl
1402 370 1555 432 MEN
1600 359 2025 428 SAPIENTIKE
2050 354 2407 418 INDORUM
2440 350 2610 414 VET.

3406 335 3426 398 l
3440 338 3543 401 250

2535 457 2675 515 lluic
2720 456 3030 513 Coronatus
3077 452 3157 507 sic
3204 452 3542 519 respondit:

1982 559 2121 625 Quid
2154 558 2247 613 tibi
2280 571 2403 610 eutn
2437 554 2584 606 hisce
2611 548 2936 604 inconsultis
2979 543 3547 615 interrogationibus?

1982 652 2274 706 Enimvero
2303 647 2438 701 nihil
2474 646 2569 699 ulli
2614 653 2861 697 nostrum
2910 638 3239 709 improsperi
3290 635 3544 705 contigit,

1983 760 2092 812 quo
2120 742 2308 795 dolere
2335 738 2649 792 debeamus.
2682 734 2785 789 Sed
2818 735 2882 786 ad
2923 732 3067 785 fores
3100 729 3272 783 nostri
3309 730 3451 796 regis
3479 742 3547 779 ex

1985 834 2162 889 ollieio
2187 837 2512 900 apparentes
2541 826 2847 880 dimensum
2880 838 3001 875 cum
3039 820 3141 872 ﬁde
3168 818 3547 890 quotidianum

1986 924 2323 992 accipimus;
2358 922 2413 973 in
2447 934 2639 987 regum
2672 925 2853 970 autem
2897 928 3095 966 arcana
3142 912 3389 965 curiosos
3418 908 3554 977 adji-

1986 1034 2114 1074 cere
2142 1016 2350 1077 oculos,
2383 1022 2438 1068 et
2464 1010 2785 1066 abscondita
2819 1007 3064 1075 improbe
3094 1004 3276 1058 rimari
3304 1042 3318 1065 ,
3356 986 3552 1070 purior

1992 1123 2156 1178 quam
2190 1115 2349 1174 captu
2374 1119 2437 1157 ac
2469 1102 2729 1156 facultate
2759 1110 2946 1152 nostra
2973 1096 3144 1164 majus
3166 1093 3421 1161 quiddam
3446 1098 3550 1151 est,

1990 1200 2154 1254 etiam
2197 1196 2439 1266 periculo
2471 1210 2578 1248 non
2606 1198 2783 1246 vacat.
2815 1188 3032 1243 Absiste
3063 1186 3226 1255 igitur
3253 1200 3282 1237 a
3313 1182 3550 1243 talibus;

1991 1307 2117 1348 nam
2146 1290 2236 1358 qui
2263 1271 2346 1343 vel
2377 1302 2539 1355 agerc
2570 1285 2653 1338 vel
2697 1284 2848 1350 loqui
2896 1295 3006 1333 suas
3046 1277 3179 1332 Serti
3212 1294 3320 1329 non
3352 1287 3556 1328 conve-

1994 1382 2200 1437 nientia
2232 1378 2475 1440 audebit,
2495 1374 2717 1430 omnino
2749 1374 2986 1442 patietur
3002 1369 3146 1439 quod
3175 1367 3333 1420 simio
3350 1364 3555 1418 evenit.

1998 1475 2203 1530 Simius
2231 1472 2400 1535 enim,
2436 1477 2495 1522 ut
2529 1469 2703 1531 aiunt,
2734 1463 3030 1517 observans
3061 1457 3356 1528 aliquando
3388 1457 3559 1523 ligna-

1998 1576 2172 1622 torem
2207 1564 2426 1617 dantem
2461 1573 2682 1628 operam
2722 1566 2918 1609 trunco
2950 1552 3208 1606 ﬁndendo
3252 1547 3560 1603 successiva

1999 1658 2281 1715 adactione
2313 1655 2545 1708 duorum
2581 1663 2907 1711 cuneorum,
2957 1660 3188 1714 quorum
3238 1655 3455 1709 semper
3486 1639 3565 1691 al-

1998 1763 2175 1805 terum
2202 1764 2268 1803 ex
2298 1761 2359 1800 ea
2400 1753 2550 1815 parte
2584 1742 2679 1795 ubi
2729 1739 3014 1793 laxabatur
3062 1732 3341 1787 diductius
3383 1730 3517 1783 rima
3547 1767 3561 1786 .

2004 1845 2056 1897 iu
2083 1840 2457 1911 angustiorem
2492 1844 2547 1889 et
2579 1834 2797 1887 tenuius
2837 1831 3079 1883 hiantem
3131 1824 3261 1893 ligni
3316 1823 3564 1875 ﬁssuram

2004 1931 2361 1995 intrudebat;
2410 1928 2597 1994 sicque
2649 1933 2844 1977 trunco
2898 1918 3144 1973 insidens
3188 1915 3256 1968 ab
3310 1928 3418 1965 uno
3448 1913 3566 1980 ejus

2004 2026 2181 2094 capite
2212 2023 2278 2077 ad
2305 2021 2537 2075 alterum
2564 2015 2765 2071 sensim
2803 2009 3133 2081 procedebat
3167 2022 3181 2058 :
3212 2007 3284 2071 id,
3322 2004 3566 2071 inquam,

2005 2118 2282 2172 admirans
2323 2111 2536 2171 simius,
2580 2107 2865 2176 explorare
2897 2100 3027 2171 quid
3076 2106 3332 2168 ageretur
3371 2094 3565 2146 voluit.

2006 2211 2150 2280 Ergo
2191 2208 2338 2276 ligno
2366 2212 2419 2257 et
2461 2206 2573 2270 ipse
2616 2206 2737 2268 post
2771 2195 2983 2249 fabrum
3020 2189 3338 2260 incquitans
3386 2188 3570 2254 inspe-

2008 2278 2190 2359 ctabat
2213 2296 2595 2354 attentissime,
2640 2287 2860 2359 quando
2894 2301 3020 2339 ecce
3051 2280 3461 2347 discedentibus
3495 2278 3572 2330 la-

2012 2396 2121 2448 tius
2171 2388 2509 2460 segmentis,
2556 2384 2798 2451 fragmen
2857 2375 3132 2446 quoddam
3194 2369 3571 2426 acutissimum

2012 2483 2277 2541 curiosuli
2344 2495 2404 2533 se
2466 2473 2796 2545 genitalibus
2842 2466 3040 2522 inﬁxit.
3091 2465 3183 2519 Ille
3233 2461 3577 2516 exanimatus

2013 2578 2123 2632 acri
2158 2583 2356 2643 punctu
2389 2570 2596 2624 doloris
2634 2565 2895 2633 eiulatum
2934 2558 3085 2613 dedit
3118 2554 3434 2608 maximum.
3470 2551 3577 2602 lle-

2014 2677 2269 2738 spectans
2292 2663 2357 2717 ad
2387 2675 2578 2716 sonum
2604 2657 2776 2716 faber,
2799 2652 3087 2706 molestum
3110 2644 3575 2713 interpellatorem

2016 2761 2202 2831 operis
2249 2755 2417 2827 plagis
2468 2750 2683 2822 egregie
2733 2755 3049 2806 contusum,
3080 2740 3228 2793 calce
3261 2736 3449 2805 procul
3486 2733 3580 2785 ab-

2012 2829 2164 2926 jecit.
2201 2848 2349 2906 Nihil
2392 2846 2574 2900 mitius
2620 2842 2898 2911 impendet
2925 2835 3024 2891 tibi
3076 2833 3123 2887 si
3168 2830 3417 2885 curiosus
3459 2842 3581 2881 esse
3656 2829 3674 2841 '

2056 2960 2223 3000 θτεζιε.

2056 2961 2116 3000 er
2158 2961 2223 2997 IS.

2020 2962 2052 3016 p
2090 2961 2178 3091 ιδ.
2215 3033 2294 3087 Ad
2317 3047 2378 3086 ea
2406 2988 2645 3099 reposuit
2667 3023 2970 3091 Vestigator
2995 3036 3006 3071 :
3030 3017 3147 3073 Iam
3177 3027 3433 3069 noveram
3462 3024 3584 3079 quae

1945 3133 1987 3190 C
2021 3144 2241 3187 mones;
2278 3125 2370 3180 sed
2409 3131 2464 3176 et
2489 3119 2621 3174 illud
2657 3118 2795 3172 scias
2836 3113 3027 3171 velim,
3068 3123 3187 3162 esse
3227 3115 3407 3159 tamen
3448 3118 3585 3171 prae-

2026 3228 2235 3278 clarum
2261 3216 2510 3277 attollere
2552 3208 2844 3278 aliquando
2881 3205 3124 3258 animum
3164 3198 3231 3251 ab
3271 3195 3583 3249 humilitate

2026 3324 2201 3372 status
2233 3310 2317 3366 sui
2342 3350 2357 3370 .
2399 3306 2717 3372 audereque
2766 3298 3010 3368 aspirare
3043 3294 3107 3348 ad
3144 3291 3391 3363 gloriam.
3435 3286 3590 3355 cujus

2027 3409 2119 3479 qui
2156 3407 2293 3460 ﬁunt
2333 3410 2633 3470 compotes,
2666 3405 2721 3450 et
2771 3393 2959 3447 amicis
3005 3388 3266 3459 gaudium
3302 3394 3357 3438 et
3391 3380 3591 3436 invidis

2031 3514 2317 3555 mmrorem
2344 3497 2411 3550 de
2442 3511 2499 3549 se
2531 3497 2721 3546 creant
2748 3504 2761 3541 :
2795 3485 2940 3555 quod
2972 3480 3105 3551 quid
3140 3475 3507 3549 praestabilius
3529 3488 3592 3526 ac

2032 3589 2242 3659 majus?
2278 3586 2605 3641 Pusillorum
2661 3593 2828 3649 porro
2864 3585 3026 3642 atque
3074 3571 3225 3625 humi
3283 3565 3591 3635 repentium

2032 3684 2339 3737 animorum
2369 3686 2471 3737 est,
2502 3685 2689 3729 tenere
2735 3684 2793 3723 se
2831 3665 3075 3735 angustis
3105 3660 3330 3722 ﬁnibus,
3361 3664 3593 3709 contcn~

2034 3784 2147 3830 tum
2190 3785 2309 3825 esse
2343 3767 2555 3821 modico
2587 3760 2730 3831 quod
2768 3759 2958 3817 adest,
2990 3754 3127 3807 nihil
3165 3752 3303 3804 ultra
3358 3748 3593 3800 ambire.

2035 3868 2168 3922 Nam
2196 3874 2250 3917 et
2281 3861 2433 3914 canis
2469 3856 2575 3911 ossi
2617 3850 2925 3907 aridissimo
2956 3846 3098 3900 forte
3138 3840 3453 3896 occurrenti
3505 3853 3596 3890 ro-

2037 3957 2215 4015 dendo
2254 3964 2446 4009 secure
2483 3948 2741 4007 accubat;
2776 3955 2966 3997 verum
3012 3933 3334 3991 excelsioris
3364 3930 3443 3981 vir
3479 3927 3594 3995 spi-

2038 4054 2198 4113 ritus,
2231 4044 2579 4113 acquiescere
2625 4033 2868 4089 minimis
2913 4028 3222 4095 inﬁmisque
3250 4021 3597 4089 dedignatus,

2041 4154 2367 4218 generosum
2399 4137 2452 4189 in
2480 4150 2536 4188 se
2580 4131 2737 4198 digna
2786 4119 3165 4196 persequenda
3201 4117 3469 4181 impetum
3503 4127 3598 4164 ex-

2041 4210 2210 4310 pedit,
2246 4232 2395 4286 velut
2431 4229 2513 4281 leo
2541 4236 2776 4291 Sequens
2810 4220 3071 4285 leporem.
3106 4212 3147 4267 si
3202 4210 3380 4262 obiter
3422 4219 3599 4259 came-

2041 4302 2127 4386 lus
2151 4320 2471 4381 occurrerit,
2498 4317 2622 4370 huic
2646 4314 2830 4369 instat.
2854 4306 3047 4376 pusilla
3068 4302 3243 4372 praeda
3269 4305 3600 4364 contempta.

2044 4420 2125 4474 An
2168 4414 2348 4470 nescis
2397 4423 2585 4464 canem
2622 4400 2840 4470 quidem
2873 4394 3057 4449 eandm
3105 4389 3419 4444 adulatricis
3456 4394 3604 4439 motu

1966 4485 2016 4544 D
2043 4509 2265 4569 servili,
2302 4516 2498 4573 panem
2546 4495 2811 4550 cibarium
2854 4485 3148 4545 eblandiri,
3193 4497 3361 4549 seque
3414 4487 3608 4547 putare

2049 4602 2277 4655 beatum
2310 4594 2356 4647 si
2391 4598 2583 4645 nactus
2614 4586 2750 4638 forte
2797 4582 2901 4644 sit;
2957 4588 3209 4644 magnum
3260 4579 3449 4625 contra
3493 4569 3607 4621 ele-

2053 4691 2309 4760 phantem
2362 4681 2644 4736 fastidiose
2690 4673 2980 4727 admittere
3026 4669 3199 4722 bonos
3227 4662 3409 4718 -etiam
3463 4661 3609 4713 ultro

2052 4781 2264 4835 oblatos
2294 4775 2469 4833 cibos,
2501 4784 2602 4823 nec
2635 4766 2740 4819 nisi
2784 4761 3010 4831 supplici
3049 4759 3136 4811 vix
3170 4753 3384 4807 tandem
3428 4765 3605 4802 assen-

2056 4872 2261 4926 tatione
2310 4872 2598 4919 exoratum
2649 4856 2715 4909 ad
2762 4851 3095 4907 vescendum
3150 4842 3389 4898 adduci?
3432 4842 3611 4907 Apage

2054 4960 2301 5016 sordidas
2349 4952 2626 5021 angustias
2669 4944 2978 4999 constricta:
3024 4941 3074 4991 in
3120 4945 3333 4989 arctam
3376 4932 3611 4992 mentis,

2056 5052 2193 5108 nihil
2223 5051 2364 5103 ultra
2389 5042 2758 5099 necessarium
2784 5031 3089 5089 aﬁ‘ectantis
3120 5044 3277 5081 ttsum
3312 5043 3327 5078 :
3362 5040 3445 5077 me
3465 5030 3614 5092 juvt-t

2058 5139 2307 5210 adipisci,
2351 5150 2512 5205 supra
2551 5140 2751 5186 sortem
2788 5121 3105 5184 crescendo,
3140 5118 3284 5172 unde
3314 5130 3435 5171 cum
3464 5124 3615 5168 satur

2059 5234 2201 5289 domi
2235 5230 2391 5284 fuero
2418 5228 2470 5281 in
2508 5224 2641 5277 alios
2674 5216 2973 5281 effundam,
2997 5227 3127 5267 aura
3162 5208 3486 5263 inulcendus
3520 5222 3618 5275 pn-

2063 5322 2261 5393 pulari.
2296 5320 2409 5373 Hoc
2440 5314 2541 5368 viri
2572 5319 2656 5366 est
2681 5306 3028 5378 magnanimi,
3056 5301 3310 5357 sublimia
3342 5298 3621 5357 tentantis.

2064 5389 2344 5468 liberalis:
2378 5421 2540 5476 quem
2575 5403 2677 5458 etsi
2713 5414 2873 5455 casus
2938 5406 3064 5450 ante
3111 5404 3325 5462 tempus
3365 5389 3622 5459 praeclara

2065 5513 2353 5559 conantem
2415 5498 2590 5552 fatalis
2648 5493 2941 5551 aﬁlixerit.
2998 5489 3186 5558 perdiu
3237 5497 3416 5539 tamen
3468 5485 3625 5548 vulgo

2066 5600 2269 5654 vixisse
2295 5601 2606 5654 censeatur,
2643 5596 2852 5642 tanttnn
2899 5585 3228 5653 adjungente
3262 5578 3403 5632 fama
3451 5574 3625 5643 Spatia

2068 5688 2288 5745 vivendi
2322 5692 2588 5754 quantum
2637 5681 2919 5734 calamitas
2955 5672 3269 5729 detraxerit.
3312 5669 3404 5723 lsti
3446 5678 3626 5720 autem

2066 5798 2203 5852 thOS
2229 5794 2421 5833 narras
2443 5766 3138 5839 niiuutuli,circumspecti,
3162 5764 3367 5832 trepide
3387 5763 3493 5817 obu
3519 5762 3628 5823 .xii,
