4016 6602
406 375 543 440 1231

1829 384 2231 448 APPENDIX.

3530 393 3675 460 12ῖῖ

398 498 472 555 ad
497 512 718 553 omnem
789 507 999 554 motum
1049 500 1163 557 foiii
1213 512 1495 572 paventes,
1529 504 1634 560 aioi
1675 504 1805 559 boni
1837 504 1987 568 uuis,
2018 513 2062 568 Α
2090 515 2219 576 ptus
2251 520 2317 561 ac
2340 504 2533 571 sortis,
2567 505 2733 577 friget
2768 507 2916 576 apud
2947 508 3235 566 audientes
3267 520 3323 565 et
3354 514 3665 580 spernitur.

402 590 600 644 vivunt
635 590 851 658 inglorii
884 603 940 646 et
969 592 1187 647 cum-tis
1219 593 1588 662 ignorabiles;
1618 596 1704 650 vel
1735 595 1779 648 si
1806 610 1978 650 anno.

405 697 529 736 rum
562 698 853 737 uulnerum
894 698 924 737 a
988 686 1120 738 la-va
1162 687 1542 754 promovet-int
1576 689 1642 741 ad
1679 686 1979 751 dexteram,

406 774 462 829 in
498 774 781 843 decrepito
815 775 944 829 licet
980 776 1161 839 senio,
1198 779 1336 831 mori
1374 779 1590 848 pueruli
1630 778 1908 833 videntur.

477 864 543 918 ν.
577 862 829 919 Occurrit
881 864 969 919 bis
1009 875 1202 920 contra
1236 864 1564 930 Coronatﬁs,
1601 866 1669 920 Et
1715 867 1842 930 ista,
1895 867 1981 922 in-

405 957 621 1027 quiens,
649 973 770 1027 qua:
800 957 1141 1021 declamasti,
1163 974 1262 1013 nos
1286 975 1524 1030 quoque,
1561 974 1596 1013 o
1622 959 1784 1021 bone,
1819 974 1988 1013 nove-

406 1040 633 1115 ramus;
673 1060 932 1105 caeterum
978 1052 1059 1107 sic
1106 1051 1269 1116 habe,
1313 1068 1466 1107 suam
1516 1065 1636 1106 esse
1678 1051 1985 1119 unicuique

407 1143 763 1197 constitutam
816 1158 1134 1198 mensuram
1190 1144 1459 1200 claritatis
1495 1153 1659 1210 atque
1705 1144 1981 1198 fortunae:

407 1251 579 1306 quare
603 1235 695 1305 qui
736 1238 882 1291 inter
913 1236 1214 1291 honoratos
1249 1245 1305 1290 et
1334 1237 1450 1304 ipse
1483 1236 1692 1316 honore
1731 1234 1988 1304 dignatus

409 1329 607 1398 fulget,
638 1339 787 1384 recte
812 1329 917 1383 sibi
950 1344 1013 1383 ac
1043 1345 1156 1383 sure
1177 1328 1349 1399 quieti
1383 1328 1746 1387 consuluerit.
1783 1328 1828 1382 si
1858 1344 1987 1397 pru-

409 1421 641 1490 riginem
680 1422 1026 1475 ambitiosam
1060 1420 1384 1491 assurgcndi
1414 1421 1578 1474 altius
1607 1434 1982 1489 compescens,

411 1510 466 1565 iu
500 1527 603 1567 suo
629 1512 819 1567 sedeat
864 1512 1035 1582 gradu
1094 1513 1445 1582 tranquillus.
1496 1510 1637 1578 Quid
1694 1525 1825 1580 ergo
1883 1525 1985 1565 nos

411 1605 561 1660 aliud
593 1620 929 1675 quaeramus,
948 1605 1044 1674 qui
1073 1605 1234 1660 ambo
1257 1605 1481 1675 gratiosi
1508 1608 1650 1675 apud
1674 1604 1982 1676 principem

411 1698 469 1751 in
504 1697 686 1766 amplo
737 1696 1042 1751 ministerio
1088 1698 1413 1751 versamur?
1457 1697 1559 1753 Cui
1611 1698 1715 1753 hoc
1759 1712 1869 1752 non
1903 1708 1989 1752 est

413 1788 567 1850 satis,
599 1788 738 1842 nihil
774 1789 1028 1845 sufficiet.
1079 1788 1245 1859 Atqui
1272 1829 1287 1852 ,
1317 1789 1394 1843 ait
1424 1789 1756 1857 Vestigator,
1786 1803 1985 1844 omnes

2088 596 2177 652 Sit
2211 598 2282 651 ita
2321 611 2474 660 sane,
2516 598 2805 667 respondit
2830 598 3160 663 Comata,
3220 603 3413 656 vineas
3472 618 3677 659 omnes

2086 690 2308 759 ingenio
2340 690 2471 744 dum
2507 690 2812 760 disputabis
2865 707 3047 745 coram
3097 707 3359 764 regezan
3398 706 3456 749 tu
3508 706 3679 765 putas

2086 783 2262 838 solere
2311 782 2588 853 principes
2636 785 2890 853 amplecti
2920 800 3136 840 summo
3168 787 3355 840 favore
3388 774 3691 856 praestari?

2088 875 2356 928 tissimum
2411 876 2736 945 quemque?
2785 877 2949 948 Atqui
2983 880 3079 933 viti
3134 878 3213 933 illi
3248 890 3380 933 sunt
3433 880 3668 944 similes,

2086 982 2206 1037 quae
2236 968 2507 1038 pampinis
2559 969 2674 1024 suis
2704 968 2871 1039 cingit
2925 985 2989 1025 ac
3017 970 3235 1041 stringit
3273 988 3378 1025 non
3421 973 3668 1038 optimas

2085 1058 2366 1120 arborum.
2397 1058 2490 1113 sed
2514 1061 2816 1129 proximas.
2849 1061 3089 1116 Favores
3120 1062 3264 1133 regis
3288 1063 3398 1118 illis
3432 1079 3667 1118 servan-

2088 1161 2200 1214 tur,
2247 1148 2341 1219 qui
2398 1149 2594 1204 intimo
2632 1150 2734 1220 ipsi
2770 1150 3146 1222 diuturnoque
3204 1156 3459 1207 convictu
3511 1169 3670 1208 com-

2088 1239 2353 1302 mendati,
2389 1240 2758 1310 praeferuntur
2792 1242 3030 1307 cunctis,
3060 1243 3380 1314 praeiudicio
3418 1244 3663 1313 quodam

2088 1334 2326 1400 antiqua:
2353 1331 2741 1388 familiaritatis
2770 1350 2786 1387 :
2813 1349 2843 1387 a
2883 1349 2990 1403 qua
3027 1344 3083 1388 tu
3116 1350 3238 1390 cum
3272 1336 3433 1403 longe
3479 1336 3666 1390 hacte-

2089 1439 2192 1477 nus
2221 1421 2494 1487 abfueris,
2562 1438 2739 1478 novus
2768 1424 2975 1478 scilicet
3000 1425 3146 1487 istic,
3174 1427 3342 1480 etiam
3373 1442 3475 1495 pro
3510 1428 3668 1498 igno~

2089 1525 2145 1568 to
2195 1513 2551 1586 negligendus
2607 1515 2917 1583 apparebis.
2972 1516 3050 1568 Ad
3088 1533 3153 1570 ea
3184 1518 3514 1588 Vestigator,
3552 1519 3668 1574 Nec

2091 1603 2332 1659 inaudita
2388 1604 2547 1667 mihi,
2600 1619 2704 1658 nec
2756 1604 2914 1667 falsa,
2977 1607 3192 1675 inquit,
3245 1608 3510 1675 disseris;
3559 1623 3666 1664 ca:-

2090 1704 2291 1759 terum,
2326 1703 2383 1749 et
2426 1694 2558 1749 illud
2603 1695 2728 1748 novi
2763 1695 2918 1758 istos,
2960 1710 3101 1764 quea
3148 1712 3340 1752 narras
3371 1699 3486 1768 regi
3538 1714 3667 1754 esse

2091 1786 2337 1849 intimos,
2370 1787 2607 1856 primum
2647 1787 2940 1856 aliquando
2971 1788 3039 1840 ad
3089 1803 3215 1843 cum
3251 1804 3533 1844 accessum
3567 1791 3671 1844 ha-

412 1882 551 1935 aula:
580 1896 642 1936 ac
678 1881 883 1949 regni’,
918 1881 1156 1951 vitaeque
1187 1881 1328 1937 adeo
1359 1897 1425 1936 ac
1460 1881 1649 1935 mundi
1692 1881 1988 1953 dignitates
2016 1863 2058 1921 Β
2088 1878 2293 1941 buisse,
2345 1891 2633 1947 nunquam
2650 1887 2811 1931 antea
2856 1878 3026 1939 visos,
3053 1887 3109 1931 et
3132 1893 3198 1931 ex
3250 1879 3445 1934 humili
3486 1879 3557 1933 ad
3590 1880 3662 1934 il-

412 1974 468 2028 in
501 1988 791 2027 commune
824 1982 1207 2043 preponuntur
1236 1973 1461 2044 prsentia
1493 1973 1841 2038 merentium,
1866 1973 1988 2026 fru-

414 2076 539 2120 ctus
589 2065 934 2121 addentium.
988 2064 1176 2136 itaque
1230 2078 1487 2136 tanquam
1538 2066 1604 2119 ad
1654 2066 1883 2136 palmam
1931 2068 1986 2119 in

412 2157 596 2212 medio
631 2157 863 2228 positam
904 2158 995 2228 jus
1034 2159 1438 2228 arbitriumque
1479 2161 1681 2229 cuique
1731 2169 1817 2214 est
1860 2175 1991 2213 cur-

415 2250 571 2306 rendi
615 2260 672 2305 et
717 2251 1047 2321 experiundi
1099 2252 1231 2321 quid
1284 2253 1479 2322 possit.
1541 2253 1618 2307 Es
1672 2253 1991 2308 discriminc

415 2358 583 2413 porro
611 2344 864 2414 generosi
893 2352 950 2398 et
978 2344 1159 2415 ignavi
1191 2344 1403 2415 patebit
1435 2345 1614 2399 utrius
1642 2345 1802 2399 alteri
1847 2359 1989 2415 pra:-

412 2436 653 2505 optanda
683 2437 925 2491 conditio
952 2436 1023 2492 sit
1068 2453 1083 2490 :
1131 2451 1432 2507 generosus
1466 2452 1685 2507 semper
1716 2436 1986 2501 ascendit,

382 2588 383 2591 η
416 2526 650 2596 ignavus
686 2526 950 2580 continue
983 2540 1041 2581 se
1075 2525 1357 2595 deprimit.
1390 2525 1525 2581 Cum
1566 2535 1773 2590 autem,
1803 2535 1866 2579 ut
1890 2541 1991 2594 pa-

413 2617 522 2671 lam
547 2624 652 2679 est,
679 2616 915 2672 arduum
952 2617 1394 2688 iaboriosumque
1422 2618 1493 2672 sit
1522 2618 1577 2672 in
1606 2617 1841 2673 sublime
1868 2616 1989 2682 niti,

415 2710 735 2766 faciilimum
768 2725 901 2766 vero
931 2726 995 2765 ac
1017 2726 1247 2781 pronum
1278 2711 1534 2767 deorsum
1561 2712 1804 2777 tendere,
1829 2726 1993 2767 nemo

416 2817 524 2856 non
561 2802 710 2855 ridet
761 2811 971 2871 quanto
1029 2806 1378 2873 praestantius
1427 2803 1870 2874 laudabiliusque
1921 2803 1993 2858 sit

415 2908 699 2961 emergere
729 2895 783 2947 in
816 2893 1011 2959 altum,
1038 2909 1102 2951 ac
1141 2910 1367 2965 surgere
1406 2896 1621 2960 conari,
1651 2911 1812 2964 quam
1845 2894 1992 2949 desi-

415 2985 547 3039 dere
582 2985 855 3055 patienter
884 2986 941 3041 in
974 2986 1184 3043 infimo.
1220 2989 1392 3060 Igitur
1424 2988 1549 3058 quis
1589 2987 1806 3043 dubitet
1832 2987 1990 3057 sequi

415 3091 692 3147 quemque.
736 3077 936 3134 debere
977 3078 1127 3149 quod
1162 3094 1283 3133 esse
1327 3087 1548 3155 constat
1592 3078 1989 3136 excellentius.

415 3181 626 3238 nosque
654 3168 793 3225 adeo
825 3169 952 3226 vilis
998 3171 1210 3224 inertia:
1260 3171 1624 3235 damnandos,
1675 3172 1719 3225 si
1762 3170 1993 3225 modicis

417 3259 833 3324 indormiamus,
861 3261 929 3316 ad
956 3277 1149 3332 magna
1180 3262 1415 3317 invitati.
1445 3262 1712 3332 Equidem
1739 3263 1993 3331 arripere

416 3352 676 3407 constitui
708 3354 1053 3409 occasionem
1086 3354 1372 3409 crescendi
1407 3370 1569 3424 qitam
1602 3355 1891 3426 benignam
1913 3355 1997 3410 of-

417 3445 524 3499 fert
555 3447 655 3499 ista
684 3445 920 3500 farmido
940 3446 1145 3499 domini
1182 3447 1377 3513 leonis,
1401 3457 1459 3500 et
1485 3458 1595 3501 tam
1627 3447 1804 3517 ipsius
1825 3463 1990 3517 quam

417 3524 662 3592 cohortis
690 3551 753 3591 ac
782 3538 1078 3593 comitatus
1112 3539 1354 3593 universi
1392 3547 1557 3593 aestus
1600 3549 1767 3609 atque
1816 3541 1997 3594 incer-

421 3628 597 3682 titudo
627 3630 868 3684 consilii.
908 3628 1076 3690 Adire
1126 3630 1275 3683 illum
1324 3631 1478 3699 juvat
1525 3640 1581 3684 et
1622 3630 1996 3699 percontando

417 3719 620 3775 elicere
653 3720 785 3789 quid
817 3720 1040 3790 cogitet.
1092 3720 1229 3787 Quis
1273 3723 1377 3775 scit
1419 3721 1566 3775 enim
1618 3736 1686 3775 an
1726 3737 1832 3774 non
1868 3719 1997 3774 inde

419 3812 555 3865 mihi
596 3815 747 3867 nasci
806 3815 1190 3884 opportunitas
1229 3816 1404 3885 possit
1472 3828 1630 3869 novre
1687 3814 1995 3886 cuiuspiam

420 3904 702 3975 dignitatis
739 3906 1117 3977 impetrandae.

490 3998 577 4053 Vl.
610 3998 765 4073 Unde
794 4007 997 4062 autem,
1048 4000 1295 4070 reposuit
1331 3998 1662 4063 Coronatus,
1694 3999 1806 4061 die,
1843 4013 1996 4053 ama-

421 4088 515 4152 bo,
553 4088 649 4143 tibi
692 4099 928 4152 constat,
963 4096 1219 4155 aestuare,
1253 4098 1314 4144 ut
1337 4090 1439 4152 ais,
1472 4098 1529 4144 et
1558 4089 1856 4144 formidare
1892 4104 1996 4143 no-

423 4188 596 4233 strum
624 4192 803 4249 regem
821 4179 1085 4248 ?Nempe,
1113 4180 1293 4249 inquit
1315 4179 1645 4249 Vestigator,
1666 4180 1786 4250 ejus
1824 4178 1996 4232 animi

422 4286 619 4327 sensus
644 4272 873 4327 intimus
912 4273 1045 4326 mihi
1095 4273 1332 4341 pellucet
1361 4285 1428 4325 ex
1476 4271 1667 4326 habitu
1716 4281 1773 4326 et
1818 4272 1996 4328 vultu.

424 4366 655 4423 Soiertis
706 4367 913 4438 quippe
970 4383 1034 4422 ac
1065 4368 1277 4424 ratione
1332 4383 1443 4423 non
1484 4368 1688 4423 frustra
1754 4368 1999 4439 praedita

425 4458 628 4513 mentis
657 4467 740 4513 est
776 4473 973 4513 arcana
1002 4476 1069 4513 ex
1112 4460 1506 4529 apparentibus
1541 4460 1845 4528 intelligere
1866 4500 1882 4524 ,
1911 4460 1998 4513 ul-

2087 1970 2197 2026 lam
2250 1968 2621 2039 dignationem
2645 1977 2866 2023 evectos
2902 1987 2917 2023 :
2948 1969 3142 2038 quidni
3182 1979 3240 2025 et
3269 1988 3371 2043 ego
3401 1972 3663 2026 inchoent

2089 2076 2238 2131 spem
2279 2060 2461 2126 istam,
2517 2068 2571 2113 et
2610 2076 2755 2113 unus
2799 2076 2866 2114 ex
2901 2061 2968 2113 iis
3005 2061 3241 2116 evadere
3301 2066 3663 2128 contendam,

2090 2153 2183 2223 qui
2207 2152 2473 2222 deinceps
2504 2152 2873 2206 familiaritate
2896 2153 3157 2223 principis
3173 2156 3476 2209 honorandi
3496 2165 3627 2211 sunt
3644 2157 3672 2208 τ

2089 2243 2227 2300 Νονὶ
2279 2254 2462 2298 autem
2510 2251 2567 2298 et
2626 2258 2730 2313 ego
2759 2242 3078 2297 methodum
3137 2244 3361 2314 regibus
3412 2246 3667 2314 placendi

2090 2334 2377 2406 praeceptis
2425 2333 2574 2388 hisce
2603 2333 2766 2402 vulgo
2797 2333 3112 2388 celebribus
3155 2343 3475 2388 contentam
3512 2352 3527 2388 :
3562 2334 3668 2390 Fa-

2091 2439 2234 2484 stum
2298 2426 2502 2496 abjice,
2541 2427 2675 2480 iram
2725 2425 2931 2488 deuia,
2984 2426 3372 2482 contumeliam
3434 2427 3670 2490 sustine,

2092 2520 2306 2574 cunctis
2331 2517 2485 2574 cede.
2536 2517 2659 2572 Haec
2686 2518 2989 2573 observans
3030 2518 3323 2572 insinuabo
3353 2533 3442 2573 me
3468 2519 3582 2573 cito
3613 2520 3671 2572 in

2093 2611 2320 2681 gratiam
2359 2609 2644 2681 principis.
2689 2611 2803 2681 Age
2844 2626 3017 2674 sane,
3069 2613 3376 2666 Coronatus
3425 2614 3669 2681 reponit,

2094 2705 2235 2775 finge
2267 2721 2413 2759 nunc
2439 2706 2677 2775 primum
2707 2715 2761 2759 te
2788 2706 3002 2761 admitti
3044 2705 3115 2760 ad
3145 2722 3502 2777 congressum
3532 2724 3676 2778 quo-

2097 2796 2365 2851 tidianum
2386 2797 2595 2851 domini
2628 2797 2828 2861 leonis,
2876 2798 3154 2867 quomodo
3185 2812 3236 2853 te
3262 2816 3427 2869 geres
3459 2811 3517 2853 ut
3548 2802 3674 2871 ejus

2097 2890 2194 2946 tibi
2221 2890 2485 2945 concilies
2516 2890 2803 2945 antorem?
2834 2890 3043 2956 Dicam,
3078 2891 3264 2961 inquit
3296 2891 3613 2965 Vestigator
3655 2913 3669 2948 :

2098 2983 2370 3053 principio
2401 2998 2722 3053 pernoscam
2749 2983 2988 3037 indolem
3020 2986 3142 3055 ejus
3167 3002 3231 3039 ac
3255 2995 3532 3049 naturam,
3558 3002 3673 3055 quo

2098 3077 2344 3140 inclinet,
2377 3076 2523 3132 unde
2552 3076 2847 3132 abhorreat
2880 3093 2896 3143 ;
2933 3086 3050 3131 tum
3072 3079 3516 3135 animadrenens
3546 3096 3673 3149 pro-

2097 3169 2339 3240 pendere
2366 3169 2543 3239 ipsum
2574 3169 2640 3223 ad
2669 3169 3095 3238 aggrediendum
3124 3169 3331 3240 aliquid
3367 3171 3503 3226 utile
3523 3213 3540 3236 ,
3567 3172 3668 3227 ad-

2097 3261 2219 3316 dam
2262 3261 2516 3317 stimulos
2559 3261 2826 3324 currenti,
2861 3274 3190 3331 magnopere
3217 3269 3410 3316 auctor
3457 3261 3582 3317 fiam
3617 3264 3669 3317 id

2096 3356 2288 3427 agendi
2344 3355 2490 3426 quod
2537 3356 2673 3419 vult,
2720 3370 3052 3411 enumerans
3092 3356 3171 3410 rei
3209 3356 3516 3421 commoda,
3552 3372 3673 3425 qua:

2097 3450 2191 3503 ubi
2224 3448 2333 3503 voti
2374 3463 2599 3517 compos
2626 3448 2957 3519 perceperit.
3009 3464 3094 3503 me
3130 3450 3399 3511 laudabit,
3436 3451 3513 3504 uti
3542 3463 3672 3519 pro-

2097 3538 2285 3593 vidum
2308 3580 2321 3603 ,
2362 3538 2606 3607 mihique
2647 3546 2928 3594 assuescet
2958 3537 3169 3601 ﬁdere;
3204 3540 3426 3607 quando
3485 3550 3671 3594 autem

2097 3643 2407 3698 cognovero
2440 3629 2618 3696 ipsum
2645 3628 2851 3699 aliquid
2877 3630 3028 3684 exitu
3065 3631 3290 3685 noxium
3314 3639 3549 3695 tentare,
3571 3631 3668 3685 de«

2099 3719 2381 3782 hortabor,
2440 3719 2744 3788 periculum
2773 3719 3132 3784 denuntians,
3178 3720 3275 3775 sed
3306 3720 3502 3775 blande
3533 3721 3668 3775 illud

2098 3810 2400 3879 dextreque
2445 3810 2665 3870 faciam,
2696 3820 2757 3864 ut
2781 3812 3143 3865 offensionem
3183 3812 3374 3866 vitem.
3432 3812 3526 3869 Sic
3584 3828 3672 3867 as—

2097 3911 2388 3960 secuturus
2409 3904 2614 3965 videor,
2631 3912 2689 3956 ut
2713 3919 2797 3957 me
2818 3903 2906 3957 leo
2938 3911 3104 3964 amet,
3137 3902 3367 3972 aliisque
3394 3904 3667 3973 praferat.

2097 3993 2567 4061 Quemadmodum
2603 3994 2749 4049 enim
2782 3996 2988 4064 passim
3024 3993 3283 4050 homines
3333 3996 3550 4066 pictura
3574 3998 3670 4051 de-

2098 4088 2393 4151 lectantur,
2429 4097 2682 4142 naturam
2712 4097 2832 4140 arte
2850 4087 3236 4151 adumbrante,
3265 4103 3474 4158 resque
3502 4091 3579 4143 uti
3612 4104 3670 4143 se

2101 4180 2307 4234 habent
2359 4178 2662 4234 exhibente
2701 4179 2900 4241 oculis.
2933 4178 3007 4233 ita
3042 4180 3325 4249 principes
3356 4190 3491 4249 puto
3538 4197 3671 4251 gnua

2099 4270 2231 4326 dere
2291 4271 2581 4339 colloquiis
2625 4286 2842 4328 eorum.
2872 4271 2965 4340 qui
2999 4279 3276 4325 momenta
3323 4272 3669 4341 negotiorum

2100 4358 2481 4432 ancipitesque
2522 4369 2831 4430 ereptorum
2876 4361 3059 4416 exitus
3082 4402 3097 4426 ,
3133 4363 3269 4433 ipsis
3303 4362 3495 4432 qualia
3542 4376 3674 4418 sunt

2100 4469 2355 4510 sermone
2404 4463 2824 4524 repraesentare,
2862 4470 2927 4509 ac
2986 4456 3143 4525 quasi
3189 4455 3448 4526 figurare,
3482 4457 3672 4526 provi-

427 4557 623 4617 traque
661 4549 1007 4617 superficiem
1037 4551 1369 4621 conjectura:
1420 4551 1588 4606 ductu
1619 4553 1685 4607 ad
1735 4552 1997 4622 introspi-
2030 4562 2072 4616 ο
2100 4546 2278 4601 dendo
2307 4545 2805 4615 premonendoque
2833 4555 2984 4614 grate
3015 4555 3243 4601 norunt.

424 4640 686 4694 ciendum
717 4638 837 4693 niti.
863 4640 951 4694 ‘Ad
1000 4655 1065 4695 ea
1110 4641 1438 4707 Coronatus,
1470 4643 1552 4697 Tu
1589 4658 1741 4703 vero,
1798 4645 1997 4713 inquit,

425 4747 536 4802 quo
569 4732 921 4787 fundamento
954 4748 1142 4802 speras
1176 4734 1505 4804 adepturum
1536 4749 1587 4789 te
1620 4736 1850 4806 gratiam
1878 4737 1999 4791 leo-

426 4822 535 4884 nis,
570 4823 706 4877 nihil
741 4823 792 4877 ei
826 4839 1066 4893 unquam
1103 4825 1384 4893 praecipuo
1418 4826 1604 4880 studio
1632 4827 1992 4897 gratificatus,

427 4931 604 4985 neque
635 4924 809 4969 artem
841 4917 1047 4971 callens
1080 4918 1225 4972 illam
1274 4920 1639 4988 multiplicem
1672 4936 1735 4975 ac
1766 4922 1997 4990 spissam

426 5004 724 5060 definiendi
756 5020 1009 5061 sermone
1042 5021 1234 5075 regum
1263 5008 1479 5063 animos
1504 5048 1519 5072 ,
1548 5024 1904 5078 amoremque
1932 5009 2001 5062 il-

427 5098 605 5152 lorum
642 5097 772 5153 inte
796 5099 1051 5153 vertendi
1089 5117 1104 5153 :
1136 5100 1337 5170 quippe
1366 5100 1461 5170 qui
1519 5115 1622 5155 nec
1657 5101 1725 5154 iis
1758 5116 1788 5155 a
1823 5116 1998 5170 puero

427 5189 504 5243 sis
532 5189 777 5244 imbutus
807 5190 1122 5259 disciplinis
1156 5207 1295 5261 quas
1323 5206 1447 5245 cum
1481 5191 1762 5261 principes
1782 5185 1997 5246 liberali

426 5280 753 5336 educatione
805 5283 1200 5350 perceperint,
1263 5284 1316 5335 in
1355 5284 1420 5336 iis
1464 5284 1631 5336 etiam
1708 5283 2001 5351 requirunt

426 5383 662 5438 quorum
682 5370 931 5424 familiari
954 5372 1355 5427 consuetudine
1388 5387 1445 5427 se
1468 5373 1664 5426 ambiri
1697 5372 1998 5440 patiantur.

429 5460 583 5516 Mitte
613 5462 715 5516 ista
756 5476 1027 5531 quaerere.
1062 5463 1368 5532 Vestigator
1407 5466 1501 5525 ait,
1534 5464 1711 5518 dextri
1743 5466 1889 5518 enim
1945 5473 2001 5518 et

429 5556 713 5623 praesentis
761 5554 966 5623 ingenii
1029 5556 1113 5609 vir
1159 5556 1317 5609 facile
1371 5554 1424 5609 in
1474 5557 1676 5610 talibus
1724 5556 1998 5611 defectum

366 5688 375 5703 ,
430 5640 774 5695 educationis
800 5642 1040 5712 supplet,
1074 5644 1251 5712 perite
1283 5645 1609 5700 disserendo
1643 5647 1880 5700 naturali
1907 5648 2001 5717 ju-

428 5729 572 5782 dicio
612 5729 679 5783 de
700 5730 788 5786 his
813 5745 934 5801 quae
962 5747 1073 5785 non
1105 5732 1300 5787 didicit
1331 5737 1383 5788 in
1412 5735 1617 5790 scholis
1650 5752 1665 5790 :
1697 5736 1793 5805 qui
1816 5748 1997 5792 autem

433 5819 556 5875 talis
584 5835 689 5874 non
732 5828 817 5874 est
839 5861 854 5881 ,
882 5822 928 5877 is
960 5822 1124 5878 etiam
1157 5833 1483 5886 argumenta
1525 5832 1765 5879 tractans
1793 5826 1999 5884 suica-

2178 4634 2287 4690 Vll.
2324 4635 2464 4690 Tum
2492 4635 2820 4696 Coronatus,
2850 4637 3309 4706 Quandoquidem
3336 4639 3499 4694 istius
3519 4679 3534 4702 ,
3573 4641 3672 4702 ait,

2101 4728 2321 4785 consilii
2353 4738 2542 4783 certus
2570 4743 2651 4787 es.
2680 4745 2848 4783 unum
2876 4740 2928 4783 te
2964 4729 3275 4784 admonebo
3304 4749 3318 4784 :
3353 4747 3550 4803 magna
3574 4732 3670 4785 tibi

2101 4835 2243 4890 opus
2272 4819 2457 4889 vigilia
2485 4821 2764 4874 cautionis
2795 4859 2810 4882 ,
2846 4821 3040 4889 utique
3073 4822 3354 4877 inchoanti
3393 4824 3670 4893 negotium

2100 4913 2427 4986 ambiguqu
2474 4912 2771 4980 multaeque
2821 4913 3121 4968 obnoxium
3181 4916 3421 4971 invidiae.
3476 4917 3671 4972 Audiri

2101 5006 2370 5073 scriptum
2401 5019 2524 5058 esse
2561 5007 2617 5059 in
2658 5004 2817 5058 libris
2845 5006 3157 5074 sapientum
3182 5007 3346 5061 effata
3377 5008 3671 5062 referenti-

2101 5096 2227 5158 bus.
2259 5096 2362 5150 tria
2390 5096 2640 5165 quaedam
2666 5111 2793 5151 esse
2822 5112 2945 5166 qua:
2971 5113 3135 5152 nemo
3164 5100 3408 5167 prudens
3439 5099 3671 5154 libenter

2104 5187 2475 5258 aggrediatur,
2507 5202 2669 5242 nemo
2702 5201 2993 5258 aggressus
3030 5188 3254 5245 innoxie
3286 5190 3489 5245 obierit
3515 5209 3531 5244 :
3557 5202 3668 5245 tra-

2103 5289 2255 5334 ctare
2288 5279 2482 5334 intime
2532 5294 2655 5333 cum
2689 5280 2966 5350 principe,
3016 5280 3209 5335 bibere
3257 5296 3666 5348 veneuum,ar-

2102 5386 2300 5425 canum
2331 5370 2557 5427 credere
2594 5373 2835 5428 mulieri.
2867 5372 3077 5429 Similis
3121 5375 3269 5429 enim
3310 5377 3565 5446 princeps
3588 5387 3668 5432 e~t

2105 5463 2303 5517 vertici
2335 5477 2555 5517 ammno
2584 5463 2661 5518 illi
2710 5466 2934 5534 quidem
2983 5467 3253 5537 uberique
3291 5470 3494 5524 montis
3535 5485 3668 5539 prae-

2104 5555 2289 5631 rupti,
2348 5558 2694 5627 protectique
2748 5558 2994 5630 undique
3028 5560 3191 5616 inviis
3225 5561 3477 5631 rupibus.
3516 5564 3667 5634 cujus

2102 5662 2242 5716 apex
2265 5662 2559 5716 supremus
2585 5650 2741 5705 laetus
2765 5651 3129 5722 graminibus,
3151 5652 3447 5709 abundans
3469 5657 3666 5724 pomis.

2104 5736 2199 5792 sed
2229 5747 2286 5792 et
2324 5737 2456 5793 feris
2485 5741 2667 5797 omnis
2708 5742 2932 5812 generis
2972 5742 3145 5797 lustra
3172 5740 3285 5798 illic
3315 5745 3667 5808 habentibus,

2103 5828 2362 5890 infestus.
2381 5830 2566 5886 aditus
2593 5832 2763 5890 habet
2780 5849 2887 5895 per
2908 5834 3211 5897 praecipitia
3234 5836 3505 5903 difficiles,
3526 5852 3666 5892 com-
