4016 6556
347 383 482 449 1253

1225 377 1602 439 SPECiMEN
1648 377 2074 437 SAPiEN'l‘le
2109 379 2458 439 INDORUM
2507 380 2667 437 VE'i‘.

3445 381 3581 446 1.1M

349 498 713 556 morationcm
767 494 1312 564 periculosissiuzam.
1383 496 1519 549 Vera
1568 512 1779 558 mones,
1837 497 2173 564 aitAerror
2233 495 2617 564 imperantium
2663 493 2878 564 publice
2939 493 3303 564 perniciosus,
3357 497 3570 567 dispen-

339 591 682 658 Vestigator,
715 586 920 656 scdqui
961 602 1069 640 non
1130 588 1468 656 periclitatur
1510 601 1674 657 atque
1724 590 1907 654 audet,

339 691 595 734 votorum
625 693 848 746 compos
895 693 1173 746 nunquam
1205 677 1281 732 fit.
1323 679 1790 747 Magnanimmum
1827 690 1910 734 est

339 773 639 827 discrimen
671 788 767 840 pro
805 786 898 839 spe
925 770 1141 839 pacisci
1171 788 1185 834 ;
1237 771 1771 840 circumspectantes
1816 788 1914 826 au-

341 876 451 918 tem
505 865 710 927 omnia,
762 878 864 916 nec
903 863 1222 916 certaminis
1274 864 1439 917 ullius
1499 865 1683 932 jacere
1731 865 1905 917 aleam

339 957 631 1019 audentes,
671 964 821 1007 certa
853 964 1035 1006 manet
1065 965 1280 1008 aeternae
1331 957 1564 1008 miseriae
1610 959 1906 1025 possessio.

341 1048 408 1101 Et
439 1048 542 1100 hoc
574 1048 721 1099 enim
768 1062 868 1116 ego
893 1063 921 1100 e
957 1046 1176 1100 dictatis
1224 1048 1532 1115 sapientum
1567 1049 1773 1112 audivi,
1809 1053 1909 1103 tria

341 1154 460 1192 esse
502 1149 625 1208 quae
665 1155 826 1192 nemo
880 1140 1246 1208 pusillanimis
1289 1141 1638 1209 aggreditur:
1674 1157 1911 1195 conver-

340 1231 450 1284 sari
478 1247 602 1284 cum
637 1232 1000 1300 principibus,
1032 1249 1168 1287 nave
1207 1234 1378 1286 maria
1415 1234 1687 1305 trajicere,
1732 1249 1908 1303 pugna

341 1324 596 1376 cominus
625 1325 894 1378 lacessere
921 1335 1186 1377 armatum
1227 1325 1534 1381 inimicum.
1572 1328 1714 1380 Duas
1751 1327 1910 1380 video

339 1413 606 1467 stationes
628 1415 743 1466 viro
777 1415 1122 1484 magnanimo
1152 1415 1482 1483 propositas,
1506 1416 1595 1469 aul
1617 1433 1660 1470 ιε
1683 1432 1913 1486 regnan-

342 1504 504 1566 tium,
551 1515 645 1558 aut
682 1505 1014 1559 solitudines
1062 1518 1368 1559 ascetarum
1406 1524 1418 1558 :
1457 1506 1601 1560 sicut
1651 1508 1912 1576 elephan-

344 1605 424 1648 tes
478 1597 676 1664 partim
736 1596 788 1649 in
841 1596 996 1650 silvis
1057 1596 1282 1666 degunt,
1354 1587 1548 1666 partim
1588 1598 1644 1652 in
1696 1600 1912 1669 palatiis

280 1740 289 1753 ,
341 1688 584 1740 aluntur.
625 1688 768 1746 llaec,
823 1704 943 1756 qua:
975 1688 1142 1740 multa
1189 1703 1616 1752 commemoras,
1668 1689 1744 1742 ait
1793 1705 1912 1744 scr-

337 1795 554 1832 munem
589 1779 921 1848 abrumpcns
946 1781 1271 1844 (forouatats,
1310 1797 1394 1833 me
1427 1782 1648 1850 quidem
1698 1782 1764 1835 de
1790 1797 1911 1836 Sen-

2013 589 2171 643 saudi
2223 599 2558 658 praepostere
2617 592 2858 658 prarrnia,
2917 589 3204 661 ofﬁciaque
3261 593 3578 657 mandandi,

2013 682 2372 750 perversione
2421 682 2592 735 multo
2625 680 2855 735 ridicula
2915 684 3086 752 magis
3115 698 3178 736 ac
3211 683 3373 738 noxia
3409 699 3575 754 quam

2012 774 2057 826 si
2121 774 2285 827 tiaras
2353 773 2634 843 pedibus,
2702 766 3250 844 calceos-capitibus
3301 787 3578 844 aptareut.

2015 862 2191 916 Probe
2226 863 2374 915 enim
2409 873 2695 932 perspecto
2728 865 2994 933 cujusque
3031 875 3190 933 captu
3225 866 3379 920 facile
3409 867 3578 923 fuerit

2012 965 2328 1008 Ornatnenta
2356 955 2578 1008 dotibus
2603 971 2725 1008 cum
2760 957 3111 1024 proportione
3137 960 3573 1021 accommodare,

2014 1047 2186 1101 vitata
2219 1048 2452 1101 stultitia
2484 1046 2828 1101 inscitissimi
2856 1049 3162 1116 gcmmarii,
3197 1065 3357 1116 quem
3392 1050 3580 1103 ferunt

2012 1139 2369 1204 hyacinthum
2396 1141 2550 1206 longe
2577 1139 3047 1206 speciosissimum
3075 1149 3126 1193 et
3161 1142 3322 1209 pretii
3353 1143 3578 1197 maximi

2012 1229 2148 1298 palac
2182 1229 2366 1282 annuli
2406 1230 2648 1298 plumbei
2713 1229 2994 1284 vilissimae
3047 1230 3330 1296 indidisse,
3404 1249 3581 1302 eoque

2010 1319 2158 1373 facto
2214 1319 2546 1371 contumelia
2600 1320 2820 1388 quidem
2898 1318 3277 1387 indignissima
3347 1320 3580 1374 violasse

2013 1411 2408 1465 nobilissimam
2438 1425 2728 1480 gemmam,
2767 1411 2888 1479 plus
2923 1419 3103 1464 tamen
3141 1413 3244 1479 ipsi
3276 1410 3377 1466 sibi
3412 1412 3581 1467 dedc-

2013 1500 2157 1554 coris
2192 1501 2545 1554 conscivisse.
2580 1501 2740 1554 Tanti
2775 1501 2944 1554 refert
2980 1509 3137 1553 notos
3170 1503 3390 1569 penitus
3423 1504 3580 1570 prin-

2012 1593 2121 1662 cipi
2175 1593 2458 1655 subditos,
2519 1592 2843 1660 imperaturi
2906 1593 3111 1646 milites
3171 1608 3292 1646 esse
3327 1611 3337 1644 :
3375 1593 3578 1662 quippe

2012 1698 2300 1738 successus
2325 1684 2667 1756 negotiorum
2696 1693 2751 1738 et
2783 1684 3047 1736 bellorum
3095 1685 3414 1752 plcruinzjue
3446 1701 3580 1753 pen-

2013 1775 2144 1828 dent
2177 1790 2206 1828 e
2239 1785 2390 1829 certo
2418 1785 2468 1828 ct
2503 1774 2758 1842 prudenti
2797 1775 3012 1828 delectu
3049 1775 3372 1828 idoneorum
3420 1777 3581 1830 adhi-

342 1871 509 1922 tcnliu
549 1888 658 1925 non
688 1872 966 1926 dimovent
998 1887 1012 1937 ;
1050 1880 1102 1924 ιιι
1136 1871 1245 1938 abi,
1277 1883 1332 1926 et
1363 1872 1444 1927 fac
1471 1882 1528 1925 ut
1561 1873 1640 1928 vis
1679 1884 1772 1927 tuo
1808 1889 1906 1944 pe.
1944 1854 1981 1907 3
2013 1868 2249 1921 biturum
2285 1870 2348 1920 at
2380 1883 2473 1920 eas
2523 1883 2611 1922 res
2669 1868 2958 1937 gerendas,
2991 1884 3110 1935 quae
3139 1867 3182 1920 si
3211 1869 3388 1921 cuivis
3434 1869 3575 1923 forte

339 1964 535 2017 ricuio.

413 2055 547 2108 Vlll.
620 2056 908 2124 Digressus
969 2058 1068 2113 sub
1123 2057 1239 2112 haec
1293 2059 1636 2130 Vestigator,
1693 2061 1905 2114 leonem

336 2146 548 2220 adiens,
578 2149 1004 2212 profundissime
1039 2149 1273 2216 primum
1311 2151 1578 2206 adoravit.
1649 2150 1746 2206 Cui
1780 2152 1905 2205 leo:

339 2235 487 2291 Heus
524 2247 609 2299 tu,
664 2239 861 2306 inquit,
896 2239 990 2292 ubi
1048 2240 1255 2295 latuisti
1314 2241 1549 2294 tandiu?
1605 2240 1909 2309 Respondit

335 2327 645 2396 Vestigator
682 2347 694 2382 :
735 2329 966 2382 Assidue
1015 2330 1198 2384 adstiti
1229 2331 1294 2383 ad
1335 2331 1511 2400 regias
1561 2341 1684 2386 tuas
1739 2333 1906 2398 fores,

338 2415 586 2470 intentus
617 2417 670 2470 in
693 2419 1037 2474 occasionem
1068 2421 1327 2474 navandae
1353 2439 1533 2490 operae
1557 2422 1610 2475 iu
1651 2425 1906 2492 quopiam

334 2508 602 2576 obsequio
664 2509 965 2577 majestatis
995 2520 1119 2564 tuas.
1191 2512 1317 2565 Scio
1353 2515 1497 2566 enim
1530 2530 1626 2569 vos
1685 2531 1909 2586 magnos

335 2613 496 2668 reges
534 2600 810 2654 interdum
855 2601 1180 2671 quibusdam
1240 2621 1400 2674 egere
1453 2606 1772 2662 ministeriis
1824 2609 1908 2661 vi-

334 2694 472 2745 lium
507 2701 888 2760 personarum,
927 2711 1025 2748 nec
1051 2711 1174 2747 raro
1219 2696 1482 2764 quosdam
1519 2711 1549 2751 e
1594 2697 1723 2752 faece
1760 2700 1906 2770 vulgi

336 2785 628 2838 utilissime
661 2787 942 2855 cooperari
973 2787 1208 2856 negotiis
1245 2788 1495 2841 maximis
1529 2805 1542 2852 ;
1589 2805 1766 2858 eoque
1800 2805 1907 2844 non

336 2880 618 2946 aspernari
683 2895 928 2933 summos
969 2880 1324 2948 imperatores
1363 2881 1652 2935 humilium
1689 2898 1907 2952 quoque

335 2969 725 3024 clientulorum
752 2982 1002 3040 prompta
1036 2973 1088 3025 in
1115 2973 1399 3026 servitium
1433 2973 1674 3042 ipsorum
1706 2976 1907 3040 studia,

333 3064 479 3117 sicut
537 3064 624 3117 cui
662 3065 842 3132 prurit
875 3065 1140 3125 auricula,
1204 3067 1457 3134 stipulam
1514 3081 1907 3135 nonnunquam

336 3153 507 3204 humo
531 3153 750 3218 tollens,
801 3170 861 3206 ea
893 3155 968 3207 ttti
995 3171 1100 3206 non
1139 3154 1465 3222 dedignatur
1511 3156 1564 3208 in
1600 3171 1731 3210 aure
1770 3159 1909 3211 scal-
1937 3192 1980 3253 Ο

336 3244 515 3311 pcuda
549 3246 961 3314 purgaudaque.
999 3246 1189 3313 Papae!
1223 3247 1493 3300 exclamat
1536 3247 1651 3303 haec
1683 3249 1910 3304 audiens

333 3335 400 3390 ad
453 3334 756 3391 familiares
802 3336 925 3406 leo,
967 3353 1130 3406 quam
1190 3338 1421 3406 probum
1473 3340 1909 3410 prudentemque

332 3430 514 3485 yirum
546 3429 809 3483 hactenus
833 3429 1219 3499 ignoravimus!
1248 3430 1425 3484 Credo
1446 3432 1722 3499 equidem,
1751 3434 1906 3488 multi

333 3523 469 3577 tales
488 3524 537 3574 in
558 3522 774 3575 occulto
795 3523 1154 3591 marcentqui
1174 3526 1380 3591 optimo
1398 3525 1615 3592 publico
1643 3525 1907 3579 infamant

329 3622 698 3673 extrahantur
737 3633 750 3669 :
789 3617 1070 3676 nimirum,
1127 3625 1186 3668 ut
1233 3618 1424 3686 prunis
1459 3618 1643 3672 cinere
1695 3619 1908 3672 obrutis

330 3719 549 3772 ventus,
581 3719 674 3762 aut
717 3724 875 3762 casus
905 3709 1102 3777 aliquis
1127 3725 1263 3776 opus
1286 3719 1387 3770 est,
1416 3714 1531 3777 'per
1565 3727 1748 3779 quem,
1806 3710 1908 3762 dif-

329 3800 456 3853 flata
518 3809 622 3853 Sub
658 3813 762 3868 qua
799 3798 1055 3867 jacebant
1130 3798 1351 3864 favilla,
1401 3798 1578 3853 lucem
1632 3801 1906 3867 explicent

327 3908 510 3952 suam,
544 3907 786 3960 aereque
841 3892 1161 3960 potiantur:
1207 3890 1280 3942 ita
1340 3891 1485 3944 hunc
1521 3892 1766 3961 qua-dam
1805 3893 1905 3946 de-

328 4001 478 4037 mum
521 3985 736 4038 fortuna
769 3998 1098 4052 congressus
1133 3985 1298 4036 nostri
1325 3983 1376 4036 in
1411 3983 1656 4036 notitiam
1708 3994 1901 4052 protu-

326 4079 411 4140 lit,
451 4077 730 4145 indignum
762 4076 1005 4144 profecto
1038 4075 1129 4143 qui
1157 4075 1369 4128 lateret.
1412 4075 1490 4128 Ex
1523 4074 1608 4128 his
1635 4083 1694 4126 ut
1725 4075 1900 4128 sensit

329 4168 637 4236 Vestigator
678 4167 821 4220 haud
869 4183 926 4221 se
966 4166 1255 4235 diSplicere
1295 4166 1550 4235 principi,
1609 4175 1758 4220 tanto
1808 4181 1903 4219 au-

328 4262 552 4315 dentius
628 4259 976 4314 subintulit:
1037 4258 1239 4312 Vellent
1315 4256 1592 4325 equidem,
1660 4258 1901 4322 domine,

328 4353 474 4422 quod
516 4367 547 4404 e
585 4367 641 4404 re
677 4360 764 4402 tua
790 4360 844 4403 ct
874 4349 1089 4417 publica
1129 4348 1374 4401 futurmn
1407 4349 1668 4409 arbitror,
1693 4349 1902 4403 aulicos

332 4457 456 4498 tuos
496 4457 688 4496 omnes
717 4446 960 4511 proferre
991 4441 1131 4510 apud
1175 4450 1225 4495 te
1260 4439 1493 4494 candide
1533 4455 1728 4494 sensus
1765 4441 1897 4495 iuti-

2011 1962 2320 2014 occurreuti
2358 1969 2411 2014 et
2452 1961 2639 2028 ignoto
2678 1969 2884 2014 temere
2917 1962 3396 2022 commendentur,
3444 1977 3573 2015 cor—

2013 2055 2190 2123 rumpi
2227 2053 2481 2122 feedoque
2512 2054 2657 2106 exitu
2694 2053 2943 2106 damnari
2969 2070 3201 2108 necesse
3237 2057 3326 2108 s‘t.
3353 2055 3584 2110 Univer—

2011 2142 2111 2195 sim
2175 2150 2354 2195 autent
2408 2142 2726 2211 promiscua
2779 2153 2834 2196 et
2878 2142 3223 2211 inexplorata
3286 2145 3582 2200 multitudo

2010 2232 2290 2302 praeclaris
2340 2233 2526 2300 inepta
2560 2231 2900 2287 facinoribus
2927 2243 3031 2286 est.
3091 2234 3287 2288 Palmm
3343 2236 3584 2291 illustres

2011 2340 2352 2393 operumque
2384 2325 2778 2378 immortalium
2806 2342 3056 2381 mansura
3084 2328 3138 2381 in
3168 2344 3343 2382 aevum
3379 2329 3580 2384 decora

2011 2433 2312 2486 paucorum
2343 2416 2458 2472 fere
2512 2434 2576 2473 ac
2620 2420 2816 2486 praevia
2848 2420 3040 2473 notitia
3093 2421 3144 2474 in
3201 2423 3577 2491 experimenta

2013 2510 2406 2578 producturum
2459 2511 2652 2564 virtuti
2709 2523 2872 2581 atque
2925 2513 3209 2568 industriae
3285 2515 3579 2570 debentur.

2013 2600 2102 2655 Sic
2157 2618 2386 2671 gemmae
2421 2602 2660 2672 parvulm
2721 2613 2904 2658 vastas
2958 2617 3214 2658 saxorum
3248 2617 3341 2660 aut
3389 2609 3586 2662 similis

2013 2693 2256 2761 cujusvis
2297 2696 2540 2749 materiae
2604 2697 2777 2749 moles
2824 2712 2924 2749 usu
2981 2713 3045 2751 ac
3086 2699 3265 2764 pretio
3298 2699 3457 2768 longe
3489 2717 3587 2754 su-

2013 2794 2226 2854 perant.
2272 2785 2403 2852 Quae
2437 2797 2780 2856 reputantem
2808 2787 2968 2842 decet
3003 2789 3328 2859 principem,
3377 2792 3587 2847 nullius

2013 2878 2112 2931 sibi
2141 2881 2511 2948 subjectorum
2541 2883 2886 2948 quautatnvis
2910 2882 3277 2936 humilitatem
3305 2887 3585 2956 sortisque

2015 2971 2335 3023 tenuitatem
2383 2973 2450 3024 ita
2484 2971 2791 3040 despicere,
2843 2982 2904 3026 ut
2944 2989 3275 3043 cognoscere
3325 2979 3455 3045 quid
3493 2980 3580 3031 iu-

2015 3073 2101 3115 tus
2136 3063 2333 3116 habeat
2359 3079 2466 3117 non
2521 3074 2698 3118 curet.
2737 3065 2902 3118 l‘arva
2933 3067 3078 3118 enim
3113 3081 3238 3120 cum
3290 3068 3354 3121 ad
3395 3087 3582 3139 magna

2014 3151 2325 3215 conferunt,
2363 3170 2548 3222 parva,
2589 3163 2647 3208 ut
2670 3155 2828 3222 vulgo
2876 3156 3098 3221 dicitur,
3133 3173 3250 3210 esse
3283 3159 3580 3216 desinunt:

2016 3242 2158 3295 unde
2195 3259 2292 3310 par
2314 3253 2397 3296 est
2431 3245 2744 3313 reipublicae
2762 3245 3117 3314 praepositum
3149 3263 3367 3302 noneos
3400 3250 3576 3305 solum

2015 3347 2110 3384 sua
2147 3333 2515 3388 familiaritate
2568 3335 2804 3404 dignari,
2851 3338 2944 3405 qui
3000 3353 3200 3404 genere
3243 3349 3338 3395 aut
3383 3344 3583 3411 opibus

2013 3423 2354 3493 praefulgent,
2407 3425 2499 3478 sed
2529 3433 2584 3478 et
2633 3441 2729 3478 eos
2779 3427 3071 3479 admittere
3113 3442 3252 3496 quos
3299 3428 3467 3482 animi
3519 3445 3584 3484 ac

2011 3526 2221 3570 natura:
2255 3517 2410 3570 dotes
2461 3519 2824 3572 instrumenta
2869 3520 3212 3587 publicorum
3263 3523 3581 3576 cotmnodo-

2011 3623 2132 3659 rnm
2199 3617 2321 3676 apta
2356 3608 2597 3662 eilia-inut
2627 3626 2640 3672 ;
2670 3627 2730 3662 ac
2766 3627 2944 3679 neque
2995 3612 3286 3666 attendere
3345 3614 3412 3667 ad
3479 3631 3577 3668 eos

2012 3709 2223 3752 tantum
2253 3716 2390 3768 quos
2407 3702 2549 3755 circa
2571 3717 2628 3755 se
2660 3702 2849 3763 habet,
2886 3719 3076 3756 verum
3107 3705 3390 3773 explorare
3418 3706 3576 3767 longe

2010 3802 2279 3860 notosque
2310 3809 2372 3846 ac
2404 3805 2720 3848 numeratos
2751 3793 2958 3848 habere
2993 3795 3222 3848 solertcs
3253 3812 3315 3850 ac
3350 3814 3574 3866 guavos,

2011 3885 2326 3952 ubicunque
2369 3885 2590 3937 demum
2640 3887 2856 3948 vivant,
2905 3886 3308 3955 eosdemqucin
3337 3899 3578 3958 tempore

2007 3991 2308 4030 accersere.
2361 3977 2512 4031 Sicut
2565 3977 2731 4038 enim,
2788 3979 2915 4031 licet
2964 3979 3123 4033 nobis
3181 3981 3404 4049 pr0pius
3440 3983 3574 4034 nihil

2007 4067 2308 4137 intimeque
2333 4067 2604 4122 admotius
2626 4084 2788 4136 quam
2808 4085 3008 4138 corpus
3035 4078 3089 4123 et
3122 4072 3362 4124 membra
3389 4083 3572 4127 nostra

2006 4160 2097 4225 sit,
2139 4171 2317 4216 tamen
2349 4177 2472 4214 cum
2504 4161 2616 4214 haec
2640 4163 2847 4216 turbari
2877 4164 3068 4217 morbo
3111 4165 3420 4232 contigerit,
3451 4183 3569 4219 me-

2005 4253 2309 4307 dicamenta
2347 4270 2376 4306 e
2409 4255 2706 4324 longinquo
2731 4257 3083 4321 requirimus,
3116 4275 3214 4326 pa-r
3253 4275 3375 4327 quae
3407 4277 3567 4313 suum

2005 4346 2072 4401 iis
2099 4355 2590 4415 temperamentum
2622 4359 2679 4403 et
2728 4349 2879 4419 prior
2923 4351 3187 4404 habitudo
3221 4362 3518 4420 reponatur
3552 4373 3564 4416 ;

2005 4439 2084 4494 sic
2110 4440 2293 4509 pigere
2317 4441 2685 4493 dominantem
2711 4457 2816 4494 non
2846 4442 3029 4503 debet,
3053 4459 3276 4512 peregre
3295 4445 3571 4500 interdum

330 4553 448 4591 mos
483 4551 707 4590 suorum
741 4534 1069 4597 animorum,
1097 4541 1151 4586 et
1179 4532 1481 4600 praesertim
1510 4533 1563 4585 in
1592 4534 1898 4587 occasioni—
1935 4531 1977 4582 D
2007 4547 2253 4600 quaerere
2283 4533 2376 4600 qui
2413 4533 2730 4601 reipublicae
2763 4535 3054 4589 consulant
3092 4535 3238 4605 quod
3277 4551 3418 4606 saepe
3475 4538 3566 4591 do-

326 4631 431 4684 bus
464 4644 647 4682 rerum
680 4627 1066 4697 gerendarum,
1099 4625 1231 4695 quid
1264 4625 1560 4678 convenire
1585 4665 1599 4686 ,
1635 4625 1765 4695 quid
1807 4642 1900 4680 ex-

328 4719 518 4786 pedire
550 4717 802 4787 judicent
857 4715 1021 4768 edere
1065 4729 1236 4770 :nam
1301 4715 1430 4768 hinc
1493 4716 1584 4768 fiet
1625 4725 1684 4768 ut.
1733 4722 1786 4768 et
1832 4715 1901 4769 ab

325 4818 516 4864 exacta
552 4807 745 4878 judicii
808 4807 882 4858 tui
949 4821 1180 4859 censura
1242 4822 1580 4875 unaquaeque
1628 4807 1899 4862 sententia

326 4909 510 4952 notam
560 4913 660 4950 suo
720 4898 916 4950 merito
969 4907 1364 4964 congruentem
1414 4898 1669 4966 accipiat,
1719 4908 1774 4951 et
1829 4898 1898 4952 de

325 4987 580 5058 personis
616 4986 770 5056 ipsis,
807 4985 938 5054 quid
977 4985 1190 5038 valeant
1221 5001 1287 5039 ex
1320 4985 1471 5038 hisee
1496 4987 1898 5054 speciminibus

324 5078 564 5134 solertiae
587 5094 650 5132 ac
677 5077 1268 5147 sapietitiac;c:ijusque,
1297 5077 1489 5131 notitia
1516 5092 1638 5130 cum
1661 5077 1895 5147 principi

326 5185 442 5225 tum
485 5171 703 5225 senatui
763 5180 1010 5239 paretur,
1049 5171 1295 5238 utrisque
1352 5171 1504 5224 ntilis
1535 5171 1599 5223 ad
1633 5172 1893 5238 plurima.

322 5265 619 5317 Enimvero
651 5263 830 5330 quoad
861 5264 1069 5315 semina
1097 5261 1250 5315 varia
1302 5271 1458 5315 terrae
1493 5263 1783 5316 commissa
1845 5265 1895 5316 in

321 5358 447 5411 sinu
483 5354 596 5408 arvi
645 5355 995 5420 delitescunt,
1051 5356 1200 5408 nullo
1230 5355 1413 5408 adhuc
1465 5356 1712 5424 germine
1750 5357 1895 5410 foras

323 5448 512 5507 misso,
550 5461 653 5498 nec
681 5447 748 5497 de
777 5444 1035 5514 qualitate
1074 5445 1317 5514 ipsorum
1355 5458 1454 5498 nec
1499 5444 1565 5497 de
1590 5445 1690 5498 soli
1725 5444 1892 5499 uber-

320 5547 428 5590 tate
477 5535 751 5606 judicium
815 5537 942 5590 ferri
998 5547 1209 5589 certum
1273 5545 1456 5605 potest
1495 5552 1508 5588 :
1551 5536 1694 5590 idem
1733 5537 1893 5606 plane

322 5629 584 5682 usuvenit
625 5629 677 5681 in
713 5629 972 5697 ingeniis,
1004 5644 1123 5697 qua:
1144 5629 1324 5698 qualia
1349 5630 1461 5683 sint
1487 5630 1772 5698 ignoretur
1798 5647 1893 5684 ne-

315 5735 468 5773 cesse
514 5731 636 5785 est,
670 5721 847 5774 donec
895 5737 1126 5776 arcanos
1172 5721 1570 5792 cogitationum
1612 5721 1790 5789 foetus
1835 5724 1891 5777 in

317 5816 498 5868 lucem
566 5815 910 5870 enuntiaudo
978 5816 1570 5885 produxerimthllinc
1628 5818 1890 5872 vitabitur

2010 4621 2221 4675 ntestiei
2260 4622 2440 4674 minus
2492 4633 2746 4690 possunt.
2777 4623 2958 4678 Mures
2994 4625 3047 4678 in
3105 4627 3319 4694 palatiis
3368 4635 3422 4681 et
3450 4643 3576 4681 nas-
3623 4619 3630 4628 ’

2008 4721 2211 4766 cuntur
2261 4722 2317 4765 et
2355 4713 2546 4765 vivunt
2594 4712 2846 4782 adeoque
2884 4731 2950 4768 ex
3007 4717 3198 4768 eadem
3251 4718 3575 4787 plerumque

2009 4821 2151 4874 penu
2196 4820 2319 4858 eum
2379 4805 2718 4874 principibus
2777 4818 3075 4862 vescuntur
3114 4823 3128 4861 :
3173 4809 3448 4862 neminem
3497 4820 3580 4863 ta-

2007 4913 2129 4950 men
2152 4895 2260 4948 vidi
2279 4897 2586 4965 principum
2611 4898 2702 4965 qui
2731 4898 3158 4952 contubernales
3180 4900 3386 4952 soriccs
3406 4917 3568 4967 quam

2007 4990 2196 5056 procul
2227 4990 2280 5042 in
2330 4989 2486 5043 silvis
2531 5004 2594 5043 ae
2623 4991 2900 5044 montibus
2940 5001 2995 5044 et
3027 5000 3176 5045 ortos
3219 5001 3272 5045 et
3309 4993 3572 5047 educatos

2005 5081 2297 5148 accipitres
2347 5080 2517 5149 pluris
2565 5082 2819 5134 aestimet.
2876 5082 2989 5136 lino
3037 5083 3175 5147 istae,
3214 5083 3346 5136 licet
3382 5085 3432 5138 in
3473 5101 3571 5153 pe-

2006 5171 2309 5224 netralibus
2337 5169 2534 5238 genitae
2575 5169 2830 5238 altaeque,
2861 5172 3094 5226 sordidae
3126 5189 3189 5226 ac
3218 5173 3436 5228 furaces
3475 5175 3570 5228 bc-

2004 5264 2178 5317 stiolae
2206 5273 2542 5332 spernuntur
2571 5281 2584 5328 ;
2612 5264 2936 5332 peregrinus
2971 5266 3059 5319 ille
3088 5283 3153 5322 ex
3185 5269 3302 5322 suis
3331 5269 3471 5337 agris
3508 5285 3572 5323 ac

2004 5355 2284 5410 montibus
2311 5365 2536 5424 propter
2571 5356 2860 5410 utilitatem
2901 5359 3041 5413 falco
3091 5361 3366 5430 expetitur
3398 5378 3411 5426 ;
3447 5378 3569 5430 pcr-

2003 5449 2202 5503 ductus
2243 5449 2385 5518 regie
2437 5449 2698 5516 pascitur,
2773 5452 3154 5523 principisque
3204 5469 3346 5524 saepe
3397 5457 3570 5527 ipsius

2001 5539 2227 5594 brachio
2261 5548 2524 5609 gestator.

2072 5631 2162 5687 IX.
2201 5630 2322 5686 llat-e
2356 5632 2540 5686 locuto
2591 5634 2958 5704 Vestigatore,
3012 5637 3362 5694 vehementer
3392 5643 3570 5698 admi-

2001 5741 2127 5778 rans
2155 5725 2261 5784 leo,
2299 5739 2601 5779 conversus
2635 5725 2700 5779 ad
2729 5727 3025 5782 familiares
3055 5731 3193 5784 dixit
3229 5750 3241 5784 :
3277 5733 3568 5804 Plant-jam

2000 5830 2300 5886 persuasus
2324 5831 2467 5881 sum,
2502 5816 2704 5870 debere
2735 5819 3038 5892 prinCipem
3075 5840 3181 5878 non
3215 5841 3568 5885 contemnere
