4016 6520
446 324 583 388 1ἓ55

1846 317 2250 378 ΑΡΡΕΝΒΙΧ.

3549 321 3682 382 19ξῦ

440 444 586 496 viros
655 437 954 492 industrios
1013 445 1067 491 et
1128 435 1357 492 dotibus
1415 433 1672 506 prmditos
1703 431 2085 503 pr:l‘clariS,A
2117 434 2367 490 becillem
2427 436 2846 506 instabilemque
2907 437 3146 490 turbavit
3205 437 3468 491 animum.
3538 437 3684 503 Quid

440 531 652 587 etiamsi
685 547 749 584 ex
778 529 958 584 intima
988 540 1132 583 sorte
1159 546 1221 582 ac
1253 529 1380 582 fatce
1429 528 1574 596 vulgi
1609 534 1757 589 sint;
1793 524 1886 578 sed
1923 533 2000 575 ta-

441 624 521 678 les
552 632 603 676 et
639 622 872 691 negotiis
887 621 1148 674 adhibere
1175 632 1231 674 et
1261 619 1564 674 honoribus
1589 617 1824 676 afﬁcere,
1846 626 2007 682 prout

442 717 591 784 digni
624 724 769 777 sunt,
802 725 1079 781 utcunque
1108 712 1290 765 exteri
1321 726 1512 765 omnes
1570 710 1622 763 id
1667 711 1893 762 moleste
1926 706 2004 760 fe—

444 815 592 858 rant.
628 805 700 858 Ea
729 805 891 857 verba
929 819 1128 856 novum
1164 800 1485 872 Vestigatori
1528 810 1582 853 et
1611 799 1807 853 fortius
1842 811 2004 866 quam

445 899 627 965 priora
666 904 1052 963 argumentum
1083 894 1307 947 fuerunt
1338 893 1402 945 ad
1436 889 1848 960 intelligendum
1869 888 2008 940 bene

443 995 696 1046 ati'ectum
727 1007 851 1060 erga
891 1006 1008 1043 sese
1035 991 1248 1043 leonem
1273 1003 1414 1050 esse,
1451 1001 1513 1039 ac
1535 1001 1639 1039 non
1677 997 2010 1052 parumpro-

446 1100 675 1156 pensum
712 1084 777 1136 ad
813 1083 1106 1137 favendum
1142 1070 1280 1149 ipsi;
1312 1095 1482 1148 quare
1525 1075 1808 1146 tempusid
1825 1084 2008 1144 aptum

445 1190 596 1232 ratus
629 1191 752 1230 eum
778 1176 870 1228 illo
905 1175 1081 1227 libere
1111 1172 1328 1241 agendi,
1367 1185 1614 1224 seorsum
1663 1184 1725 1221 ac
1756 1168 1873 1221 sine
1927 1182 2013 1218 ar-

447 1270 601 1322 bitris
632 1276 961 1320 conventum
1005 1265 1090 1318 his
1124 1263 1305 1317 verbis
1333 1263 1631 1330 alloquitur
1681 1276 1695 1312 :
1739 1258 1876 1325 Quid
1906 1267 2011 1321 est,

449 1379 480 1411 o
510 1363 760 1422 domine,
791 1359 934 1427 quod
967 1358 1127 1428 longo
1151 1358 1259 1428 jam
1293 1366 1537 1425 tempore
1592 1355 1853 1408 immotus
1901 1368 2012 1406 ma-

446 1471 564 1515 nes,
599 1469 696 1505 nec
726 1469 792 1504 ex
825 1453 944 1504 loco
970 1451 1074 1502 isto
1112 1451 1163 1501 in
1198 1450 1427 1502 alterum
1469 1446 1707 1499 transis?
1747 1445 2014 1498 Decreve-

447 1556 532 1598 rat
585 1545 699 1597 haec
754 1543 986 1597 audiens
1039 1541 1124 1595 leo
1171 1539 1542 1601 dissimulare,
1611 1536 2012 1605 respondendo,

446 1637 798 1691 t‘orinidinem
829 1651 980 1688 suam
1011 1651 1024 1697 ;
1055 1634 1150 1688 sed
1175 1649 1298 1686 cum
1329 1632 1469 1686 forte
1505 1631 1795 1686 accidisset
1815 1645 1878 1682 eo
1900 1629 2016 1697 ipso

448 1737 731 1782 momento
753 1725 1078 1792 ingemiuari
1111 1720 1352 1794 mugitus
1384 1723 1549 1785 tauri,
1578 1730 1760 1790 tegere
1810 1729 2013 1772 metum

451 1835 558 1872 non
595 1819 789 1885 potuit,
820 1831 930 1886 quo
987 1826 1072 1870 est
1125 1816 1314 1868 intime
1369 1827 1669 1867 concussus
1714 1825 1887 1878 usque
1951 1811 2016 1863 ad

450 1910 711 1978 pallorem
742 1919 1145 1973 tremoremque
1176 1904 1546 1959 manifestum.
1591 1902 1792 1968 Quare,
1817 1902 2021 1955 omisso

448 2013 702 2070 tanquam
729 2000 915 2053 inutili
947 2007 1145 2052 conatu
1185 1996 1399 2051 celandi
1429 1995 1479 2048 id
1509 1994 1656 2063 quod
1710 2001 1903 2062 sponte
1963 2005 2021 2044 se

446 2097 732 2161 prodebat,
772 2093 974 2146 Vereor
1013 2090 1296 2152 nimirum,
1329 2089 1424 2151 ait,
1477 2103 1545 2141 ne
1582 2101 1782 2155 corpus
1835 2084 2024 2137 bestia:

445 2188 600 2255 cuius
632 2186 719 2240 isti
752 2184 992 2255 mugitus
1017 2192 1166 2246 sunt,
1196 2180 1559 2251 magnitudini
1592 2179 1840 2233 terriﬁca:
1859 2177 2023 2246 hujus

447 2281 598 2334 vocis
625 2277 978 2348 proportione
998 2273 1362 2343 respondeat;
1395 2272 1639 2340 adeoque
1671 2282 1775 2324 tam
1805 2279 2020 2324 vastum

446 2382 501 2426 et
526 2371 766 2425 validum
801 2369 895 2432 sit,
937 2378 995 2422 ut
1020 2367 1180 2422 nobis
1212 2365 1514 2435 imparibus
1554 2363 1620 2416 ad
1655 2363 1830 2416 ferum
1878 2361 2021 2415 istud

445 2464 646 2518 animal
673 2459 1090 2520 debellandum,
1151 2459 1453 2512 necessitas
1493 2454 1774 2509 incumbat
1819 2469 1884 2507 ex
1919 2453 2024 2507 hoc

446 2554 569 2608 loco
598 2551 864 2622 fugiendi.
903 2549 1150 2620 Subjecit
1185 2549 1493 2618 Vestigator
1529 2547 1646 2601 :Ne
1702 2553 2024 2601 consternet

450 2652 524 2705 te,
551 2644 795 2703 domine,
857 2641 958 2694 hcc
997 2640 1224 2704 tonitru,
1270 2640 1448 2692 inania
1511 2640 1656 2692 enim
1699 2637 2024 2706 plerumque

451 2736 711 2792 terricula
761 2735 1028 2805 ejusmodi
1081 2731 1564 2802 deprehenduntur
1609 2731 2024 2800 cxplorantiluus

448 2830 513 2879 ad
553 2825 840 2894 liquidum.
866 2823 1036 2890 Quam
1075 2823 1128 2878 in
1156 2839 1270 2876 rem
1302 2822 1485 2892 accipe
1519 2822 1648 2892 quid
1689 2822 1836 2890 vulpi
1885 2838 2020 2876 con-

451 2916 634 2985 tigerit
665 2931 678 2964 :
709 2915 828 2969 llzec
857 2914 1103 2968 famelica
1139 2913 1378 2982 prtedam
1416 2929 1692 2982 qumrcns,
1719 2914 1920 2981 largam
1951 2929 2016 2966 ex

449 3020 580 3062 voto
610 3009 808 3076 reperit
830 3007 884 3060 in
915 3007 1148 3076 quadam
1183 3008 1318 3060 silva
1345 3025 1358 3068 ;
1385 3007 1480 3060 sed
1520 3023 1586 3059 ne
1616 3023 1808 3060 secure
1833 3022 2017 3061 vesce-

2107 528 2214 594 cgi,
2257 529 2436 582 aiebat
2463 544 2648 584 secum
2719 530 2914 582 tacitus
2950 528 3054 592 leo,
3109 529 3250 598 quod
3313 540 3535 583 versuto
3592 530 3683 583 isti

2110 635 2258 674 nunc
2297 621 2536 690 primum
2569 630 2698 674 noto
2717 636 2802 674 me
2835 630 3005 673 totum
3038 621 3254 674 effudi?
3283 621 3446 690 Atqui
3477 622 3682 674 artium

2109 713 2418 781 imperandi
2477 728 2580 765 una
2614 728 2716 766 nec
2773 722 3047 780 postrema
3081 720 3182 776 est,
3241 727 3350 765 non
3397 711 3567 764 fidere
3623 713 3689 764 iis

2108 821 2247 876 quos
2285 806 2377 859 diu
2448 806 2681 876 superbe
2737 808 3155 875 contempseris,
3204 821 3310 858 non
3355 804 3662 858 ambitios’:s

2113 913 2221 950 non
2260 897 2495 966 cupidis,
2533 915 2640 952 non
2668 898 2934 952 fraudatis
2962 898 3218 951 mercede
3257 899 3531 961 laborum,
3578 913 3685 949 non

2111 989 2312 1058 opibus
2336 1000 2430 1043 aut
2458 991 2720 1058 dignitate
2752 989 3018 1058 spoliatis.
3074 989 3173 1042 llic
3223 987 3545 1059 Vestigator,
3607 987 3690 1040 in-

2113 1084 2280 1153 genii,
2316 1093 2374 1136 ut
2401 1093 2645 1153 apparet,
2675 1081 3023 1142 astutissimi,
3053 1081 3362 1135 diutissime
3406 1080 3689 1148 neglectus

2115 1190 2144 1227 a
2175 1190 2259 1228 me.
2287 1175 2352 1229 ad
2380 1191 2526 1229 meas
2558 1174 2704 1229 fores
2751 1175 3018 1244 inglorius
3041 1174 3210 1244 jaeuit
3231 1190 3244 1237 ;
3269 1183 3324 1227 et
3351 1189 3452 1241 ego
3485 1174 3576 1225 tali
3609 1173 3685 1223 ir-

2117 1267 2339 1320 ritatum
2369 1267 2700 1322 contumelia
2762 1269 2937 1337 primo
3002 1274 3222 1336 relente
3268 1281 3562 1332 congressu
3601 1281 3688 1316 ar—

2117 1376 2382 1413 canorum
2447 1359 2766 1430 imprudens
2821 1375 3066 1413 meorum
3131 1358 3374 1412 omnium
3431 1359 3685 1411 festinavi

2115 1451 2395 1505 conscium
2462 1451 2662 1505 facere.
2713 1450 2854 1517 Quid
2915 1461 3098 1504 autem
3144 1450 3367 1504 attinuit
3423 1461 3686 1518 prazterea

2116 1541 2367 1594 etnndi-m
2395 1541 2460 1594 ad
2497 1551 2718 1594 taurum
2749 1541 3048 1595 videndum
3081 1539 3319 1602 mittere,
3355 1555 3477 1592 cum
3514 1540 3692 1591 mani-

2119 1632 2257 1688 festo
2313 1635 2582 1703 periculo,
2622 1650 2692 1689 ne
2730 1635 2774 1688 is
2829 1633 2920 1688 ubi
2955 1649 3134 1687 meum
3171 1633 3547 1688 adversarium
3581 1647 3692 1684 ma-

2117 1725 2292 1792 jorem
2348 1739 2413 1779 ac
2483 1725 2842 1779 valentiorem
2905 1724 3297 1786 observaverit,
3374 1731 3695 1777 contemnat

2125 1816 2385 1888 deinceps
2430 1833 2540 1880 me,
2586 1832 2748 1886 quem
2783 1827 3012 1872 eatenus
3053 1824 3258 1871 tantum
3304 1814 3698 1877 honoraverat,

2125 1918 2401 1978 quatenus
2469 1908 2712 1963 nondum
2763 1917 3176 1978 comparaverat
3210 1922 3334 1963 cum
3379 1907 3698 1976 potentiori.

2125 2000 2249 2056 Hice
2279 2000 2421 2070 apud
2449 2016 2507 2055 se
2537 2000 2811 2070 reputanti
2865 2003 3023 2054 anxie
3058 2000 3200 2054 leoni
3249 1998 3572 2069 supervenit
3597 1997 3688 2053 Ve-

2127 2094 2356 2163 istigator
2382 2110 2408 2146 a
2436 2102 2592 2146 tauro
2623 2101 2893 2148 convento
2932 2091 3123 2153 redux,
3169 2106 3332 2160 quem
3381 2090 3467 2144 leo
3517 2088 3699 2143 solum

2127 2183 2501 2252 conspicatus,
2536 2191 2755 2252 sumpto
2785 2184 2968 2236 animo
3027 2181 3479 2250 dissimulataque
3531 2179 3678 2234 tristi

2128 2277 2224 2340 tia,
2260 2276 2612 2344 compellavit
2655 2275 2708 2328 in
2744 2275 2894 2328 hunc
2922 2275 3143 2328 modmn
3174 2294 3188 2328 :
3215 2274 3573 2341 Exspectatus
3607 2272 3700 2324 ad-

2125 2369 2282 2423 venis
2301 2385 2460 2438 ;age,
2511 2366 2658 2421 refer
2689 2366 2820 2436 quid
2857 2367 3012 2436 egisti
3040 2367 3062 2419 ’Β
3088 2366 3233 2430 Vidi,
3258 2366 3335 2420 ait
3363 2363 3701 2433 VestigatOr,

2129 2471 2189 2515 ut
2212 2461 2445 2532 jiissisti,
2481 2459 2890 2514 vocalissimum
2920 2457 3058 2512 illud
3085 2457 3312 2512 animal.
3344 2457 3562 2510 Taurus
3604 2456 3700 2510 hic

2124 2563 2230 2608 est.
2276 2553 2492 2607 Accessi
2531 2550 2598 2604 ad
2639 2566 2768 2604 eum
2805 2552 3076 2612 cominus,
3114 2547 3497 2616 allocutusque
3551 2560 3697 2604 sum,

2128 2662 2226 2700 nec
2259 2644 2555 2714 quidquam
2597 2659 2661 2695 ex
2697 2658 2764 2696 eo
2813 2641 2997 2695 damni
3053 2649 3145 2694 aut
3177 2639 3440 2694 molestiae
3483 2637 3694 2704 accepi.

2126 2739 2267 2804 Quid
2296 2748 2407 2790 tum
2444 2735 2659 2807 postea?
2690 2735 2775 2789 leo
2801 2735 2977 2805 inquit
3007 2750 3021 2797 ;
3058 2734 3255 2788 indene
3277 2730 3491 2801 colligis
3522 2731 3702 2783 imbr-

2124 2833 2313 2886 cillum
2336 2829 2404 2884 ad
2433 2829 2746 2885 nocendum
2775 2837 2989 2882 taurum
3015 2827 3180 2882 esse?
3212 2826 3295 2880 An
3348 2825 3530 2880 nescis
3583 2824 3703 2876 vio-

2123 2923 2468 2982 lcntissimos
2495 2919 2749 2975 turbines
2782 2935 3012 2990 parcere
3059 2917 3333 2972 interdum
3394 2917 3701 2970 humilibus

2123 3016 2389 3077 arbustis,
2441 3014 2777 3082 eosdemque
2821 3011 3236 3081 procerissimas
3281 3023 3525 3079 quercus
3572 3007 3702 3062 imis

451 3108 606 3154 retur
637 3099 891 3153 obstabat
916 3099 1180 3153 terribilis
1203 3098 1466 3167 strepitus
1500 3113 1563 3149 cx
1595 3099 1706 3150 alto
1737 3098 2016 3165 ingruens;
2047 3104 2088 3162 α
2121 3111 2445 3179 usurpans
2477 3107 2754 3162 radicibus
2783 3105 3062 3175 frangere?
3085 3103 3166 3158 Ad
3190 3119 3252 3157 ea
3282 3101 3599 3172 vestigator
3634 3099 3700 3155 ﬁ-

449 3207 646 3261 nempe
672 3202 987 3262 tympanum
1009 3189 1287 3259 quispiam
1322 3190 1387 3241 de
1426 3205 1576 3241 ramo
1605 3187 1798 3242 vicinae
1859 3188 2020 3240 arbo-

449 3282 525 3336 ris
552 3283 914 3350 suspenderat
944 3299 959 3346 ;
989 3290 1044 3334 et
1068 3291 1224 3334 metm
1252 3297 1384 3332 auri
1421 3279 1642 3333 frondes
1682 3279 1747 3332 ad
1783 3279 1915 3332 illud
1945 3279 2023 3331 al-

449 3373 569 3426 lisae
601 3374 871 3444 fragorem
897 3373 1136 3426 edebant
1168 3372 1276 3426 alte
1303 3382 1647 3426 resonantein
1679 3381 1734 3425 et
1765 3371 2026 3425 formido-

449 3468 566 3522 lose
601 3467 892 3520 minacem.
925 3466 1003 3519 Eo
1027 3465 1242 3519 turbata
1275 3463 1476 3518 misera
1533 3464 1724 3534 vulpes
1755 3445 2020 3534 ‘saginam

449 3569 576 3613 ante
609 3559 800 3613 oculos
856 3567 1099 3626 paratam
1145 3557 1360 3626 pinguis
1423 3563 1479 3610 et
1527 3557 1763 3626 copiosa:
1813 3555 2024 3622 ferinzc,

449 3666 639 3718 pressa
666 3649 798 3704 licet
837 3649 948 3702 acri
981 3647 1260 3702 desiderio
1323 3648 1544 3709 edendi,
1597 3647 1864 3717 attingere
1912 3661 2022 3700 non

449 3742 708 3805 audebat,
738 3742 931 3795 timide
985 3740 1463 3810 circumspiciens,
1504 3755 1626 3795 sese
1671 3740 2024 3804 contrahens,

449 3846 505 3892 et
545 3835 612 3890 ad
648 3848 841 3888 omnes
872 3832 1141 3901 impulsus
1185 3832 1428 3903 tympani
1475 3831 1681 3900 (crebri
1726 3840 1910 3885 autem
1970 3829 2028 3882 hi

449 3937 610 3982 erant
643 3928 917 3995 aspirante
943 3929 1126 3993 vento)
1159 3925 1286 3977 totis
1310 3925 1544 3977 artubus
1570 3924 2024 3977 contremiscens.

440 4019 692 4074 .Durante
715 4017 933 4087 longius
965 4033 1027 4071 ea
1081 4016 1324 4083 miseria,
1383 4016 1615 4070 consilio
1661 4031 1690 4069 e
1744 4030 1801 4069 re
1865 4021 2027 4083 capto

453 4111 742 4180 vulpecula
779 4126 902 4164 cum
935 4110 1280 4164 observasset
1311 4124 1599 4177 erumpere
1623 4123 1819 4162 sonum
1855 4106 2020 4160 istum

454 4202 780 4258 horrificum
808 4216 873 4254 ex
898 4216 1021 4254 arca
1056 4199 1292 4269 quadam
1331 4198 1665 4253 orbicularis
1699 4197 1888 4251 forma:
1913 4197 2023 4252 alte

453 4310 744 4365 suspensa,
779 4292 929 4347 dedit
965 4307 1481 4361 operam,omnem,
1527 4290 1674 4360 quod
1725 4291 1899 4354 aiunt,
1935 4289 2023 4342 [αν

456 4403 578 4442 nem
609 4400 834 4440 movens
877 4393 935 4438 ut
965 4399 1084 4438 eam
1125 4383 1250 4437 inde
1295 4382 1588 4454 dejiceret;
1648 4398 1756 4437 non
1794 4382 2020 4446 frustra,

454 4477 696 4534 concidit
722 4477 867 4531 enim
894 4476 1109 4530 tandem
1145 4484 1457 4545 tympanum
1515 4482 1572 4528 et
1606 4474 1760 4543 lapsu
1803 4474 2021 4528 confra-

455 4582 604 4626 ctum
625 4576 732 4622 cst.
763 4568 1090 4635 Contingere
1127 4567 1180 4619 id
1215 4575 1328 4636 tum
1379 4567 1568 4635 vulpes
1604 4580 1735 4620 ausa
1766 4565 2022 4634 propius-

457 4675 566 4728 que
603 4655 828 4720 intueri,
863 4654 1230 4725 deprehendit
1261 4669 1450 4708 cavum
1488 4655 1648 4709 inane
1674 4655 1816 4724 pelle
1870 4653 2022 4708 tenui

457 4759 795 4811 contectum,
831 4748 1180 4816 irridensque
1217 4762 1232 4796 :
1266 4747 1442 4816 Papae,
1467 4747 1849 4816 inquit,quam
1873 4761 2025 4800 men-

459 4839 564 4893 dax
596 4840 806 4908 species
835 4839 1145 4907 falsumque
1196 4837 1461 4892 indicium
1527 4841 1756 4892 tumoris
1791 4837 1910 4892 est!
1967 4844 2026 4890 ut

462 4931 676 5000 turgida
706 4931 820 4985 hzec
855 4930 1307 4998 vocalissimaque
1359 4944 1588 4998 corpora
1634 4929 1831 4982 inaniis
1877 4928 2049 4993 intus,

457 5022 725 5076 exhausta
757 5021 1088 5084 vanissimis,
1129 5020 1358 5074 ridicule
1413 5020 1698 5075 minantur
1753 5030 1808 5074 et
1850 5021 2024 5077 risum

460 5114 694 5168 debeutl
729 5111 918 5166 Simile
966 5127 1066 5165 nos
1093 5111 1664 5180 quidpiam,domine,
1699 5111 1861 5167 hodie
1928 5128 2027 5182 pa-

461 5207 648 5268 timur,
689 5203 910 5257 fremitu
937 5219 1100 5272 quam
1123 5204 1342 5268 minaci,
1380 5214 1485 5257 tam
1557 5205 1710 5258 irrito
1767 5204 2027 5259 animalis

461 5296 627 5362 hujus
652 5296 846 5350 territi.
879 5294 1020 5361 Quin
1044 5295 1090 5350 si
1139 5295 1301 5366 jubes
1333 5295 1402 5349 ad
1450 5296 1581 5349 illud
1638 5296 1916 5360 accedam,
1972 5305 2029 5351 et

459 5387 746 5454 explorato
785 5386 915 5455 quid
965 5385 1186 5438 demum
1226 5385 1318 5448 sit,
1353 5386 1418 5439 ad
1457 5396 1509 5440 te
1537 5387 1818 5440 curriculo
1873 5386 2030 5442 refe-

460 5495 595 5533 ram.

532 5658 597 5713 Χ.
632 5659 838 5714 Annuit
866 5661 972 5724 leo,
1010 5661 1266 5728 misitque
1294 5660 1492 5730 ipsum.
1545 5661 1814 5716 Caeterum
1844 5661 2026 5716 statim

461 5765 531 5808 eo
552 5751 795 5820 profecto
851 5752 1200 5810 moestissima
1227 5753 1344 5823 ejus
1388 5751 1516 5808 facti
1571 5753 1892 5823 pmnitentia
1931 5754 2032 5809 im-

2129 3203 2325 3258 denter
2351 3200 2619 3264 arridens,
2651 3198 2793 3255 Cave
2822 3198 3040 3261 credas,
3068 3197 3265 3266 inquit,
3300 3195 3544 3258 domine,
3595 3193 3702 3247 hu-

2123 3294 2364 3367 jusmodi
2435 3291 2636 3348 animal
2689 3290 3138 3346 robustissimum
3201 3303 3322 3343 esse
3382 3286 3597 3356 :quin,
3651 3288 3696 3338 s9

2129 3389 2287 3451 velis,
2323 3389 2515 3444 sistam
2549 3387 2658 3441 huc
2685 3385 2820 3440 illud
2869 3384 2990 3448 tibi,
3025 3383 3434 3452 obnoxiamque
3487 3396 3552 3434 ac
3594 3380 3697 3434 sub

2131 3494 2299 3534 manu
2328 3489 2417 3533 tua
2447 3486 2711 3531 statuam.
2747 3474 3060 3530 Delectatus
3109 3473 3378 3542 promisso
3411 3470 3521 3533 leo,
3585 3469 3700 3538 Age

2129 3585 2260 3624 sane
2290 3567 2434 3637 quod
2463 3566 2758 3635 polliceris,
2787 3565 2886 3626 ait,
2919 3563 3059 3618 nihil
3087 3562 3223 3616 mihi
3273 3561 3449 3629 possis
3481 3560 3697 3630 gratius

2127 3662 2332 3717 facere.
2382 3660 2766 3728 Continuoque
2806 3656 3114 3729 Vestigator
3146 3670 3428 3726 regressus
3479 3654 3548 3708 ad
3581 3661 3698 3706 tau-

2131 3769 2275 3815 rum,
2311 3751 2445 3805 dicit
2479 3751 2554 3805 illi
2588 3749 2933 3819 praefidenter
2967 3765 2980 3800 :
3038 3747 3182 3802 leleus
3234 3757 3314 3813 tu,
3363 3745 3454 3800 hic
3499 3745 3694 3799 adsum

2130 3844 2197 3897 ad
2224 3854 2276 3898 te
2305 3843 2555 3898 missusa
2604 3842 2783 3909 leone,
2820 3841 2913 3910 qui
2957 3854 3283 3909 magnopere
3359 3839 3586 3892 mandat
3640 3846 3700 3890 ut

2128 3936 2394 3991 continuo
2424 3935 2613 3990 venias
2642 3933 2710 3988 ad
2738 3948 2818 3998 se,
2854 3933 3206 3996 denuntians,
3243 3931 3288 3987 si
3347 3931 3699 4000 obtempera-

2131 4030 2302 4094 veris,
2339 4028 2567 4099 gratiam
2616 4026 2714 4081 tibi
2756 4040 2813 4080 se
2846 4024 3117 4080 facturum
3155 4023 3388 4094 neglecti
3430 4023 3701 4078 hactenus

2129 4120 2442 4185 oﬂicii,nec
2471 4134 2662 4188 ptenas
2718 4118 3080 4187 repetiturum
3123 4131 3191 4171 eo
3258 4116 3485 4169 meritas
3549 4114 3694 4182 quod

2129 4211 2323 4267 tandiu
2357 4213 2408 4264 in
2441 4219 2588 4264 tanta
2614 4209 2816 4264 vicinia
2847 4207 3102 4264 omiseris
3135 4207 3376 4262 debitam
3427 4194 3694 4276 majestati

2128 4309 2250 4377 ejus
2283 4303 2694 4359 venerationem
2726 4301 2979 4357 reddere.
3020 4302 3115 4354 Ais
3143 4315 3210 4355 an
3243 4299 3456 4369 negas?
3499 4300 3695 4365 ειρείὶί

2127 4412 2449 4467 responsum
2475 4411 2492 4463 ;
2517 4411 2641 4450 nam
2659 4395 2705 4448 si
2729 4393 2970 4461 dubitas,
2994 4391 3173 4447 refero
3207 4391 3391 4446 statim
3415 4393 3484 4445 ad
3514 4392 3691 4460 ipsum

2129 4489 2397 4560 quidquid
2425 4489 2493 4543 de
2536 4496 2586 4542 te
2603 4485 2844 4555 comperi
2879 4503 2895 4538 :
2932 4499 3112 4538 moras
3139 4484 3286 4538 enim
3338 4484 3560 4538 trahere
3588 4499 3692 4536 non

2122 4591 2303 4638 vacat.
2335 4579 2537 4649 Ecquis
2567 4588 2772 4641 autem,
2802 4577 3090 4645 respondit
3123 4585 3334 4640 taurus,
3356 4575 3442 4630 leo
3477 4575 3569 4629 hic
3611 4583 3696 4629 est

2124 4673 2322 4727 horutn
2349 4683 2543 4726 auctor
2578 4669 2988 4731 mandatorum,
3037 4675 3094 4722 et
3156 4666 3379 4721 ubinam
3437 4665 3691 4720 habitat?

2123 4764 2204 4820 Ad
2229 4779 2294 4819 ea
2324 4763 2652 4832 Vestigator,
2680 4761 2795 4816 Rex
2826 4769 2930 4824 est,
2959 4759 3158 4829 inquit,
3210 4774 3443 4829 magnus
3491 4758 3691 4814 bestia-

2125 4867 2272 4918 rum,
2299 4858 2357 4906 et
2377 4850 2468 4904 hic
2492 4850 2548 4904 in
2595 4849 2906 4919 propinquo
2937 4857 3117 4904 castra
3145 4858 3383 4904 metatus
3436 4865 3536 4905 sua
3585 4857 3686 4913 est,

2127 4944 2222 4998 ubi
2255 4952 2362 4998 stat
2393 4943 2446 4995 in
2487 4941 2778 5010 augustali,
2806 4955 3103 4996 numeroso
3132 4940 3527 4996 circumstante
3556 4941 3691 4994 fera-

2128 5047 2249 5085 rum
2287 5030 2561 5092 exercitu,
2593 5030 2794 5098 quibus
2832 5029 3083 5097 imperat.
3112 5029 3364 5085 Territus
3387 5031 3473 5085 his
3507 5041 3692 5085 taurus

2127 5127 2352 5176 secutus
2385 5119 2656 5173 dicentem
2697 5128 2803 5183 est,
2823 5119 3083 5189 leonique
3112 5135 3142 5174 a
3169 5121 3514 5190 V’estigatore
3543 5122 3692 5178 obla-

2129 5221 2240 5275 tus,
2271 5211 2322 5266 ei
2347 5227 2404 5266 se
2427 5211 2729 5266 humillime
2759 5212 3016 5281 subjecit.
3044 5211 3198 5267 Hunc
3232 5213 3546 5268 humaniter
3603 5216 3688 5270 leo

2127 5302 2429 5372 excipiens,
2465 5303 2629 5356 etiam
2651 5313 3007 5373 percontatus
3030 5305 3262 5375 benigne
3296 5315 3380 5360 est
3413 5307 3480 5361 de
3509 5308 3687 5362 fortu-

2129 5411 2213 5449 nte
2241 5411 2304 5448 ac
2335 5410 2518 5448 rerum
2545 5409 2771 5448 suarum
2802 5405 2969 5450 statu.
2993 5397 3201 5452 Retulit
3242 5414 3306 5453 ex
3336 5398 3439 5453 ﬁde
3502 5410 3690 5455 taurus

2129 5495 2350 5550 cuncta,
2380 5487 2681 5555 gratiaeque
2716 5502 2823 5541 non
2857 5487 3097 5558 vulgaris
3143 5471 3285 5553 apud
3335 5489 3552 5544 leonem
3612 5490 3691 5544 lo-

2131 5591 2258 5630 cum
2288 5575 2516 5640 invenit,
2553 5575 2692 5630 adeo
2729 5585 2789 5630 ut
2815 5575 2904 5629 hic
2943 5577 2992 5630 ei
3011 5576 3152 5631 bona
3187 5578 3369 5632 omnia
3400 5580 3689 5648 promitte-

2134 5675 2237 5731 ret,
2270 5667 2701 5737 eodemquejam
2722 5683 2870 5723 nunc
2920 5669 3173 5724 ministro
3219 5684 3557 5725 summarum
3600 5688 3688 5725 re-

2137 5771 2256 5810 rum
2310 5766 2512 5812 utetur.
2544 5756 2619 5812 Ac
2653 5759 2802 5814 brevi
2841 5767 3029 5815 taurus
3067 5775 3132 5816 eo
3194 5763 3462 5826 pervenit,
3501 5773 3558 5818 ut
3597 5779 3692 5818 au-
