4016 6580
343 355 478 428 ιεδτ

1185 359 1571 422 SPECIMEN
1615 354 2040 416 SAPlENTl/E
2083 353 2436 416 lNDOltUM
2481 355 2641 414 \‘ET.

3431 353 3563 427 1:58

327 487 585 541 ctoritate
617 500 679 540 ac
725 483 967 555 potentia
1024 484 1182 553 longe
1225 481 1482 540 omnibus
1532 478 1676 534 leoni
1720 477 1900 545 subje-
1934 481 1972 533 Α
2006 477 2268 542 ρτδιὺρτο.
2296 478 2387 530 ubi
2421 475 2896 530 mamuetudinem
2929 487 2980 530 et
3007 478 3242 548 speciem
3262 480 3566 536 clementiae

339 580 446 634 ctis
476 578 855 633 antecelleret.

397 671 488 726 X1.
526 671 652 726 Haec
685 679 921 726 cernens
955 667 1265 738 Vestigator
1299 665 1412 720 aeri
1451 665 1624 717 livore
1652 660 1902 730 ringeba—

328 772 440 820 tur.
473 764 552 818 Ac
573 778 698 817 cum
746 762 839 816 ditt
887 776 1070 815 secum
1134 766 1394 828 reputans
1447 758 1743 812 volutasset
1784 752 1903 822 plu-

329 857 493 922 rima,
523 866 766 913 veterem
794 855 1013 909 tandem
1044 852 1287 907 sodalem
1319 850 1653 905 Coronatum
1687 850 1898 913 adiens,

327 951 519 1020 erupit
559 949 613 1002 in
645 949 767 1003 sinu
810 948 973 1000 amici
1045 945 1407 1008 stomachum,
1461 957 1517 998 et
1570 944 1713 1012 apud
1768 944 1903 997 fidas

328 1059 503 1099 aures
543 1039 930 1111 aegritudinem
960 1037 1127 1090 anitni
1157 1051 1463 1105 arcanaque
1490 1035 1716 1090 consilia
1744 1035 1900 1089 fateri

328 1150 520 1197 ausus,
557 1133 622 1186 Et
657 1133 895 1194 miraris,
925 1143 980 1184 et
1028 1128 1310 1182 misereris
1364 1126 1629 1196 profecto,
1699 1126 1898 1194 inquit,

329 1243 439 1288 me.
476 1228 571 1295 qui
589 1235 697 1279 tam
725 1223 1013 1278 infeliciter
1031 1235 1251 1290 operam
1274 1219 1448 1274 locavi
1476 1219 1530 1272 in
1557 1218 1904 1272 conciliando

331 1321 479 1374 leoni
512 1329 692 1378 tauro,
730 1325 789 1370 ut
816 1314 919 1383 ipsi
948 1313 1116 1366 miser
1144 1311 1277 1364 mihi
1304 1310 1532 1364 exilium
1567 1309 1902 1364 confecerim

333 1411 724 1482 ingratissimis
780 1407 1153 1463 benefaciens.
1212 1405 1331 1460 Seis
1396 1419 1556 1473 quam
1600 1403 1788 1457 dextre
1842 1417 1905 1456 ac

335 1504 516 1572 perite
543 1500 779 1556 discussi
810 1499 1174 1570 suspiciones,
1205 1512 1327 1567 qua:
1365 1505 1580 1551 taurum
1611 1505 1666 1549 et
1688 1496 1902 1550 leonem

333 1596 571 1649 invicem
601 1594 978 1648 commissurae
1008 1591 1356 1655 videbantur,
1415 1588 1563 1659 gravi
1617 1590 1904 1656 utriusque

333 1688 606 1760 periculo.
637 1685 771 1742 Inde
809 1696 992 1739 autem
1017 1684 1148 1752 quid
1181 1682 1406 1737 evenit?
1449 1681 1654 1749 Nempe
1707 1690 1766 1734 ut
1827 1679 1904 1734 illi

2001 568 2242 622 affectari
2289 585 2374 622 res
2423 571 2722 638 posci-bat;
2785 571 3029 635 tertium,
3065 587 3171 627 non
3227 572 3358 626 dare
3421 573 3570 644 ipsos

2001 674 2246 728 operam,
2283 669 2343 714 ut
2376 661 2743 726 eruditorum,
2771 662 3129 731 prudentum,
3158 661 3392 718 fldorum
3425 681 3573 719 sem-

2003 765 2101 820 per
2133 751 2277 820 apud
2303 766 2361 805 se
2382 752 2822 807 consiliariorum
2855 753 3069 823 copiam
3095 755 3335 810 habeant
3362 772 3375 820 ;
3402 771 3570 824 quara

2006 850 2141 908 tum,
2171 843 2495 913 permittere
2527 844 2812 913 digladiari
2851 847 2993 901 inter
3015 861 3073 901 se
3116 847 3369 902 subditos
3415 863 3480 902 ac
3513 851 3566 905 in

2005 933 2270 990 factiones
2292 935 2506 1001 scindi;
2561 935 2838 1005 quintum,
2883 954 2994 992 non
3037 939 3310 993 moderari
3362 939 3570 995 all'ecti4

2006 1025 2130 1091 bus,
2159 1027 2255 1081 sed
2285 1027 2612 1097 cupiditate,
2641 1028 2872 1082 libidine
2901 1046 2966 1083 ac
3008 1031 3309 1099 praesertim
3363 1032 3443 1085 ira
3489 1031 3572 1086 ef-

2004 1117 2134 1171 ferri
2160 1133 2218 1172 se
2247 1121 2428 1175 sinere
2454 1138 2469 1186 ;
2499 1130 2715 1175 sextum
2747 1121 3006 1190 denique,
3032 1137 3139 1177 non
3173 1123 3458 1194 invigilare
3487 1123 3574 1194 ju-

2007 1215 2148 1280 giter
2197 1213 2438 1270 intentos
2491 1230 2588 1271 eos
2626 1217 2681 1270 in
2740 1218 3059 1284 contingere
3108 1217 3434 1285 plerumque
3485 1231 3576 1270 so-

2005 1307 2131 1361 litas
2194 1308 2522 1364 mutationes
2577 1317 2910 1378 temporum,
2959 1321 3015 1364 et
3067 1311 3357 1364 adversum
3415 1325 3576 1364 casus

2005 1416 2216 1463 omnes,
2249 1403 2800 1470 qumquetcxsistere
2837 1403 3032 1472 quavis
3057 1401 3419 1458 conversione
3447 1417 3576 1471 pos-

2007 1491 2136 1553 sint,
2182 1507 2291 1544 non
2349 1507 2415 1546 ex
2463 1494 2627 1563 longe
2685 1495 2994 1564 providisse
3050 1494 3245 1550 idonea
3300 1495 3573 1565 prmsidia,

2008 1592 2311 1654 parataque
2337 1585 2404 1640 ad
2438 1596 2662 1640 manum
2696 1597 2906 1643 tenere.

2076 1676 2193 1730 XII.
2231 1678 2519 1744 Quomodo
2543 1695 2675 1733 vero
2702 1680 2932 1748 poteris,
2969 1680 3048 1733 ait
3073 1679 3409 1741 Coronatus,
3453 1689 3578 1733 tau-

335 1795 435 1848 per
461 1793 549 1832 me
572 1777 852 1833 conciliati
885 1775 1073 1829 felices
1109 1777 1400 1843 imperent,
1455 1785 1775 1840 rerumque,
1820 1785 1905 1824 me
1937 1807 1982 1866 Β
2011 1784 2131 1822 rum
2158 1769 2562 1826 circumvenire
2605 1772 2778 1826 multo
2824 1773 3197 1841 potentiorem
3243 1782 3317 1838 te,
3377 1773 3582 1826 amico»

331 1869 580 1932 excluso,
617 1867 899 1938 potiantur
937 1884 949 1918 :
985 1880 1130 1935 rege,
1157 1865 1246 1918 cui
1291 1877 1479 1918 curam
1523 1863 1699 1917 exemi
1730 1862 1904 1916 mole.

333 1959 658 2022 stissimam,
695 1966 807 2012 tam
838 1957 944 2012 sibi
975 1957 1125 2010 utilis
1155 1955 1261 2008 mei
1294 1953 1588 2010 ministerii
1633 1952 1823 2017 oblito,
1850 1959 1908 2004 et

337 2053 518 2120 ipsum
563 2051 716 2105 illum
745 2050 902 2120 prius
949 2047 1304 2103 farmidatum
1337 2043 1740 2106 adversarium,
1761 2053 1908 2107 post-

333 2158 502 2212 quam
550 2157 670 2196 mea
706 2142 974 2197 industria
999 2141 1101 2195 sibi
1146 2140 1456 2210 subjectum
1496 2136 1781 2201 babuit,in
1803 2135 1908 2188 mei

334 2235 499 2302 longe
526 2234 769 2288 submoti
830 2235 1014 2289 locum
1056 2233 1124 2287 ad
1158 2232 1479 2302 dignitatem
1532 2238 1908 2298 promovente.

338 2323 536 2388 Video,
579 2326 759 2391 inquit
800 2324 1131 2387 Coronatus,
1183 2333 1239 2378 et
1296 2322 1504 2376 sentire
1550 2321 1661 2391 jam
1711 2319 1913 2388 incipio

336 2435 448 2472 non
488 2433 714 2488 prorsus
738 2433 876 2472 vana
907 2417 1186 2472 monuisse
1236 2431 1342 2478 me,
1373 2429 1497 2468 cum
1530 2413 1620 2467 illa
1666 2427 1787 2482 qua:
1814 2412 1916 2465 du-

338 2509 470 2563 dum
501 2509 729 2570 audisti,
755 2507 976 2578 aggredi
1010 2508 1076 2560 ad
1113 2508 1216 2560 hoc
1246 2505 1525 2575 negotium
1559 2503 1659 2556 tibi
1679 2498 1911 2570 paranti,

338 2601 735 2654 disserueram.
772 2600 913 2665 Quid
947 2609 1128 2653 autem
1155 2599 1301 2652 circa
1357 2613 1418 2650 ea
1453 2611 1574 2664 quae
1635 2610 1781 2648 nunc
1830 2597 1914 2648 in-

334 2700 489 2744 stant
519 2690 736 2744 consilii
767 2689 942 2759 capis,
1002 2689 1206 2756 quidve
1268 2703 1426 2756 paras
1477 2687 1688 2755 agere?
1759 2684 1913 2750 Volo,

338 2783 522 2852 inquit
550 2781 884 2852 Vestigator,
921 2783 974 2835 in
1009 2781 1296 2849 pristinam
1331 2781 1520 2849 reponi
1554 2779 1806 2846 gratiam,
1831 2795 1885 2832 re

338 2890 720 2946 cuperareque
739 2875 1055 2944 dignitatem
1083 2876 1480 2936 interversam;
1508 2883 1560 2926 et
1583 2887 1747 2941 spero
1777 2872 1918 2924 viam

339 2970 408 3022 ad
436 2969 490 3022 id
522 2971 762 3039 aliquam
798 2972 1155 3027 inventurum
1194 2985 1302 3035 me,
1346 2969 1448 3023 tria
1484 2967 1735 3022 faciendo
1799 2982 1920 3035 qua:

341 3062 522 3113 virum
560 3064 889 3130 prudentem
926 3076 1088 3130 agere
1129 3062 1411 3116 convenit.
1445 3059 1920 3130 Hujusenimofli-

2008 1875 2242 1930 rumque
2299 1877 2362 1916 ac
2403 1862 2670 1916 clientum
2727 1863 2924 1920 validis
2983 1863 3183 1934 opibus
3232 1862 3582 1920 subnixum?

2009 1950 2314 2019 Respondit
2383 1951 2728 2022 Vcstigator:
2770 1953 2849 2007 Ne
2901 1964 3242 2021 contemnas,
3312 1955 3447 2008 heus
3498 1965 3577 2017 tu,

2011 2047 2238 2102 nimium
2285 2051 2606 2104 tenuitatem
2665 2062 2719 2105 et
2770 2050 3202 2105 imbecillitatem
3247 2065 3444 2104 meam.
3494 2051 3583 2105 Via

2010 2142 2204 2208 ctoria,
2237 2144 2282 2198 si
2317 2146 2518 2209 neseis,
2545 2161 2652 2199 non
2678 2154 2761 2198 est
2793 2145 3009 2214 alligata
3044 2145 3265 2198 lacertis
3287 2159 3351 2198 ac
3372 2145 3580 2205 robori,

2012 2249 2263 2305 saepeque
2283 2237 2522 2291 vidimus
2555 2238 2885 2291 valentiores
2920 2238 2990 2290 ab
3036 2235 3433 2290 infirmioribus
3455 2250 3583 2304 proe
3619 2261 3622 2264 ι

2015 2337 2238 2383 stratos.
2270 2329 2348 2382 Ad
2377 2345 2441 2383 ea
2464 2329 2794 2395 Coronatus,
2831 2329 2968 2384 Vera
3014 2327 3279 2397 loqueris,
3337 2327 3433 2390 ait,
3485 2325 3584 2379 sed

2016 2420 2162 2483 vide,
2196 2436 2264 2474 ne
2313 2421 2406 2474 ubi
2435 2419 3014 2490 perpetraveriquod
3053 2435 3232 2488 paras,
3283 2419 3340 2474 in
3397 2418 3588 2488 perui-

2017 2513 2155 2566 riem
2185 2512 2467 2566 laborasse
2509 2523 2560 2566 te
2595 2513 2869 2581 pmpriam
2899 2527 3024 2566 sero
3052 2511 3362 2582 intelligas;
3400 2514 3588 2569 multis

2017 2603 2166 2657 enim
2197 2604 2345 2673 paria
2374 2603 2703 2657 machinatis
2728 2601 2782 2655 id
2808 2602 3059 2670 contigit,
3084 2612 3141 2656 et
3173 2603 3308 2656 tanti
3339 2613 3585 2674 estquaz-

2019 2696 2144 2750 dam
2176 2695 2265 2748 hic
2287 2696 2406 2764 ejus
2428 2695 2647 2764 generis
2671 2697 2918 2762 exempla
2955 2709 3314 2748 memorasse.
3377 2695 3588 2750 Ascetze

2021 2783 2240 2836 cuidam
2269 2782 2586 2836 solitudinis
2634 2798 2742 2835 suae
2766 2795 2997 2850 pertaeso
3029 2783 3291 2838 accedere
3319 2785 3478 2838 libuit
3519 2785 3586 2839 ad

2023 2872 2250 2939 regiam,
2285 2883 2359 2937 et,
2384 2883 2445 2926 ut
2479 2873 2551 2926 ibi
2584 2882 2670 2928 est
2724 2873 2971 2936 solitum,
3025 2889 3159 2942 opes
3217 2877 3589 2930 assentatione

2022 2965 2342 3019 nundinari.
2380 2965 2489 3020 Nec
2518 2975 2645 3020 voto
2686 2965 2932 3020 excidit:
2968 2965 3230 3022 delinitus
3291 2969 3435 3022 enim
3470 2971 3590 3038 ejus

2025 3055 2309 3124 obsequiis
2338 3072 2430 3109 rex
2457 3071 2653 3125 magno
2675 3073 2802 3112 eum
2825 3074 3055 3112 numero
3091 3059 3316 3114 donavit
3349 3063 3592 3130 c'onchy-
3653 3049 3657 3053 ’

341 3154 492 3206 cium
524 3164 627 3218 est,
664 3153 901 3223 primum
923 3153 1282 3208 considerare
1313 3169 1436 3222 qua:
1482 3153 1584 3222 ipsi
1616 3161 1922 3207 evenerunt
1947 3155 1992 3212 ο
2026 3148 2280 3202 liatorum
2313 3157 2636 3202 stromatum
2679 3158 2732 3202 et
2761 3150 2927 3204 vestis
2979 3150 3212 3204 attalicte
3245 3151 3441 3206 summi
3471 3167 3594 3221 pre-‘-

341 3246 487 3298 bona
515 3247 791 3314 malaque,
816 3261 880 3301 ac
909 3246 1092 3301 causis
1132 3257 1492 3314 utrorumque
1539 3244 1920 3313 deprehensis,

339 3333 433 3390 illa
468 3337 688 3404 quidem
719 3336 909 3406 fugere
937 3336 1082 3393 unde
1104 3345 1224 3392 orta
1253 3338 1358 3392 sibi
1382 3337 1524 3392 mala
1551 3338 1913 3405 compererit,

340 3443 404 3482 ea
426 3437 618 3481 contra
652 3429 808 3497 sequi
843 3444 907 3483 ac
935 3443 1236 3498 procurare
1265 3444 1482 3484 summo
1505 3429 1693 3483 studio
1717 3428 1922 3497 quibus

342 3538 403 3576 se
434 3525 674 3578 senserit
713 3524 985 3594 adjutum.
1016 3523 1293 3592 Inspicere
1321 3523 1524 3578 deinde
1551 3523 1694 3577 idem
1747 3531 1926 3576 atten—

347 3624 514 3682 teque
557 3615 719 3669 debet
755 3615 1103 3684 perpendere
1135 3630 1256 3683 quae
1283 3615 1461 3684 ipsum
1497 3616 1784 3683 praesentia
1812 3616 1922 3668 cir-

345 3715 627 3759 cumstant
661 3707 947 3759 commoda
978 3706 1454 3775 incommodaque.
1503 3716 1726 3771 totoque
1800 3705 1923 3758 nisu

343 3799 538 3854 conari
567 3799 901 3868 illaquidem
956 3809 1143 3853 tenere
1208 3799 1421 3866 sibique
1482 3813 1749 3861 asserere,
1809 3799 1925 3853 haec

349 3897 537 3942 autem
589 3903 755 3957 quam
799 3887 1114 3957 longissime
1173 3897 1423 3941 avertere
1453 3901 1516 3940 ac
1579 3889 1922 3955 propulsare.

351 3979 639 4033 Postremo
674 3979 728 4033 in
763 3979 1012 4032 futurum
1046 3980 1147 4048 ipsi
1178 3979 1579 4033 consulendum
1619 3989 1721 4033 est.
1757 3979 1811 4031 ln
1841 3979 1926 4031 his

347 4085 456 4139 ego
477 4068 608 4122 dum
634 4069 883 4122 animum
919 4083 1080 4122 verso
1139 4083 1248 4121 non
1289 4067 1554 4135 segniter,
1587 4068 1666 4118 sic
1711 4067 1927 4134 reperio

351 4159 600 4224 tandem,
637 4160 909 4214 subducta
932 4159 1292 4213 consiliorum
1323 4172 1556 4219 summa,
1589 4159 1750 4226 plane
1791 4158 1926 4210 mihi

346 4253 721 4308 occidendum
752 4251 880 4306 dolo
903 4251 1145 4319 quodam
1193 4261 1411 4304 taurum
1441 4264 1607 4303 esse:
1652 4249 1733 4303 sie
1778 4249 1924 4303 enim

350 4353 411 4396 et
457 4344 562 4397 iter
595 4344 854 4411 aperiens
891 4342 959 4395 ad
993 4342 1468 4410 recuperationem
1502 4342 1762 4410 potentia:
1782 4341 1927 4409 prio-

351 4436 428 4488 ris
452 4435 660 4503 Optime
690 4433 825 4487 milti
854 4433 1158 4498 consulam,
1199 4441 1252 4486 et
1276 4435 1488 4486 leonem
1544 4433 1726 4501 ipsutn
1784 4447 1928 4486 novo

351 4527 623 4580 beneficio
645 4524 979 4580 devinciant.
1015 4525 1127 4580 Hoc
1160 4537 1497 4593 poStretnum
1529 4525 1676 4594 quod
1707 4528 1787 4580 ais
1822 4542 1928 4579 non

351 4621 626 4687 intelligo,
681 4621 864 4688 inquit
919 4621 1268 4686 Coronatus;
1323 4637 1446 4674 nam
1505 4632 1563 4676 ut
1599 4623 1926 4676 beneficium

354 4711 504 4764 leoni
529 4722 680 4766 esset
719 4710 897 4765 caedes
933 4715 1096 4775 tauri,
1132 4723 1403 4780 oporteret
1451 4716 1595 4767 hunc
1626 4717 1928 4769 incommo-

353 4806 490 4859 dare
525 4806 628 4870 illi,
680 4806 829 4874 quod
878 4815 1067 4858 contra
1111 4817 1241 4867 est;
1294 4821 1417 4859 nam
1466 4823 1530 4860 ex
1581 4823 1690 4875 quo
1739 4819 1930 4862 taurus

357 4899 506 4953 leoni
548 4899 743 4962 servit,
779 4899 916 4953 satis
944 4899 1111 4957 bono,
1142 4908 1200 4950 ut
1227 4899 1466 4959 videtur,
1492 4899 1614 4952 loco
1647 4915 1736 4952 res
1767 4901 1931 4968 hujus

358 5000 511 5044 sunt.
559 4989 811 5053 Falleris,
844 4989 1126 5058 respondit
1177 4990 1500 5057 Vestigator,
1537 4992 1928 5060 eontemptibi-

357 5082 467 5134 lem
493 5081 699 5150 quippe
717 5096 774 5136 se
799 5080 906 5144 leo,
939 5090 993 5132 et
1031 5095 1128 5158 pe;
1183 5081 1283 5132 hoc
1311 5081 1524 5134 insidiis
1555 5095 1927 5150 opportunum

357 5173 505 5241 apud
537 5187 666 5226 suos
688 5186 878 5224 omnes
907 5171 1165 5230 reddidit,
1196 5172 1298 5225 isto
1349 5173 1518 5227 nimio
1579 5174 1635 5227 in
1709 5183 1928 5229 taurum

357 5267 565 5329 studio,
611 5278 774 5332 quem
807 5264 1116 5317 inconsulte
1153 5264 1367 5317 cunctis
1394 5268 1654 5334 praetulit.
1699 5267 1802 5321 Sex
1833 5285 1932 5322 au-

358 5367 468 5412 tem
494 5363 676 5410 errata
705 5370 892 5424 regum
922 5365 1070 5420 sunt,
1113 5355 1316 5423 quibus
1376 5358 1764 5414 auctoritatem
1807 5378 1932 5430 per-

357 5449 500 5503 dunt
528 5458 583 5502 et
615 5445 826 5518 gladios
875 5446 1163 5500 rebellium
1200 5447 1252 5499 itt
1300 5465 1358 5502 se
1403 5460 1626 5505 acuunt.
1686 5451 1928 5509 Primum

355 5553 444 5596 est
479 5543 552 5595 ibi
592 5539 789 5595 resolvi
821 5539 874 5593 in
907 5540 1187 5595 lenitatem
1215 5541 1512 5605 flaccidam,
1563 5545 1654 5598 ubi
1709 5560 1931 5605 austera

357 5637 654 5692 severitate
677 5649 816 5704 opus
847 5633 1058 5698 fuerat;
1108 5636 1430 5698 secundum,
1480 5638 1532 5691 in
1590 5643 1929 5697 contrarium

359 5739 669 5782 extremum
691 5717 958 5795 peccans,
991 5726 1064 5779 ibi
1095 5742 1153 5780 se
1183 5726 1422 5780 ferocem
1473 5740 1524 5783 et
1575 5731 1928 5801 implacidam

610 5829 880 5886 Ριτιιοι..
923 5825 1035 5884 GK.
1082 5827 1180 5884 CX
1195 5827 1322 5885 [ιιι

2028 3241 2111 3294 tii.
2143 3239 2327 3294 lledilt
2361 3250 2597 3296 onustus
2637 3241 2819 3310 opima
2853 3241 3035 3310 pra-da
3067 3243 3348 3297 solitarius
3393 3258 3592 3296 avarus

2027 3330 2083 3383 in
2123 3346 2282 3384 suum
2320 3332 2621 3396 rusculum,
2655 3343 2711 3387 et
2776 3347 2969 3403 magno
3017 3332 3193 3388 fructu
3241 3349 3298 3388 se
3338 3351 3594 3403 peccasse

2026 3432 2219 3480 contra
2268 3425 2666 3492 professionem
2725 3442 2878 3481 suam
2921 3427 2974 3480 in
3023 3429 3147 3480 sinu
3193 3429 3591 3498 gratulabatur.

2029 3518 2200 3571 Breve
2223 3517 2482 3587 gaudium
2508 3517 2560 3571 id
2613 3517 2736 3570 fuit.
2798 3517 3183 3580 Latrunculus,
3235 3535 3293 3573 re
3352 3519 3593 3588 cognita.

2027 3626 2214 3664 senem
2252 3611 2409 3663 adit:
2438 3620 2627 3664 narrat
2659 3610 2864 3664 fessum
2900 3627 2957 3664 se
2999 3610 3186 3664 mttndi
3233 3611 3592 3673 tumultuum,

2026 3704 2302 3772 appulisse
2331 3703 2576 3757 animum
2602 3702 2667 3756 ad
2699 3703 3031 3757 desiderium
3069 3703 3194 3756 vitae
3245 3705 3552 3772 tranquillae
3579 3713 3594 3766 ;‘

2029 3807 2193 3863 atque
2223 3793 2363 3848 adeo
2423 3796 2562 3863 ipso,
2615 3795 2661 3848 si
2691 3793 3032 3865 dignaretur,
3084 3796 3346 3864 magistro
3391 3808 3596 3866 cupere"

2030 3899 2236 3956 ponere
2276 3887 2593 3941 tirocinium
2626 3888 2919 3942 sanctioris
2942 3887 3248 3958 disciplinae
3285 3906 3297 3941 :
3326 3888 3406 3942 sic
3426 3890 3594 3952 enim,

2029 3979 2396 4032 consideratis
2429 3979 2872 4048 comparatisque
2903 3979 3110 4042 multis,
3143 3975 3557 4043 statuissefhau
3584 3984 3598 4032 ι

2030 4089 2087 4127 se
2118 4086 2278 4142 posse
2312 4071 2443 4125 alibi
2480 4073 2727 4142 reperire
2760 4071 3058 4141 perfectius
3086 4071 3368 4142 exemplar
3425 4075 3600 4126 virtu-

2033 4178 2143 4221 tum
2173 4169 2538 4235 egregiarum,
2573 4167 2772 4236 cuique
2813 4165 3077 4220 intuendo
3130 4167 3600 4236 exprimendoqu'e

2032 4260 2342 4313 imitatione
2378 4259 2568 4313 utilius
2595 4258 2924 4312 attenderet.
2979 4257 3121 4323 Quid
3167 4259 3378 4312 multa?
3405 4260 3604 4312 admit-

2033 4352 2207 4414 titur;
2243 4350 2467 4403 simulat
2498 4351 2763 4409 studium,
2797 4350 2956 4404 fidem
2989 4349 3116 4402 facit
3148 4350 3381 4405 sincera:
3411 4353 3605 4406 volun-

2039 4447 2185 4506 tatis,
2215 4458 2278 4497 ac
2318 4443 2504 4514 paucis
2527 4443 2725 4496 diebus
2749 4441 3063 4496 facultatem
3096 4451 3291 4497 nactus
3314 4461 3476 4514 quam
3504 4463 3602 4502 vo-

2035 4534 2203 4596 lebat,
2233 4543 2524 4587 convasata
2564 4534 2710 4586 senis
2749 4533 3091 4600 supellectile
3120 4541 3342 4588 strenue
3373 4535 3600 4605 aufugit,

2036 4630 2181 4683 lctus
2204 4629 2404 4681 damno
2431 4626 2712 4680 solitarius
2751 4626 2841 4679 dat
2898 4641 2957 4679 se
3007 4625 3059 4679 in
3116 4628 3262 4680 viain
3319 4637 3378 4682 ut
3431 4628 3606 4681 furem

2034 4727 2322 4790 qurcrcret.
2356 4718 2596 4787 Apparet
2625 4718 2775 4770 cunti
2823 4720 3061 4788 primum
3093 4734 3278 4780 omen,
3314 4721 3605 4772 commissa

2037 4815 2090 4866 in
2120 4829 2249 4882 agro
2279 4827 2456 4882 pugna
2485 4813 2716 4864 arietum
2747 4811 3006 4872 duorum,
3049 4821 3238 4879 magna
3267 4811 3362 4876 ira,
3390 4813 3608 4880 lateque

2038 4905 2330 4958 resonante
2364 4905 2680 4958 collisarnm
2745 4904 2929 4956 sonitu
2979 4903 3264 4969 frontium,
3323 4904 3608 4960 incursan-

2035 4998 2172 5050 tium
2211 4995 2470 5048 invicem.
2510 4995 2830 5063 V’ulpecula,
2861 5009 2996 5046 sono
3023 4995 3222 5056 excita,
3274 4996 3494 5064 utrique
3529 4999 3611 5052 ἰτέ-

2035 5090 2248 5142 sidians
2274 5090 2538 5149 accurrit,
2576 5099 2630 5142 et
2658 5087 2785 5139 dum
2831 5097 3086 5141 eventum
3135 5099 3443 5152 exspectat,
3480 5092 3607 5155 siti,

2037 5189 2097 5234 ut
2129 5181 2389 5248 sperabat
2431 5182 2676 5233 futurum
2710 5181 2920 5242 utilem,
2959 5181 3093 5233 tanti
3126 5182 3464 5244 certaminis,
3527 5185 3613 5235 iu-

2038 5275 2196 5338 terim
2245 5273 2465 5342 sanguis
2500 5272 2647 5342 large
2702 5272 2877 5326 fluens
2921 5287 2951 5326 e
2999 5275 3314 5329 vulneribus
3367 5291 3612 5344 pugnan-
3685 5319 3688 5321 .

2039 5367 2171 5420 tium
2221 5365 2295 5432 illi
2347 5366 2571 5418 salivam
2639 5365 2843 5430 motit;
2905 5379 3074 5432 quare
3121 5366 3389 5420 accedens
3445 5376 3614 5435 cceptt

2035 5459 2268 5526 lingere,
2304 5447 2690 5522 auspicarique
2721 5457 2872 5521 quasi
2907 5456 3300 5524 promulside-tn
3334 5457 3613 5514 uberioris

2035 5565 2160 5603 mox
2199 5548 2478 5601 aflluxurtc
2538 5561 2729 5601 eorum.
2795 5545 2996 5600 Verum
3066 5546 3144 5600 illi
3189 5562 3313 5602 caro
3363 5551 3613 5604 constitit

2037 5661 2134 5699 sua
2167 5643 2441 5714 cupiditas
2479 5659 2491 5698 :
2525 5657 2645 5693 nam
2679 5644 2783 5693 acti
2843 5641 3003 5695 furiis
3040 5641 3130 5693 ira:
3165 5645 3609 5703 recrudescentis

2035 5737 2198 5792 ambo
2227 5737 2429 5802 tumuli,
2462 5737 2596 5790 dum
2626 5737 2807 5794 infesti
2837 5754 2894 5793 se
2922 5747 3112 5790 mutue
3162 5737 3450 5807 impetunt,
3494 5743 3610 5798 vel.

3141 5832 3210 5892 40
