4016 6546
447 333 583 398 1259

1873 322 2284 383 ΑΡΡΕΝῡίΧ.

3554 319 3689 385 1260

437 472 560 528 pem
615 452 759 508 forte
807 453 1181 506 incurrentem
1231 445 1466 504 mediam
1526 442 2015 502 vehementissim
2045 450 2091 505 Α
2120 442 2228 494 vita
2270 439 2550 510 indignum
2578 439 2870 509 profitetur
2892 438 3151 496 obnoxie.
3212 437 3420 494 Tundit
3443 439 3512 494 ad
3567 440 3682 497 haec

432 545 677 614 capitum
706 543 866 599 allisu
895 541 1303 596 contriverunt.

507 634 648 690 )lIIl.
705 636 946 702 Pergens
1006 641 1189 686 asceta
1264 637 1444 697 empto
1506 625 1742 689 itinere,
1793 637 2022 692 vespere

439 729 636 786 incidit
691 733 746 783 in
803 725 1103 781 coriarium
1137 722 1271 777 satis
1312 723 1610 775 humanum
1639 759 1654 783 ,
1688 716 1780 788 qui
1818 715 2024 770 reveri-

441 836 528 880 tus
583 821 892 890 hospitem,
939 815 1168 871 deduxit
1237 813 1462 867 domum
1526 808 1791 876 uxorique
1868 819 2020 859 com-

439 914 744 976 mendavit,
797 923 1068 965 excusans
1113 921 1172 962 se
1215 903 1522 960 condixisse
1571 902 1747 955 amico
1793 896 1859 950 ad
1906 909 2020 950 cte-

440 1025 588 1062 nam.
620 1006 869 1061 Habebat
891 1012 1188 1059 amatorem
1213 999 1414 1068 conjux
1441 995 1683 1060 coriarii,
1713 1001 1770 1047 et
1825 1003 2023 1059 seque-

443 1109 557 1155 stra
587 1096 843 1168 ﬂagitiosi
859 1092 1173 1151 commercii
1210 1090 1384 1145 vicina
1419 1087 1698 1147 utebatur,
1732 1098 1898 1136 uxore
1925 1095 2020 1134 ar»

445 1191 604 1245 tificis
635 1189 1000 1244 umbellarum
1024 1204 1038 1252 ;
1067 1185 1156 1240 cui
1185 1194 1312 1238 tunc
1340 1181 1392 1235 itt
1415 1193 1630 1244 aurem,
1682 1189 1875 1230 secura
1921 1172 2020 1226 lto-

446 1283 623 1351 spitis,
649 1280 843 1343 Curre,
862 1279 959 1342 ait,
979 1279 1154 1332 amico
1186 1277 1375 1328 nuntia
1407 1279 1623 1339 tempus
1644 1283 1764 1322 csse
1791 1264 2019 1320 venien-

445 1376 498 1428 di
533 1390 655 1428 cum
690 1375 772 1426 vir
803 1372 982 1426 abest.
1016 1368 1197 1424 Fluxit
1245 1365 1372 1420 inde
1414 1373 1498 1418 sat
1545 1360 1776 1414 multum
1829 1355 2016 1427 spatii,

445 1474 718 1529 morante,
754 1463 940 1517 nescio
988 1475 1148 1528 quam
1193 1457 1265 1511 ob
1317 1469 1559 1515 causam,
1600 1451 1850 1505 adultero
1881 1464 1896 1503 :
1927 1445 2019 1516 qui

445 1555 538 1608 ubi
569 1555 786 1608 tandem
819 1554 884 1605 ad
910 1550 1052 1603 fores
1100 1548 1294 1611 astitit,
1341 1560 1470 1600 ecce
1505 1544 1613 1613 jam
1647 1540 1817 1595 redux
1848 1538 2020 1591 coria-

445 1649 563 1702 rius
587 1648 807 1702 domum
844 1644 1104 1700 intrabat.
1140 1641 1364 1695 Multum
1398 1641 1444 1692 is
1476 1637 1590 1691 vini
1619 1651 1772 1691 coena
1805 1633 1894 1685 illa
1929 1645 2021 1685 ex-

446 1742 731 1804 hauserat,
785 1753 886 1792 nec
934 1734 1219 1790 constabat
1274 1733 1432 1802 plane
1488 1727 1788 1792 sensibus;
1834 1733 2016 1778 tamen

2124 542 2338 602 pectus,
2379 534 2432 585 in
2465 548 2640 601 genua
2673 531 2932 601 procidit,
2961 534 3176 586 veniam
3206 541 3378 602 rogat,
3419 542 3687 587 attentum

2125 639 2369 680 amorem
2424 625 2945 694 venerationemque
2995 624 3303 694 pollicetur.

2200 713 2340 770 XIV.
2383 715 2534 770 Lena
2589 715 2807 769 Interim
2860 715 3057 770 misera
3108 715 3494 779 dormientem,
3533 726 3692 769 nocte

2127 808 2315 877 utique
2349 807 2638 871 concubia,
2673 806 2822 861 domi
2858 807 3035 861 virum
3073 817 3251 870 nacta,
3287 807 3564 862 assidebat
3598 823 3692 876 ge-

2125 914 2281 954 mens
2304 899 2540 969 jacentis
2568 897 2732 960 lecto,
2780 898 3009 953 sollicita
3037 913 3200 966 quam
3233 913 3452 952 causam
3493 898 3694 966 allega-

2129 999 2210 1046 ret
2238 990 2686 1060 deprehendendi
2717 1005 2840 1044 mox
2879 991 3144 1044 vulneris.
3178 991 3314 1045 Dum
3351 992 3522 1044 multa
3559 990 3696 1043 deli-

2124 1083 2300 1144 berat,
2335 1091 2392 1138 et
2423 1083 2559 1136 nihil
2603 1083 2850 1151 expedit,
2889 1083 3044 1152 signo
3080 1083 3389 1138 admonitus
3439 1081 3692 1135 familiari

2124 1172 2355 1228 secundi
2409 1173 2671 1243 gallicinii
2703 1173 3078 1236 umbellarius.
3129 1183 3296 1228 strato
3330 1191 3386 1229 se
3423 1175 3692 1244 proripit,

2124 1281 2186 1318 ac
2211 1266 2352 1319 inter
2375 1263 2671 1320 sumendas
2699 1271 2877 1320 vestes
2899 1264 2968 1320 de
2995 1281 3146 1320 more
3174 1282 3398 1320 uxorem
3427 1268 3692 1324 excitans,

2123 1355 2294 1422 Cedo,
2345 1355 2543 1424 inquit,
2579 1355 2647 1410 da
2681 1355 2734 1410 in
2767 1372 2961 1411 manus
2991 1359 3396 1426 quamprimum
3437 1358 3492 1411 in
3528 1356 3691 1410 oilici-

2124 1464 2248 1504 nam
2298 1447 2364 1501 ad
2402 1463 2541 1516 opus
2591 1446 2910 1516 profecturo
2962 1448 3324 1502 instrumenta
3360 1448 3569 1502 laboris
3602 1464 3694 1501 tto-

2099 1541 2243 1606 Istri.
2300 1540 2544 1596 Utuntur
2606 1538 3060 1594 umbraculorum
3098 1555 3129 1594 e
3174 1539 3409 1608 pellibus
3457 1551 3690 1596 sutores.

2121 1642 2319 1703 praeter
2352 1648 2485 1688 acus
2511 1642 2565 1686 et
2595 1631 2814 1687 forfices
2845 1631 3171 1701 similiaque,
3205 1631 3358 1686 brevi
3392 1633 3692 1701 praesertim

2123 1725 2217 1780 sed
2249 1725 2360 1787 lato
2407 1723 2609 1787 cultro,
2645 1723 2995 1778 semilunaris
3021 1723 3228 1786 formas,
3256 1738 3379 1777 cum
3407 1723 3693 1776 manubrio

445 1827 538 1880 tali
569 1827 692 1878 loco
719 1797 778 1878 et
813 1835 1056 1891 tempore
1087 1797 1290 1888 compti
1318 1816 1538 1888 juvenis
1561 1828 1820 1870 occursus
1869 1809 2014 1864 haud
2050 1797 2091 1854 Β
2123 1831 2154 1870 a
2189 1825 2364 1884 tergo,
2394 1815 2636 1870 rotundo
2660 1829 2762 1870 nec
2793 1815 2978 1884 longo,
3012 1828 3122 1884 quo
3156 1823 3378 1883 arrepto
3409 1815 3582 1883 pelles
3609 1829 3698 1868 su-

445 1927 649 1972 temere
689 1915 1055 1984 suspicionem
1097 1911 1287 1966 movit.
1341 1907 1691 1978 Temperavit
1737 1902 2018 1960 nihilomi-

444 2024 550 2066 nus
588 2010 733 2062 facto
787 2007 1005 2065 dictove
1051 2004 1315 2073 graviori,
1360 2011 1416 2055 et
1455 2000 1608 2054 illum
1645 1996 1810 2052 modo
1863 2003 2018 2049 torve

445 2098 700 2160 intuitus,
736 2096 882 2151 aedes
930 2094 1101 2154 subit,
1144 2103 1370 2162 portans
1419 2090 1567 2144 intus
1620 2103 1746 2142 acre
1776 2085 2018 2157 jurgiutn

443 2191 510 2245 ad
541 2203 764 2244 uxorem
784 2204 798 2252 ;
817 2202 1004 2257 quam,
1031 2194 1091 2238 ut
1119 2186 1354 2254 primum
1386 2182 1664 2252 apparuit,
1693 2178 1865 2249 plagis
1890 2191 2020 2230 con-

446 2296 623 2338 tusam
644 2282 710 2336 ad
736 2281 862 2336 lecti
882 2280 1117 2333 fulcrum
1142 2277 1326 2346 alligat
1345 2293 1359 2339 ;
1376 2290 1440 2328 ac
1480 2281 1724 2342 repente.
1744 2271 1888 2340 quod
1917 2269 2020 2324 dn-

446 2377 576 2429 dum
623 2376 884 2445 poscebat
943 2385 1226 2442 gravatum
1287 2383 1441 2422 mero
1479 2375 1664 2435 caput,
1715 2379 1909 2419 somno
1961 2377 2020 2416 se

447 2467 636 2523 tradit.
685 2466 964 2520 Stertente
996 2465 1107 2533 jam
1140 2461 1282 2526 viro,
1341 2469 1499 2514 vocat
1549 2472 1780 2514 susurro
1827 2455 2022 2509 mulier

449 2576 618 2632 prope
648 2563 904 2616 latentem
923 2559 1135 2621 lenam;
1158 2565 1234 2621 et,
1253 2552 1483 2617 Amabo,
1508 2553 1708 2622 inquit,
1732 2551 1882 2604 solve
1905 2557 2023 2601 tan-

450 2649 621 2722 tisper
651 2667 760 2716 me,
804 2660 968 2718 teque
1014 2646 1273 2702 vicariam
1319 2645 1386 2700 ad
1435 2645 1599 2699 breve
1646 2641 1884 2713 spatium
1937 2639 2023 2693 Itis

447 2743 735 2800 commoda
787 2740 1044 2794 vinculis.
1099 2738 1423 2792 Admonebo
1466 2751 1497 2791 e
1549 2735 1790 2790 fenestra
1828 2731 2023 2802 paucis

449 2836 635 2890 verbis
681 2833 972 2897 amasium,
1021 2839 1173 2884 extra
1212 2839 1271 2883 ut
1311 2837 1427 2884 tute
1481 2826 1736 2880 indicasti
1797 2834 2025 2894 praesto-

449 2927 675 2988 lantem,
711 2939 811 2976 nos
869 2923 958 2975 hic
986 2921 1106 2992 ejus
1156 2935 1320 2974 causa
1366 2918 1573 2982 vexari,
1614 2914 2022 2986 quamprimum

451 3018 521 3071 ab
549 3026 606 3070 at
638 3024 693 3069 et
721 3014 1069 3084 suspiciones
1099 3013 1256 3077 vitet,
1286 3025 1522 3080 moxque
1569 3010 1678 3063 huc
1730 3022 1815 3061 me
1845 3006 2020 3076 ligan-

452 3111 577 3164 dam
627 3108 824 3161 iterum
877 3104 1124 3160 reddam.
1168 3103 1401 3157 Necesse
1432 3111 1617 3156 autem
1665 3109 1750 3154 cst
1786 3098 1878 3152 hic
1916 3096 2021 3150 mei

453 3201 571 3256 loco
603 3206 848 3268 perstare
903 3204 979 3259 te,
1034 3210 1103 3249 ne
1137 3195 1264 3260 ille,
1327 3196 1468 3247 forte
1524 3190 1813 3261 evigilans,
1857 3199 1914 3242 et
1941 3188 2081 3250 [ιι-ξ

453 3292 595 3361 gisse
630 3305 717 3342 me
747 3289 1011 3352 sentiens,
1042 3297 1298 3354 erumpat
1331 3285 1384 3338 in
1420 3284 1613 3338 furias.
1657 3283 1896 3342 Dictum,
1949 3279 2028 3332 fa-

453 3395 628 3437 ctum.
660 3381 729 3434 At
761 3396 892 3434 ecce
924 3380 1053 3431 dum
1078 3388 1318 3431 moratur
1341 3376 1611 3439 adultera,
1631 3373 1902 3428 coriarius
1929 3388 2026 3425 ex-

457 3470 807 3538 pergiscitur,
885 3481 1112 3519 uxorem
1173 3473 1350 3518 vocat.
1418 3463 1561 3516 Lena
1619 3478 1687 3516 ne
1745 3475 1874 3514 voce
1926 3459 2026 3513 de-

457 3557 851 3626 prehendatur.
880 3554 1042 3618 silet;
1072 3554 1290 3618 iterum,
1317 3553 1501 3617 tertio,
1531 3549 1860 3606 contentiori
1887 3564 2030 3604 sem-

455 3664 554 3716 per
587 3664 724 3702 sano
758 3662 956 3700 nomen
999 3646 1278 3698 inclamat.
1319 3644 1498 3698 Surdo
1538 3644 1776 3698 canitur.
1813 3642 1892 3696 Ad
1928 3657 2028 3694 cx-

458 3752 696 3796 tremuttt
733 3739 1065 3793 vociferatur
1095 3737 1500 3791 excandescens
1526 3753 1540 3789 :
1570 3736 1702 3800 Quae
1735 3734 1870 3797 hazc,
1908 3749 2027 3786 nta-

455 3833 599 3886 luml
644 3829 1033 3885 contumacia?
1067 3828 1341 3897 simulque
1376 3837 1598 3898 arrepto
1640 3843 1738 3896 per
1772 3831 2030 3882 tenebras

456 3926 702 3992 cultello,
722 3923 990 3994 negantis,
1017 3931 1076 3976 ut
1098 3922 1349 3991 putabat,
1377 3919 1776 3974 contumeliose
1800 3934 2029 3986 respuu-

455 4033 577 4071 sum
616 4017 805 4072 uxoris
838 4030 1030 4068 nasum
1067 4013 1371 4076 abscindit;
1410 4027 1714 4081 rursusque
1788 4027 2028 4081 praegra-

457 4121 616 4164 vante
652 4107 874 4177 crapula
911 4121 1163 4175 soporem
1206 4105 1427 4173 repetit.
1471 4104 1633 4157 Redit
1674 4119 1832 4165 uxor,
1867 4103 2027 4154 adul-

459 4215 579 4258 tero
610 4202 863 4261 dimisso,
898 4199 1271 4270 ejulatumque
1309 4211 1506 4265 magno
1540 4204 1737 4249 conatu
1773 4210 2029 4263 premen-

456 4298 528 4350 tis
584 4296 927 4348 lcntctocum
986 4299 1041 4344 ct
1097 4289 1310 4341 vincula
1343 4291 1590 4354 resumit,
1664 4288 1776 4356 ipsa
1807 4286 2031 4340 domum

457 4403 581 4442 cum
617 4397 749 4438 naso
779 4384 831 4435 in
870 4397 1030 4435 manu
1063 4379 1311 4434 remissa.
1344 4379 1418 4432 Ea
1448 4377 1688 4450 digressa
1720 4377 1912 4446 incipit
1938 4391 2032 4429 va-

2126 1926 2224 1980 per
2253 1910 2492 1964 tabulam
2537 1919 2791 1963 extensas
2821 1907 3217 1972 incumbendo,
3244 1917 3301 1961 et
3331 1908 3696 1962 semiorbieu-

2125 2004 2294 2057 larem
2325 2001 2486 2058 cultri
2517 2001 2780 2056 ambitum
2816 1999 3084 2070 gyrando,
3113 2008 3337 2062 secant;
3371 1999 3694 2052 novaculam

2127 2093 2420 2149 coriariam
2449 2091 2682 2146 dixeris.
2711 2091 2864 2146 lianc
2880 2105 3046 2144 unam
3068 2105 3136 2145 ex
3159 2089 3434 2154 omnibus,
3461 2105 3696 2158 poscen-

2129 2187 2167 2240 ti
2199 2187 2334 2241 artia
2364 2199 2566 2256 organa
2621 2184 2845 2248 marito,
2890 2184 3130 2252 perrexit
3165 2182 3222 2238 in
3267 2182 3515 2238 tenebris
3565 2196 3699 2236 uxor

2125 2275 2448 2342 obtrudere,
2479 2274 2789 2343 excipiente
2823 2284 3016 2328 contra
3049 2274 3164 2338 illo,
3195 2273 3273 2328 Da
3304 2280 3502 2328 cuncta
3534 2271 3698 2327 simul

2130 2367 2184 2423 in
2224 2381 2389 2423 unam
2423 2366 2654 2422 collecta
2686 2367 2905 2429 cistam,
2953 2380 3064 2420 non
3110 2364 3216 2420 hoc
3269 2365 3696 2420 instrumentum

2127 2461 2306 2516 solum
2350 2468 2501 2529 peto.
2536 2457 2674 2513 Cum
2703 2465 2886 2512 autem
2924 2458 3014 2512 illa
3064 2457 3242 2512 nihilo
3300 2455 3482 2512 secius
3536 2456 3699 2509 tertio

2128 2563 2433 2623 quartoque
2483 2551 2722 2606 cultrum
2777 2549 3214 2604 semirotundum
3263 2557 3567 2618 oggereret,
3609 2546 3700 2600 ille

2131 2645 2335 2712 impetu
2367 2657 2609 2711 praeceps
2660 2641 2756 2696 ira:
2797 2642 3031 2695 furentis
3064 2660 3077 2695 :
3115 2641 3196 2694 Dii
3228 2650 3281 2695 te
3309 2641 3542 2710 perdant
3579 2655 3700 2708 per-

2131 2735 2405 2789 ducantve
2444 2734 2498 2788 in
2527 2735 2724 2787 malam
2759 2750 2872 2787 rem
2905 2749 3030 2788 cum
3069 2743 3162 2788 tua
3202 2733 3376 2788 istltac
3409 2731 3696 2791 novacula,

2130 2842 2294 2895 quam
2331 2825 2385 2880 in
2435 2833 2600 2894 caput
2639 2825 2759 2890 tibi,
2797 2833 2855 2878 ut
2887 2825 3050 2894 digna
3079 2840 3158 2889 es,
3201 2824 3442 2889 remitto,
3479 2823 3698 2892 quando

2131 2919 2294 2972 istum
2328 2918 2504 2985 placet
2525 2916 2664 2986 ejus,
2695 2925 2951 2986 tanquam
2983 2917 3125 2985 pilas,
3154 2917 3220 2970 ad
3250 2932 3336 2969 tne
3362 2931 3536 2983 usque
3566 2916 3695 2968 niis-

2130 3009 2387 3074 sitandaz,
2420 3008 2611 3062 ludum
2647 3006 2942 3061 ridiculum
2983 3006 3194 3060 ludere.
3237 3004 3334 3058 llic
3364 3014 3584 3072 arrepto
3633 3007 3695 3056 ad

2130 3111 2319 3155 votum
2359 3110 2605 3169 tempore
2651 3099 2848 3152 mulier
2911 3099 3233 3153 acutissime
3313 3097 3692 3151 vociferatur:

2131 3191 2244 3245 llcu
2275 3193 2474 3246 nasusl
2509 3191 2614 3245 heu
2646 3191 2838 3244 nasusl
2875 3190 3062 3245 Excita
3089 3189 3270 3244 sonitu
3302 3189 3544 3246 accurrit
3574 3189 3704 3242 vici-

2130 3284 2218 3337 nia
2245 3299 2370 3338 cum
2402 3283 2636 3347 facibus,
2661 3283 2849 3337 vident
2878 3298 3068 3336 nasum
3102 3283 3352 3338 mulieris
3380 3298 3410 3337 a
3444 3283 3588 3338 (acie
3615 3299 3697 3334 re-

2129 3376 2302 3428 cisum
2330 3393 2343 3428 :
2377 3375 2576 3428 tollunt
2600 3375 2876 3443 jacentcm
2905 3375 3146 3427 cultrum
3176 3385 3484 3437 auctorem,
3515 3384 3575 3426 ut
3607 3390 3700 3443 pu-

2133 3466 2608 3531 tabant,vulueris.
2627 3465 2941 3520 Accersitus
2959 3465 3135 3519 a:dilis
3149 3481 3272 3520 cum
3296 3465 3606 3526 lictoribus,
3625 3466 3699 3517 vi-

2131 3575 2250 3612 rutn
2270 3558 2470 3614 frustra
2487 3569 2799 3613 causantem
2821 3557 3075 3613 tenebras
3088 3567 3142 3611 et
3159 3573 3423 3620 errorem,
3443 3567 3700 3626 tanquam

2131 3650 2386 3704 immanis
2406 3649 2737 3704 carnificina:
2755 3658 3099 3718 compertum
3127 3649 3349 3718 abripit,
3375 3649 3494 3716 lege
3517 3649 3702 3716 utique

2133 3741 2497 3808 plectendum.
2523 3739 2837 3796 Crebrescit
2867 3740 3134 3794 tumultus
3163 3747 3276 3792 toto
3309 3742 3461 3804 vico;
3491 3740 3704 3807 inquie—

2134 3842 2279 3888 tatur
2306 3833 2386 3886 vel
2415 3831 2645 3886 maxime
2670 3832 2888 3886 coriarii
2913 3831 3146 3897 domus;
3177 3832 3339 3902 hujus
3380 3848 3550 3886 uxore
3595 3848 3700 3902 quo

2130 3941 2290 3978 suum
2345 3924 2514 3990 magis
2542 3922 2782 3977 dedecus
2813 3930 3042 3992 tegeret,
3081 3923 3341 3977 admirari
3377 3938 3435 3977 se
3466 3923 3647 3978 matria
3672 3941 3702 3977 e

2133 4019 2509 4088 indignarith
2535 4019 2847 4073 simulantc.
2868 4018 2937 4072 At
2966 4033 3153 4073 secum
3182 4019 3464 4073 solitarius
3491 4039 3502 4073 :
3533 4020 3701 4081 Itane,

2132 4111 2330 4180 inquit,
2365 4111 2417 4164 in
2465 4110 2696 4179 singulis
2744 4109 2999 4178 hospitiis
3043 4110 3332 4180 tragmdias
3386 4111 3699 4166 inveniantl

2134 4205 2358 4258 Praestat
2389 4203 2614 4255 domum
2641 4202 2868 4266 reverti,
2895 4203 3304 4271 desperarequc
3333 4205 3704 4273 recuperatio-
3755 4271 3761 4277 ι

2134 4311 2257 4349 nem
2287 4294 2589 4348 ablatarum
2616 4293 2761 4346 ftttto
2783 4294 3037 4348 vestium.
3065 4293 3171 4348 Sed
3197 4294 3352 4362 prius
3375 4294 3556 4348 obiter
3577 4310 3704 4348 con-

2136 4387 2323 4439 venire
2345 4400 2527 4453 regem
2550 4384 2748 4452 placet,
2766 4392 2824 4436 ut
2842 4398 2968 4438 eum
2995 4398 3127 4436 mea:
3148 4383 3488 4452 poenitentia:
3507 4393 3700 4437 testem

459 4479 538 4532 fra
573 4476 770 4530 mulier
807 4473 954 4526 clara
989 4486 1123 4524 voce
1164 4471 1420 4524 invocare
1451 4469 1584 4522 deos
1618 4483 1830 4532 omnes,
1869 4476 2025 4521 testes

2139 4478 2454 4530 adhibeam.
2488 4475 2567 4528 Ad
2613 4475 2793 4528 aulam
2819 4475 3091 4544 pervenit,
3125 4475 3456 4536 admittitur,
3507 4474 3702 4528 affatur

453 4567 790 4624 flinocentiae
835 4561 1046 4617 scilicet
1079 4577 1210 4623 suat,
1246 4575 1310 4614 ac
1342 4560 1409 4613 tle
1440 4559 1712 4613 industria
1741 4573 1878 4612 sono
1909 4567 2028 4609 tan-

464 4672 519 4715 to
573 4659 664 4728 qui
703 4664 888 4725 posset
923 4652 1164 4720 sopitum
1200 4651 1462 4714 excitare,
1495 4650 1802 4704 vetularttm
1840 4664 2030 4717 supcr-

461 4749 781 4804 stitiouibus
811 4746 964 4798 tritas
988 4743 1251 4797 formulas
1269 4743 1387 4796 sine
1415 4743 1520 4796 fine
1551 4742 1798 4812 replicat.
1823 4741 2030 4794 Excus-

459 4858 521 4896 so
543 4842 692 4894 hisce
716 4837 1052 4893 clamoribus
1073 4851 1267 4891 somno
1291 4836 1600 4904 indignatus
1625 4834 1707 4885 vir
1735 4851 1748 4885 :
1774 4832 1890 4886 Νυιι
1915 4845 2031 4884 ces-

461 4930 632 4992 sal-is,
669 4928 869 4997 inquit,
908 4927 1234 4996 obstrepere
1266 4927 1350 4980 vel
1383 4925 1523 4977 tnalo
1552 4923 1757 4976 domita
1787 4922 2029 4974 trivene-

461 5019 593 5072 fica?
612 5019 664 5072 SI
687 5017 890 5087 pergis,
916 5026 1038 5086 post
1062 5031 1252 5070 nasum
1276 5015 1515 5084 linguam
1540 5013 1876 5067 exscindam.
1907 5013 2028 5066 Non

460 5111 612 5181 prius
641 5110 886 5178 quidem,
912 5109 1091 5176 inquit
1111 5108 1393 5176 illa,quam
1412 5122 1479 5159 ex
1501 5107 1602 5159 ltac
1618 5105 1883 5169 audieris,
1917 5105 2028 5158 vir-

461 5211 630 5254 tutem
651 5213 824 5252 meam
845 5198 1053 5253 cuslesti
1080 5214 1202 5251 esse
1219 5198 1530 5251 testimonio
1551 5197 1836 5265 probatam
1863 5214 1879 5260 ;
1901 5211 2026 5249 nam

456 5290 664 5344 exorati
681 5288 842 5357 justis
863 5286 1001 5339 meis
1018 5286 1276 5354 precibus
1294 5284 1401 5347 dei,
1418 5299 1609 5337 nasum
1635 5282 1769 5335 ntilti
1797 5292 1898 5335 ate
1928 5282 2027 5334 iut—

462 5379 550 5450 pie
599 5388 911 5432 truncatum
955 5377 1341 5432 reddiderunt.
1397 5377 1691 5432 Perculsus
1724 5376 1871 5429 dicto
1946 5377 2027 5427 vir

461 5471 660 5540 raptim
693 5483 990 5539 exsurgens
1017 5469 1274 5538 lychnum
1304 5468 1578 5531 accendit,
1603 5476 1657 5520 et
1679 5482 1871 5519 nasum
1896 5482 2028 5518 uxo-

462 5563 557 5623 ris,
591 5564 745 5631 cujus
788 5560 998 5615 exsecti
1026 5574 1223 5613 cruore
1255 5574 1448 5613 manus
1475 5561 1656 5614 adhuc
1685 5560 1923 5614 habebat
1948 5561 2028 5612 in-

462 5654 651 5718 fectas,
689 5653 808 5707 sine
841 5651 1115 5707 cicatricis
1142 5653 1371 5722 vestigio
1399 5669 1592 5706 sanum
1659 5654 1872 5716 videns,
1903 5669 2026 5706 san-

461 5755 602 5801 ctam
628 5747 796 5804 ipsam
833 5754 888 5799 et
923 5744 1028 5798 diis
1058 5758 1159 5797 suo
1191 5745 1386 5796 merito
1415 5744 1658 5808 charaxat,
1693 5760 1749 5798 sc
1786 5761 1936 5798 reum
1974 5755 2026 5800 ct

2136 4570 2439 4640 principem
2472 4567 2558 4622 his
2593 4567 2777 4620 verbis
2810 4583 2823 4617 :
2862 4566 3113 4629 Peccavi,
3151 4566 3394 4622 domine.
3427 4583 3553 4621 cum
3588 4585 3704 4621 ere-

2136 4676 2283 4712 mum
2319 4660 2450 4714 urbe
2490 4659 2632 4728 regia
2666 4658 2909 4723 mutavi;
2948 4673 3073 4710 cum
3108 4658 3420 4714 eblanditus
3445 4668 3554 4714 ate
3589 4677 3705 4713 mu-

2135 4767 2287 4816 nera,
2325 4750 2503 4804 libens
2532 4749 2920 4819 gratulansqne
2957 4749 3178 4802 domum
3209 4751 3396 4814 retuli,
3439 4765 3549 4803 non
3581 4751 3702 4804 talia

2133 4837 2432 4908 pollicitus,
2457 4837 2679 4903 quando
2716 4837 2769 4889 in
2809 4837 2948 4890 hanc
2997 4848 3201 4890 srctam
3239 4854 3439 4892 nomen
3483 4839 3699 4892 dabam.

2134 4927 2242 4981 Sed
2279 4936 2563 4996 peccatum
2588 4925 2662 4978 lui
2688 4925 3097 4981 circumventus
3127 4927 3275 4980 furto
3304 4929 3608 4982 domestico
3633 4929 3701 4980 ab

2131 5019 2469 5073 cmentiente
2501 5018 2761 5083 ascesim,
2791 5017 2939 5072 sicut
2973 5032 3074 5086 ego
3111 5018 3276 5070 vitam
3312 5017 3548 5072 aulicam
3578 5032 3704 5070 cm.-

2135 5121 2212 5164 tra
2244 5109 2556 5163 institutum
2591 5105 2996 5163 aﬂ‘ectavcram.
3032 5107 3280 5174 Spoliato
3311 5117 3366 5162 et
3399 5109 3698 5178 requirenti

2135 5201 2491 5270 rapta,biduo
2514 5201 2748 5269 plurima
2765 5203 3116 5268 contigerunt
3145 5216 3266 5268 qua:
3306 5215 3390 5254 me
3417 5198 3699 5262 docerent,

2133 5292 2414 5361 invigilare
2447 5290 2652 5345 mundo
2680 5291 3102 5360 providentiam,
3132 5293 3182 5346 id
3207 5291 3402 5349 scdulo
3429 5301 3699 5361 agentem,

2135 5394 2192 5436 ut
2228 5384 2281 5436 in
2312 5383 2610 5452 perniciem
2639 5396 2924 5436 auctorum
2951 5399 3115 5453 prave
3148 5394 3268 5438 aeta
3298 5383 3569 5438 recidant.
3609 5384 3702 5436 ll.c

2134 5475 2244 5544 regi
2276 5476 2517 5527 narravit
2551 5491 2623 5543 qu
2641 5492 2671 5527 ε
2698 5475 2970 5530 hactenus
2998 5476 3143 5530 dicta
3168 5485 3316 5536 sunt,
3359 5476 3550 5546 sicque
3577 5491 3704 5527 cou-

2135 5567 2302 5641 tinao.
2323 5567 2585 5636 colligens
2636 5565 2824 5619 intulit
2854 5567 3063 5621 :Avida
3102 5567 3293 5636 vulpes
3342 5566 3583 5636 ingluvie
3607 5581 3700 5618 sua

2127 5657 2693 5726 periitucmulentum
2715 5665 2770 5710 et
2787 5658 2865 5710 ira
2893 5658 3224 5726 praecipitent
3243 5657 3537 5711 curiarium
3572 5671 3703 5708 suus

2135 5765 2293 5802 ert-or
2309 5740 2582 5812 ulttts'e‘st;
2606 5748 2726 5803 lena
2748 5752 2956 5820 proprii
2975 5750 3090 5805 nasi
3109 5751 3369 5816 iacturam
3388 5750 3704 5804 nundinan-
