4016 6532
320 385 448 449 Ῑὲῦι

1165 381 1540 440 ΞΡΕΟΕΜΕΝ
1586 381 2012 441 ΞΛΡΙΕΝΤΙίΕ
2061 382 2409 442 lNDOliUll
2459 387 2617 446 ΥΕΤ.

3412 376 3555 443 12ίᾶ

313 488 396 554 die
418 501 610 553 aliena:
639 497 914 569 pudicitia:
945 501 1181 569 pretium
1209 499 1368 564 tulit;
1404 499 1643 566 denique
1678 497 1890 550 umbel-
1920 500 1963 554 Α
1996 495 2107 550 Etsi
2139 509 2190 551 te
2221 502 2377 551 nobis
2415 501 2786 554 adversarium
2813 501 3035 561 scimus,
3069 510 3248 552 tamen
3276 500 3403 567 quia
3432 514 3554 567 pra.

313 591 494 645 larum
529 593 728 646 artifex
768 592 975 662 justum
1008 593 1108 646 sub
1133 592 1268 645 falso
1297 591 1529 645 crimine
1553 589 1881 660 supplicium

311 697 507 752 passus
535 691 619 737 est
661 683 732 736 ob
780 699 887 736 non
927 683 1256 752 prohibitam
1308 681 1581 736 lenocinio
1635 695 1880 735 uxorem.

311 772 451 826 Vere
485 772 561 827 ita
594 784 676 829 est
707 792 720 827 :
749 774 889 828 male
919 775 1166 829 consulta
1195 775 1250 828 in
1279 782 1444 842 caput
1495 772 1632 826 male
1682 786 1882 825 consu-

310 868 548 923 lentium
577 866 866 932 recidunt;
898 867 1128 936 quisque
1163 865 1361 919 damno
1389 880 1489 920 suo
1515 876 1734 934 peccat;
1766 879 1885 933 qua:

309 960 567 1022 facimus,
605 961 866 1029 patimur.
918 958 1114 1013 Refero
1164 973 1250 1012 me
1283 957 1338 1010 in
1373 972 1552 1011 meum
1601 955 1882 1024 angulum,

309 1051 444 1105 satis
471 1050 703 1105 edoctus
731 1047 818 1102 his
838 1047 1212 1105 successibus:
1247 1047 1340 1115 qui
1369 1046 1552 1115 cupiat
1608 1045 1792 1098 vivere
1829 1052 1885 1095 ut

311 1145 448 1205 vult,
472 1145 522 1198 ei
541 1143 841 1198 cavendum
861 1143 1006 1196 serio
1027 1157 1233 1196 essene
1263 1151 1383 1212 agat
1405 1140 1549 1210 quod
1577 1155 1683 1192 non
1700 1138 1882 1192 decet.

376 1232 498 1289 XV.
541 1233 635 1287 llis
664 1234 944 1302 expositis,
983 1233 1317 1286 concludens
1365 1243 1671 1283 sermonem
1709 1228 1881 1282 Coro—

308 1333 495 1387 natus,
524 1323 872 1377 familiariter
900 1336 1199 1376 conversus
1224 1321 1288 1374 ad
1321 1319 1736 1388 Vestigatorem,
1769 1318 1844 1370 ait
1871 1336 1882 1368 :

314 1413 450 1467 Vide
485 1424 605 1482 post
644 1412 759 1466 base
787 1412 1035 1479 exempla
1059 1409 1189 1480 quid
1214 1409 1281 1463 de
1307 1417 1357 1462 te
1375 1417 1598 1463 statuas.
1631 1407 1741 1477 Ego
1766 1407 1886 1474 qui-

315 1506 439 1558 dem
485 1505 624 1559 male
658 1513 865 1569 metuo,
900 1519 965 1556 ne
1002 1518 1124 1572 qua:
1154 1502 1208 1556 in
1245 1509 1462 1555 taurum
1501 1509 1551 1554 te
1585 1498 1883 1551 machinari

308 1596 608 1667 significas,
641 1596 736 1650 tibi
769 1595 1111 1664 potissimum
1179 1592 1278 1662 ipsi
1311 1600 1560 1645 noceant.
1592 1587 1672 1643 Illi
1703 1589 1884 1642 statim

314 1686 621 1758 Vestigator
648 1687 890 1755 reposuit
925 1703 937 1738 :
967 1685 1084 1739 Non
1109 1683 1298 1737 iverim
1327 1680 1565 1743 inficias,
1605 1695 1728 1734 vera
1766 1695 1885 1732 esse

309 1793 434 1846 qua:
467 1777 678 1843 dixisti;
717 1787 898 1831 tamen
933 1786 986 1830 et
1013 1790 1113 1844 ego
1164 1789 1352 1826 verum
1381 1772 1516 1826 illud
1546 1786 1874 1826 commemo-

315 1882 466 1922 rasse
494 1883 582 1922 me
627 1877 875 1926 autumo,
921 1867 1066 1933 quod
1105 1866 1303 1919 iterum
1343 1862 1571 1924 affirmo,
1611 1875 1751 1928 stepe
1784 1875 1851 1929 po

309 1957 580 2012 lentiores
613 1957 681 2012 ab
712 1957 1115 2011 infirmioribus
1164 1955 1328 2008 vinci.
1390 1957 1721 2024 Argutncnto
1771 1967 1884 2003 scr-

311 2063 448 2116 pens
474 2057 530 2102 et
553 2063 757 2118 cycnus
791 2047 898 2101 sint
922 2064 936 2110 ;
969 2062 1074 2100 non
1099 2048 1252 2115 longa
1275 2056 1357 2098 est
1381 2040 1788 2098 necincclebris
1810 2043 1884 2092 fa-

312 2139 464 2194 bula.
493 2139 728 2202 Corvus,
765 2139 1067 2208 inquilinus
1097 2145 1323 2190 vetusta:
1351 2135 1564 2190 arboris
1597 2135 1646 2186 in
1679 2142 1882 2193 monte,

309 2231 650 2285 luculentam
705 2230 1000 2299 quotannis
1057 2227 1311 2298 injuriam
1365 2226 1733 2297 patiebatura
1768 2240 1882 2278 scr-

309 2330 473 2388 pente
519 2321 572 2374 in
616 2336 750 2375 cavo
782 2321 1027 2390 ejusdem
1083 2319 1295 2373 arboris
1350 2329 1546 2374 trunco
1580 2317 1882 2370 nidulante.

308 2411 448 2465 Cum
479 2411 629 2466 enim
665 2425 816 2464 more
846 2412 1028 2464 avium
1059 2425 1255 2464 corvus
1286 2424 1414 2464 suos
1458 2423 1624 2462 verna
1685 2417 1888 2475 tempe-

307 2514 453 2558 state
481 2504 660 2573 pullos
687 2503 1016 2566 excluserat,
1040 2517 1134 2556 eos
1156 2502 1296 2555 clam
1320 2499 1590 2568 adrepens
1606 2497 1771 2552 draco
1795 2497 1889 2550 dr-

310 2593 562 2658 vorabat,
595 2602 813 2662 captato
867 2603 1046 2647 astute
1101 2603 1367 2660 tempore.
1408 2605 1515 2658 quo
1561 2588 1886 2643 necessariis

310 2681 420 2735 alio
449 2681 731 2750 digressus
751 2683 958 2745 causis,
985 2697 1014 2733 a
1039 2679 1168 2733 nido
1192 2693 1390 2733 corvus
1414 2677 1621 2732 aberat.
1651 2676 1763 2730 Hoc
1788 2675 1889 2728 ite-

315 2783 437 2823 rum
471 2778 528 2823 et
553 2769 716 2823 tertio
737 2769 1045 2838 saepiusque
1069 2768 1273 2822 factum
1297 2782 1517 2829 corvus,
1543 2775 1601 2820 ut
1625 2781 1720 2836 par
1744 2774 1883 2822 erat.

315 2860 607 2930 aegerrime
653 2858 859 2923 ferens,
901 2858 1114 2912 consilii
1172 2873 1334 2912 causa
1368 2857 1552 2911 tboem
1600 2857 1886 2925 quemdam

310 2963 525 3011 senem,
569 2951 757 3004 multa:
804 2949 1112 3020 prudentia:
1141 2949 1280 3002 fama
1315 2949 1603 3019 inclytum,
1640 2947 1796 3000 adiit.
1825 2947 1884 3001 Ei

314 3055 442 3095 cum
479 3042 824 3113 exposuisset
851 3057 974 3110 quae
1004 3056 1197 3111 passus
1225 3049 1362 3106 erat,
1395 3040 1739 3111 proponebat
1768 3055 1890 3108 quae

1990 587 2174 640 dantia
2206 597 2551 655 praestantem
2585 589 2834 644 eumdem
2868 600 2917 643 te
2955 590 3227 648 novimus,
3255 605 3364 642 non
3397 589 3559 644 dubi-

1990 684 2169 730 tamus
2196 691 2261 731 εχ
2293 687 2344 732 te
2389 693 2633 746 qumrere
2671 680 2981 743 consilium,
3009 680 3154 747 qttod
3208 689 3338 733 tunc
3389 681 3554 734 etiam

1989 769 2056 820 ab
2086 771 2242 822 hoste
2273 784 2380 821 non
2408 771 2572 822 stulte
2605 770 2832 839 petitur,
2865 771 3085 839 quando
3118 771 3171 823 in
3206 787 3264 823 re
3297 771 3559 825 utilitate-

1990 875 2095 924 quc.
2122 860 2400 914 communi
2433 861 2837 914 consulentium
2867 863 3069 930 pariter
3095 871 3147 914 et
3175 863 3411 917 consulti
3465 864 3559 916 des

1991 951 2244 1004 liberatio
2275 960 2546 1006 versatur.
2575 955 2705 1020 Age,
2741 954 2871 1022 quid
2901 971 3090 1008 censes
3113 956 3380 1024 optimum
3407 953 3556 1009 factu

1989 1055 2098 1102 quo
2135 1042 2288 1094 istam
2339 1042 2501 1096 nobis
2554 1043 2920 1097 communiter
2971 1045 3254 1098 exitiosam
3303 1046 3562 1100 omnibus

1992 1132 2321 1197 piscatorum
2375 1132 2841 1200 conspirationem
2887 1134 3211 1189 eludamus?
3262 1132 3556 1204 Equidem,

1963 1236 2197 1291 -,cyenus
2245 1224 2443 1291 ittquit,
2488 1233 2772 1292 postquam
2807 1225 2872 1276 ad
2904 1225 3082 1277 omnia
3111 1241 3195 1279 me
3226 1226 3386 1287 verti,
3424 1227 3558 1280 nihil

1991 1312 2354 1379 opportunius
2390 1313 2604 1381 reperio
2639 1329 2801 1381 quam
2837 1313 3024 1383 fugere
3059 1314 3315 1369 infestum
3353 1317 3556 1378 locum,

1991 1411 2043 1453 et
2079 1402 2313 1470 migrare
2359 1419 2452 1458 vos
2480 1420 2671 1458 omnes
2702 1423 2766 1458 ex
2805 1408 2907 1460 hoc
2944 1407 3064 1460 lacu
3104 1408 3156 1460 itt
3191 1409 3350 1462 aliam
3405 1409 3561 1479 igno-

1993 1501 2098 1544 tam
2148 1492 2460 1563 inviamque
2537 1497 2686 1550 hisce
2756 1498 3108 1565 praedonibus
3160 1500 3434 1568 paludem,
3471 1503 3562 1555 ubi

1991 1599 2114 1636 cum
2151 1588 2284 1638 satis
2313 1600 2466 1654 aqua:
2497 1587 2698 1647 subsit,
2731 1605 2796 1640 ne
2827 1590 2900 1642 illi
2931 1600 3292 1657 supernatent
3322 1593 3558 1662 piscato-

1993 1675 2087 1728 ria:
2139 1676 2365 1744 cymbae,
2414 1687 2689 1731 exstantes
2733 1681 3023 1748 prohibent
3071 1681 3391 1737 arundines.
3427 1681 3561 1737 Νυνὶ

1991 1766 2196 1827 locum.
2215 1775 2264 1820 et
2285 1783 2351 1820 co
2375 1769 2468 1836 qui
2497 1769 2679 1822 volent
2713 1781 2974 1831 vestrum,
3004 1789 3110 1824 non
3139 1783 3360 1842 gravate
3386 1785 3564 1827 trans-

1988 1856 2178 1910 feram.
2207 1857 2445 1912 Oramus
2483 1868 2554 1922 te,
2582 1861 2885 1913 acclatnant
2929 1877 3059 1916 voce
3101 1878 3205 1917 una
3243 1866 3422 1933 pisces
3450 1885 3565 1918 om-

1987 1963 2104 2013 nes,
2128 1949 2325 2004 exliibc
2368 1951 2512 2018 qttod
2557 1951 2744 2013 oﬂ‘ers,
2796 1969 3006 2021 nosque
3059 1955 3186 2009 hinc
3235 1973 3448 2011 amove.
3498 1960 3565 2014 Et

1990 2039 2078 2091 ille
2108 2059 2119 2092 :
2154 2040 2360 2094 Vereor
2392 2042 2612 2110 quidem
2638 2053 2695 2096 ιιι
2722 2061 2829 2096 non
2861 2061 3042 2106 serum
3077 2047 3339 2102 auxilium
3371 2053 3460 2111 sit,
3491 2052 3562 2104 ita

1989 2133 2245 2186 festinare
2276 2135 2572 2202 piscatores
2601 2137 2760 2190 video
2788 2155 2800 2190 :
2829 2147 3009 2191 tamen
3037 2153 3136 2208 pro
3164 2139 3307 2194 virili
3336 2156 3565 2198 conten-

1989 2224 2132 2276 dam.
2178 2223 2271 2278 llis
2306 2225 2469 2278 dictis
2501 2227 2731 2292 piscium
2757 2227 2973 2297 aliquos
3005 2230 3272 2300 majorum
3307 2235 3560 2287 certatim

1989 2331 2046 2367 se
2093 2315 2400 2383 pra-bentes
2452 2317 2707 2385 arripuit,
2747 2327 3004 2388 tanquam
3064 2321 3454 2390 deportaturus
3507 2324 3559 2376 in

1991 2406 2317 2472 promissum
2345 2421 2593 2477 stagnum
2613 2425 2630 2472 ;
2653 2424 2749 2462 eos
2779 2419 2986 2471 autem,
3017 2413 3181 2466 simul
3209 2429 3238 2465 a
3262 2424 3561 2483 conspectu

1989 2497 2274 2560 abscessit,
2298 2497 2492 2552 inloco
2547 2500 2776 2555 seducto
2798 2502 3099 2559 devoravit.
3132 2501 3268 2558 Tum
3292 2507 3446 2574 quasi
3475 2523 3566 2576 ges

1990 2586 2226 2638 statione
2246 2587 2568 2656 perfunctus
2585 2593 2722 2646 alios
2743 2595 2984 2664 aliosque
3009 2596 3262 2652 similiter
3285 2599 3558 2661 sumebat,

1990 2675 2240 2730 similiter
2261 2678 2604 2743 absumebat,
2630 2683 2864 2738 subinde
2893 2685 3132 2739 rediens.
3164 2685 3318 2741 Tunc
3340 2702 3561 2752 cancer,

1993 2767 2328 2838 multisjam,
2353 2781 2410 2824 ut
2433 2774 2682 2840 putabat,
2713 2775 2765 2828 in
2793 2786 2971 2830 tutttm
2996 2777 3302 2842 subductis,
3321 2779 3406 2833 sui
3430 2795 3565 2849 quo-

1991 2872 2121 2925 que,
2153 2861 2248 2927 qui
2287 2875 2449 2914 causa
2483 2864 2699 2919 caeteris
2739 2866 2991 2921 beneficii
3025 2867 3240 2929 fuisset.
3295 2870 3562 2926 rationem

1995 2949 2205 3014 haberi,
2248 2965 2477 3021 cycnum
2547 2970 2772 3025 rogans,
2835 2959 3014 3026 petiit.
3058 2959 3177 3014 .Nec
3205 2960 3294 3014 ille
3332 2961 3562 3025 abnuit;

1991 3039 2302 3110 deportavit
2333 3055 2514 3100 autem
2551 3059 2604 3101 et
2637 3050 2792 3102 illum
2833 3051 2887 3103 in
2923 3051 3213 3105 macellum
3249 3067 3432 3117 suum,
3469 3055 3561 3108 ubi

311 3132 583 3202 cogitarat
611 3151 624 3186 :
656 3133 789 3203 Ego,
823 3134 1098 3202 inquiens,
1123 3149 1232 3202 quo
1255 3133 1419 3187 simul
1439 3133 1634 3186 damna
1658 3131 1888 3184 ulciscar
1914 3153 1955 3206 (ς
1992 3131 2222 3200 piscium
2255 3137 2460 3204 perfide
2481 3139 2552 3193 ab
2578 3140 2671 3194 illo
2699 3151 3066 3196 contestorum
3100 3144 3284 3201 tristes
3317 3145 3564 3216 reliquia:

312 3224 689 3292 prateritamt
712 3223 893 3278 futura
924 3234 1265 3294 praevertam,
1300 3223 1540 3286 decrevi,
1576 3223 1682 3276 nisi
1719 3232 1773 3274 tu
1803 3236 1888 3274 se-

314 3327 414 3366 cus
445 3313 637 3377 sentis,
694 3313 990 3367 observare
1019 3313 1240 3382 quando
1273 3311 1529 3366 inimicus
1561 3312 1732 3364 draco
1762 3311 1885 3363 dor-

318 3403 474 3464 miat,
517 3412 762 3472 tuncque
797 3404 915 3458 sine
951 3404 1182 3472 strepitu
1237 3402 1528 3465 accedens,
1569 3401 1760 3455 oculos
1813 3401 1888 3453 illi

315 3502 501 3546 rostro
530 3493 793 3548 effodere.
824 3477 902 3547 Ad
925 3509 987 3548 ea
1016 3494 1138 3547 thos
1157 3495 1376 3548 vetulus
1404 3512 1416 3547 :
1447 3493 1562 3546 Non
1591 3493 1694 3546 hoc
1719 3503 1892 3547 tenta-

312 3588 418 3651 bis,
445 3586 645 3655 inquit,
665 3585 709 3639 si
740 3601 826 3640 me
847 3586 1076 3650 audies;
1101 3600 1296 3655 magno
1323 3585 1468 3637 enim
1495 3585 1635 3636 malo
1662 3591 1753 3636 tuo
1779 3593 1894 3636 ten-

312 3686 482 3731 tares.
521 3676 592 3732 Et
643 3677 1120 3746 vigilantissimus.
1169 3686 1224 3729 et
1267 3674 1555 3738 facillime,
1589 3675 1634 3726 si
1671 3675 1891 3742 quando

308 3767 626 3832 conniveat,
660 3767 970 3821 exeitabilis
1004 3768 1168 3820 draco
1203 3776 1311 3829 est,
1353 3765 1628 3834 habetque
1673 3779 1890 3834 semper

304 3874 367 3937 in
382 3867 640 3927 promptu
662 3872 812 3912 arma
845 3857 1007 3912 nimis
1043 3840 1295 3926 expedita
1341 3857 1396 3910 in
1441 3856 1694 3941 cominus
1738 3870 1893 3910 acce-

307 3950 445 4004 dere
473 3965 662 4015 ausos,
685 3949 1262 4005 dentesetvenentnn.
1289 3949 1612 4002 Cumulares
1650 3949 1887 4018 graviori

307 4049 404 4095 tua
435 4041 591 4096 clade
618 4041 861 4113 iacturas
895 4041 1129 4111 priores.
1152 4041 1196 4092 si
1219 4038 1594 4109 aggredereris
1623 4039 1770 4108 quod
1800 4041 1888 4092 di-

306 4133 414 4189 cis.
452 4132 634 4198 Quare
671 4131 832 4186 aliam
867 4146 1068 4185 censeo
1115 4130 1378 4184 adhibeas
1410 4131 1740 4196 machinam,
1780 4148 1886 4201 qua

307 4225 526 4279 hostem
559 4238 753 4292 queas,
793 4223 932 4276 citra
980 4231 1126 4275 tuam
1186 4222 1356 4290 ipsius
1405 4223 1728 4290 perniciem,
1765 4239 1886 4292 per-

306 4317 472 4378 dere,
506 4329 577 4370 ne
606 4315 835 4384 patiaris
865 4314 1012 4384 quod
1038 4330 1208 4384 cycno
1223 4313 1471 4382 contigit.
1507 4314 1711 4368 Ferunt
1738 4315 1884 4369 enim

303 4423 542 4478 cycnum
573 4406 880 4474 quemdam
927 4406 1218 4458 stationem
1257 4403 1516 4458 habuisse
1548 4419 1886 4473 percommo-

1984 3222 2263 3290 jacehant,
2295 3241 2358 3280 ac
2383 3225 2823 3283 dissimulatione
2844 3229 3090 3295 dimissa,
3112 3247 3171 3286 se
3191 3233 3256 3288 ad
3279 3249 3406 3288 eum
3429 3250 3556 3305 quo-

1989 3326 2096 3378 que
2137 3315 2439 3370 vorandum
2472 3319 2729 3374 accinxit.
2759 3320 3012 3377 Territus
3041 3340 3240 3379 cancer
3267 3337 3321 3381 et
3347 3337 3563 3397 spceta-

1989 3405 2112 3459 culo
2140 3418 2196 3460 et
2228 3410 2479 3477 periculo
2518 3412 2995 3480 inopinatissimis,
3051 3427 3232 3472 tamen
3281 3419 3562 3475 constituit

1992 3514 2098 3551 non
2132 3499 2320 3554 deesse
2343 3501 2468 3562 sibi,
2501 3518 2602 3557 nec
2635 3503 2686 3556 in
2725 3505 3031 3560 miserrima
3063 3508 3190 3562 licet
3221 3509 3561 3566 circumven-

1994 3589 2139 3642 tione
2175 3591 2408 3644 inultum
2443 3607 2501 3645 se
2529 3594 2764 3661 Opprimi
2795 3595 2998 3649 sinere.
3035 3595 3295 3667 Juvitque
3319 3615 3442 3654 sors
3463 3618 3561 3656 au-

1992 3679 2246 3742 dentem;
2281 3679 2526 3747 nihilque
2553 3681 2700 3733 aliud
2731 3683 2836 3736 nisi
2869 3693 3101 3736 mortem
3134 3700 3242 3738 non
3273 3687 3560 3756 ingloriatn

1994 3767 2098 3819 isto
2138 3767 2479 3835 repugnandi
2517 3779 2717 3821 conatu
2765 3769 3025 3838 captanti,
3055 3771 3221 3823 vitam
3253 3773 3418 3826 etiam
3477 3774 3562 3826 vi-

1993 3853 2164 3906 ctoria
2184 3854 2438 3922 inclytam
2475 3855 2746 3908 concessit
2790 3871 2808 3908 :
2841 3855 3114 3925 siquidem
3146 3872 3342 3913 cancer
3390 3859 3562 3915 chelis

1993 3945 2110 3998 suis
2131 3955 2282 3999 arcte
2296 3945 2613 4014 complexus
2637 3946 2972 4016 robusteque
3012 3950 3382 4019 comprimens
3408 3957 3562 4025 cycni

1992 4037 2217 4100 collum,
2266 4039 2442 4106 ipsum
2494 4036 2697 4091 {rustra
2757 4039 3117 4095 reluctantem
3174 4045 3559 4114 strangulavit.

1993 4129 2114 4183 llaec
2141 4143 2208 4182 eo
2237 4129 2509 4197 pertinent
2543 4140 2602 4182 ut
2661 4130 2952 4199 intelligas,
3012 4149 3196 4197 corve,
3249 4134 3372 4190 aliis
3427 4137 3562 4190 insi.

1992 4220 2230 4273 diantem
2263 4234 2370 4273 non
2409 4237 2530 4272 raro
2573 4219 2817 4274 incidere
2855 4221 3037 4289 ipsum
3069 4224 3121 4276 in
3143 4224 3356 4278 foveant
3386 4243 3552 4296 quam

1993 4313 2139 4365 fecit.
2175 4312 2440 4375 Quocirca
2489 4328 2816 4381 magnopere
2838 4327 3035 4368 auctor
3067 4316 3162 4369 tibi
3193 4333 3312 4372 sum
3346 4333 3414 4372 ne
3435 4336 3561 4388 pro-

1995 4404 2115 4471 pius
2140 4412 2188 4456 te
2206 4402 2499 4456 admoveas
2519 4404 2874 4457 astutissimze
2915 4421 2978 4458 ac
3009 4409 3418 4462 nocentissima:
3463 4411 3557 4464 be-

305 4499 434 4554 dam
469 4510 640 4567 prope
668 4507 918 4564 stagnum
941 4496 1164 4565 plenum
1180 4494 1441 4564 piscibus,
1456 4509 1686 4564 quorum
1709 4497 1886 4565 prada
1922 4493 1962 4545 υ
1994 4495 2110 4549 stite
2131 4511 2143 4554 ;
2167 4497 2255 4546 dot
2275 4495 2378 4547 ebo
2404 4503 2452 4546 te
2475 4505 2656 4547 autem
2678 4499 2946 4549 rationem
2964 4499 3013 4550 ei
3040 4509 3212 4562 certo,
3230 4511 3283 4552 et
3300 4501 3559 4566 graviter,

305 4585 631 4656 quotidiana
678 4583 814 4637 vixit
845 4583 911 4637 ad
945 4593 1282 4638 senectutem
1311 4599 1484 4654 usque
1529 4586 1833 4639 laetissime
1867 4602 1882 4648 ;

301 4677 402 4731 sed
440 4687 574 4730 tunc
603 4674 888 4728 debilitate
924 4674 1111 4744 gravis
1134 4675 1331 4739 relatis,
1365 4691 1475 4729 non
1523 4677 1760 4745 amplius
1810 4679 1885 4746 pi-

303 4766 573 4821 scationis
590 4764 764 4820 labori
783 4763 1080 4828 sufﬁciens,
1094 4765 1340 4819 ascendit
1360 4765 1708 4821 famelicusin
1735 4783 1885 4821 mon.

305 4866 442 4918 tem,
470 4857 565 4910 ubi
591 4857 745 4909 forte
774 4856 972 4909 obvius
996 4871 1197 4909 cancer
1221 4874 1233 4908 :
1257 4857 1456 4925 (Zurite,
1478 4857 1879 4927 ittquit,jeycne,

303 4948 606 5001 sollicitum
635 4957 837 5016 praeter
863 4962 1072 5001 morem
1097 4957 1408 5017 mmstoque
1433 4951 1665 5004 similem
1694 4954 1882 5006 video?

304 5037 536 5100 Quidni,
573 5037 649 5090 ait
673 5037 788 5100 ille,
816 5037 1083 5091 sollicitus
1123 5038 1226 5090 sim
1256 5046 1310 5091 et
1337 5049 1587 5103 mmstns,
1625 5042 1720 5109 qui
1754 5058 1877 5096 cum

307 5129 576 5179 hactenus
606 5124 819 5179 fruerer
850 5125 1048 5192 apibus
1083 5125 1304 5193 piscosi,
1332 5128 1418 5179 cui
1447 5129 1775 5193 assidebam,
1804 5132 1881 5183 la-

305 5228 408 5266 cus
441 5213 651 5266 victum
686 5213 1030 5283 suggerentis
1067 5213 1534 5279 copiosissimum,
1563 5217 1747 5270 audivi
1783 5218 1880 5270 ho-

305 5303 396 5357 die
421 5303 727 5370 piscatores
749 5303 1102 5356 consulentes
1128 5303 1270 5356 inter
1290 5319 1348 5358 se
1372 5307 1699 5376 saginasque
1728 5323 1876 5361 cont-

277 5458 288 5466 _
305 5403 594 5464 parantes,
623 5391 828 5460 quibus
853 5403 1024 5446 t0tum
1073 5395 1384 5448 everriculo
1407 5407 1655 5465 stagnum
1679 5399 1880 5452 exhau-

306 5485 476 5547 riant,
507 5483 719 5536 nullum
747 5498 815 5536 ne
845 5481 911 5536 ad
935 5485 1178 5536 sobolem
1200 5485 1419 5552 quidem
1449 5488 1770 5554 pisciculum
1797 5505 1872 5542 re-

301 5575 521 5644 liquum
551 5574 772 5628 facturi.
807 5573 928 5650 Haec
961 5590 1160 5627 cancer
1188 5577 1371 5630 audita
1401 5577 1642 5645 piscibus
1671 5581 1877 5643 retulit,

307 5666 562 5720 indicans
597 5679 694 5733 pro
729 5664 969 5718 amicitia
1003 5667 1330 5732 pericttlum.
1367 5667 1446 5720 llli
1484 5683 1616 5722 sane
1650 5680 1875 5725 contur-

306 5759 419 5812 bati
456 5772 687 5826 cycnum
725 5757 992 5810 adeuntes
1027 5758 1175 5811 allati
1211 5767 1339 5812 sunt
1363 5763 1414 5813 in
1443 5761 1585 5815 hunc
1612 5763 1831 5815 modum
1863 5781 1874 5816 :

1987 4596 2040 4639 et
2071 4588 2188 4638 sine
2222 4595 2314 4636 tuo
2354 4584 2600 4652 periculo
2627 4587 2884 4655 nocendi.
2919 4587 3065 4656 Rape
3096 4604 3205 4656 qua
3247 4591 3394 4645 vales
3422 4604 3560 4651 artr,

1987 4694 2017 4730 e
2042 4677 2298 4730 domibus
2320 4692 2382 4728 ac
2408 4678 2626 4730 scriniis
2657 4680 2939 4732 hominum
2969 4680 3176 4748 aliquid
3209 4657 3338 4748 ipsis
3362 4685 3515 4748 pretii
3541 4708 3562 4721 ι

1987 4783 2130 4832 sum,
2156 4767 2402 4836 illudque
2433 4770 2504 4822 ita
2527 4769 2582 4821 in
2614 4784 2807 4823 cavum
2835 4770 2998 4823 imisi
3025 4773 3218 4840 anguis
3243 4772 3476 4841 conjice,
3505 4785 3563 4826 ut

1986 4859 2198 4911 lacinia:
2234 4859 2503 4912 similiave
2553 4859 2753 4913 indicia
2795 4862 3042 4914 exterius
3095 4861 3386 4928 prodeant.
3445 4863 3563 4917 Fiet

1969 4939 2136 5013 inde,
2161 4961 2217 5003 ut
2267 4951 2344 5003 rei
2382 4952 2596 5006 amissae
2633 4951 2863 5014 domini,
2897 4952 3066 5021 signis
3085 4953 3234 5008 hisce
3267 4954 3558 5013 admoniti,

1987 5048 2113 5093 dum
2149 5043 2608 5108 quaeruntanxie,
2636 5042 2923 5102 latibulum
2959 5043 3010 5094 id
3044 5045 3367 5111 pervadant,
3397 5046 3561 5099 malc-

1984 5148 2090 5199 que
2115 5133 2347 5187 multcnt
2369 5135 2769 5200 deprehensum
2804 5134 2950 5186 ineo
2975 5134 3350 5188 subsessorem
3379 5145 3556 5190 tuum.

1989 5225 2136 5278 Fecit
2192 5241 2392 5278 corvus
2457 5223 2602 5292 quod
2665 5226 3000 5278 suadebatur
3070 5242 3266 5295 magno
3325 5241 3425 5281 suo
3474 5227 3560 5282 lu-

1983 5332 2114 5379 cro;
2151 5331 2275 5368 natn
2303 5318 2379 5368 sic
2402 5315 2586 5368 occiso
2623 5331 2786 5370 manu
2840 5327 2894 5372 et
2924 5318 3092 5371 armis
3122 5318 3407 5374 hominum
3435 5319 3560 5372 dra-

1984 5423 2143 5469 cone,
2196 5407 2491 5476 hospitium
2521 5407 2777 5476 deinceps
2801 5424 2960 5463 suum
2986 5409 3154 5464 nullis
3186 5411 3442 5465 infestum
3475 5413 3559 5466 in-

1980 5499 2146 5565 juriis
2169 5498 2449 5552 insidiisve
2485 5497 2698 5553 habuit.

2053 5587 2193 5641 XVI.
2241 5587 2363 5642 H330,
2410 5589 2584 5643 fusius
2641 5591 2787 5660 apud
2843 5602 2918 5656 te,
2965 5593 3246 5664 subiungit
3293 5609 3557 5664 perorans

1983 5673 2258 5727 Coronato
2286 5675 2612 5744 Vestigator,
2631 5680 2828 5738 amice.
2851 5683 3109 5743 disserui,
3124 5694 3184 5736 ut
3200 5685 3552 5738 ostenderem

1989 5767 2162 5833 pluris
2194 5780 2312 5818 esse
2341 5768 2690 5836 prudentiam
2724 5791 2886 5841 quam
2919 5776 3110 5829 robur.
3137 5776 3206 5831 At
3244 5776 3552 5852 Corunatus
