  <div class='ocr_page' id='page_1' title='image "/cluster/home/n/w/nwhite01/storage/ocr_20150623/143/hvd.32044019208321/679.png"; bbox 0 0 4016 6522; ppageno 0'>
   <div class='ocr_carea' id='block_1_1' title="bbox 434 373 567 434">
    <p class='ocr_par' dir='ltr' id='par_1_1' title="bbox 434 373 567 434">
     <span class='ocr_line' id='line_1_1' title="bbox 434 373 567 434; baseline 0.008 -1"><span class='ocrx_word' id='word_1_1' title='bbox 434 373 567 434; x_wconf 56' lang='lat' dir='ltr'><strong>lilii</strong></span> 
     </span>
    </p>
   </div>
   <div class='ocr_carea' id='block_1_2' title="bbox 1861 342 2264 408">
    <p class='ocr_par' dir='ltr' id='par_1_2' title="bbox 1861 342 2264 408">
     <span class='ocr_line' id='line_1_2' title="bbox 1861 342 2264 408; baseline -0.01 0"><span class='ocrx_word' id='word_1_2' title='bbox 1861 342 2264 408; x_wconf 66' lang='lat' dir='ltr'><strong>Al‘l‘ENDlX.</strong></span> 
     </span>
    </p>
   </div>
   <div class='ocr_carea' id='block_1_3' title="bbox 3527 329 3666 397">
    <p class='ocr_par' dir='ltr' id='par_1_3' title="bbox 3527 329 3666 397">
     <span class='ocr_line' id='line_1_3' title="bbox 3527 329 3666 397; baseline -0.043 0"><span class='ocrx_word' id='word_1_3' title='bbox 3527 329 3666 397; x_wconf 70' lang='grc' dir='ltr'><strong>12οι</strong></span> 
     </span>
    </p>
   </div>
   <div class='ocr_carea' id='block_1_4' title="bbox 430 449 3669 554">
    <p class='ocr_par' dir='ltr' id='par_1_4' title="bbox 430 449 3669 554">
     <span class='ocr_line' id='line_1_4' title="bbox 430 449 3669 554; baseline -0.013 -8"><span class='ocrx_word' id='word_1_4' title='bbox 430 493 738 553; x_wconf 77' lang='lat' dir='ltr'><strong>necteista,</strong></span> <span class='ocrx_word' id='word_1_5' title='bbox 766 484 969 554; x_wconf 86' lang='lat' dir='ltr'><strong>inquit,</strong></span> <span class='ocrx_word' id='word_1_6' title='bbox 1001 482 1237 546; x_wconf 82' lang='lat' dir='ltr'><strong>diceres,</strong></span> <span class='ocrx_word' id='word_1_7' title='bbox 1266 479 1310 533; x_wconf 85' lang='lat' dir='ltr'><strong>si</strong></span> <span class='ocrx_word' id='word_1_8' title='bbox 1341 479 1508 532; x_wconf 91' lang='lat' dir='ltr'><strong>robur</strong></span> <span class='ocrx_word' id='word_1_9' title='bbox 1545 485 1736 530; x_wconf 92' lang='lat' dir='ltr'><strong>taurus</strong></span> <span class='ocrx_word' id='word_1_10' title='bbox 1768 471 1995 528; x_wconf 90' lang='lat' dir='ltr'><strong>solertia</strong></span> <span class='ocrx_word' id='word_1_11' title='bbox 2025 471 2070 530; x_wconf 78' lang='grc' dir='ltr'>Α</span> <span class='ocrx_word' id='word_1_12' title='bbox 2099 466 2280 533; x_wconf 87' lang='lat' dir='ltr'><strong>ipsum</strong></span> <span class='ocrx_word' id='word_1_13' title='bbox 2309 472 2496 513; x_wconf 91' lang='lat' dir='ltr'><strong>ausus.</strong></span> <span class='ocrx_word' id='word_1_14' title='bbox 2543 455 2816 526; x_wconf 80' lang='lat' dir='ltr'><strong>Fugiego;</strong></span> <span class='ocrx_word' id='word_1_15' title='bbox 2852 452 2984 524; x_wconf 82' lang='lat' dir='ltr'><strong>quid</strong></span> <span class='ocrx_word' id='word_1_16' title='bbox 3020 449 3173 506; x_wconf 90' lang='lat' dir='ltr'><strong>enim</strong></span> <span class='ocrx_word' id='word_1_17' title='bbox 3203 459 3452 519; x_wconf 87' lang='lat' dir='ltr'><strong>poteram</strong></span> <span class='ocrx_word' id='word_1_18' title='bbox 3481 450 3669 509; x_wconf 71' lang='lat' dir='ltr'><strong>aliud?</strong></span> 
     </span>
    </p>
   </div>
   <div class='ocr_carea' id='block_1_5' title="bbox 427 572 1997 641">
    <p class='ocr_par' dir='ltr' id='par_1_5' title="bbox 427 572 1997 641">
     <span class='ocr_line' id='line_1_5' title="bbox 427 572 1997 641; baseline -0.017 1"><span class='ocrx_word' id='word_1_19' title='bbox 427 587 752 641; x_wconf 86' lang='lat' dir='ltr'><strong>destitutum</strong></span> <span class='ocrx_word' id='word_1_20' title='bbox 804 578 1077 634; x_wconf 90' lang='lat' dir='ltr'><strong>obtineret</strong></span> <span class='ocrx_word' id='word_1_21' title='bbox 1119 594 1134 632; x_wconf 86' lang='lat'><strong>:</strong></span> <span class='ocrx_word' id='word_1_22' title='bbox 1179 572 1329 641; x_wconf 82' lang='lat' dir='ltr'><strong>alqui</strong></span> <span class='ocrx_word' id='word_1_23' title='bbox 1367 572 1510 625; x_wconf 90' lang='lat' dir='ltr'><strong>idem</strong></span> <span class='ocrx_word' id='word_1_24' title='bbox 1557 576 1824 638; x_wconf 61' lang='lat' dir='ltr'><strong>praeterea</strong></span> <span class='ocrx_word' id='word_1_25' title='bbox 1865 578 1997 634; x_wconf 80' lang='lat' dir='ltr'><strong>pru-</strong></span> 
     </span>
    </p>
   </div>
   <div class='ocr_carea' id='block_1_6' title="bbox 428 659 1999 740">
    <p class='ocr_par' dir='ltr' id='par_1_6' title="bbox 428 659 1999 740">
     <span class='ocr_line' id='line_1_6' title="bbox 428 659 1999 740; baseline -0.018 -1"><span class='ocrx_word' id='word_1_26' title='bbox 428 680 792 740; x_wconf 79' lang='lat' dir='ltr'><strong>dentissinus</strong></span> <span class='ocrx_word' id='word_1_27' title='bbox 842 683 946 728; x_wconf 88' lang='lat' dir='ltr'><strong>est.</strong></span> <span class='ocrx_word' id='word_1_28' title='bbox 1003 670 1164 731; x_wconf 81' lang='lat' dir='ltr'><strong>Vere,</strong></span> <span class='ocrx_word' id='word_1_29' title='bbox 1211 669 1287 722; x_wconf 91' lang='lat' dir='ltr'><strong>ait</strong></span> <span class='ocrx_word' id='word_1_30' title='bbox 1326 665 1656 734; x_wconf 81' lang='lat' dir='ltr'><strong>Vestigator,</strong></span> <span class='ocrx_word' id='word_1_31' title='bbox 1683 661 1871 717; x_wconf 89' lang='lat' dir='ltr'><strong>ethoc</strong></span> <span class='ocrx_word' id='word_1_32' title='bbox 1918 659 1999 712; x_wconf 82' lang='lat' dir='ltr'><strong>lo-</strong></span> 
     </span>
    </p>
   </div>
   <div class='ocr_carea' id='block_1_7' title="bbox 428 749 2000 846">
    <p class='ocr_par' dir='ltr' id='par_1_7' title="bbox 428 749 2000 846">
     <span class='ocr_line' id='line_1_7' title="bbox 428 749 2000 846; baseline -0.019 -17"><span class='ocrx_word' id='word_1_33' title='bbox 428 773 638 846; x_wconf 82' lang='lat' dir='ltr'><strong>qucris.</strong></span> <span class='ocrx_word' id='word_1_34' title='bbox 669 768 958 832; x_wconf 37' lang='lat' dir='ltr'><strong>.Caeterum</strong></span> <span class='ocrx_word' id='word_1_35' title='bbox 1004 771 1060 816; x_wconf 86' lang='lat' dir='ltr'><strong>et</strong></span> <span class='ocrx_word' id='word_1_36' title='bbox 1110 776 1210 814; x_wconf 92' lang='lat' dir='ltr'><strong>nos</strong></span> <span class='ocrx_word' id='word_1_37' title='bbox 1241 756 1448 826; x_wconf 87' lang='lat' dir='ltr'><strong>aliquid</strong></span> <span class='ocrx_word' id='word_1_38' title='bbox 1498 755 1740 808; x_wconf 87' lang='lat' dir='ltr'><strong>valemus</strong></span> <span class='ocrx_word' id='word_1_39' title='bbox 1790 751 1845 803; x_wconf 92' lang='lat' dir='ltr'><strong>in</strong></span> <span class='ocrx_word' id='word_1_40' title='bbox 1897 749 2000 801; x_wconf 88' lang='lat' dir='ltr'><strong>hac</strong></span> 
     </span>
    </p>
   </div>
   <div class='ocr_carea' id='block_1_8' title="bbox 433 841 1998 936">
    <p class='ocr_par' dir='ltr' id='par_1_8' title="bbox 433 841 1998 936">
     <span class='ocr_line' id='line_1_8' title="bbox 433 841 1998 936; baseline -0.019 -16"><span class='ocrx_word' id='word_1_41' title='bbox 433 873 614 936; x_wconf 83' lang='lat' dir='ltr'><strong>parte,</strong></span> <span class='ocrx_word' id='word_1_42' title='bbox 657 874 768 929; x_wconf 93' lang='lat' dir='ltr'><strong>quo</strong></span> <span class='ocrx_word' id='word_1_43' title='bbox 816 872 928 912; x_wconf 90' lang='lat' dir='ltr'><strong>non</strong></span> <span class='ocrx_word' id='word_1_44' title='bbox 993 851 1271 908; x_wconf 88' lang='lat' dir='ltr'><strong>immerito</strong></span> <span class='ocrx_word' id='word_1_45' title='bbox 1331 861 1615 918; x_wconf 82' lang='lat' dir='ltr'><strong>speremus</strong></span> <span class='ocrx_word' id='word_1_46' title='bbox 1651 841 1998 913; x_wconf 70' lang='lat' dir='ltr'><strong>prmvalitura</strong></span> 
     </span>
    </p>
   </div>
   <div class='ocr_carea' id='block_1_9' title="bbox 434 935 1998 1026">
    <p class='ocr_par' dir='ltr' id='par_1_9' title="bbox 434 935 1998 1026">
     <span class='ocr_line' id='line_1_9' title="bbox 434 935 1998 1026; baseline -0.02 -15"><span class='ocrx_word' id='word_1_47' title='bbox 434 935 790 1026; x_wconf 75' lang='lat' dir='ltr'><strong>quantzelibet</strong></span> <span class='ocrx_word' id='word_1_48' title='bbox 836 943 1119 1011; x_wconf 77' lang='lat' dir='ltr'><strong>sagacitati</strong></span> <span class='ocrx_word' id='word_1_49' title='bbox 1148 941 1268 1011; x_wconf 87' lang='lat' dir='ltr'><strong>ejus</strong></span> <span class='ocrx_word' id='word_1_50' title='bbox 1302 935 1533 992; x_wconf 81' lang='lat' dir='ltr'><strong>artiﬁcia</strong></span> <span class='ocrx_word' id='word_1_51' title='bbox 1559 943 1770 996; x_wconf 87' lang='lat' dir='ltr'><strong>nostra,</strong></span> <span class='ocrx_word' id='word_1_52' title='bbox 1802 943 1998 999; x_wconf 88' lang='lat' dir='ltr'><strong>passu-</strong></span> 
     </span>
    </p>
   </div>
   <div class='ocr_carea' id='block_1_10' title="bbox 438 1019 2001 1115">
    <p class='ocr_par' dir='ltr' id='par_1_10' title="bbox 438 1019 2001 1115">
     <span class='ocr_line' id='line_1_10' title="bbox 438 1019 2001 1115; baseline -0.021 -12"><span class='ocrx_word' id='word_1_53' title='bbox 438 1059 673 1115; x_wconf 84' lang='lat' dir='ltr'><strong>rumque</strong></span> <span class='ocrx_word' id='word_1_54' title='bbox 702 1043 856 1096; x_wconf 91' lang='lat' dir='ltr'><strong>illum</strong></span> <span class='ocrx_word' id='word_1_55' title='bbox 884 1037 990 1091; x_wconf 83' lang='lat' dir='ltr'><strong>tale</strong></span> <span class='ocrx_word' id='word_1_56' title='bbox 1009 1033 1291 1105; x_wconf 75' lang='lat' dir='ltr'><strong>quidpiam</strong></span> <span class='ocrx_word' id='word_1_57' title='bbox 1318 1043 1346 1081; x_wconf 90' lang='lat' dir='ltr'><strong>a</strong></span> <span class='ocrx_word' id='word_1_58' title='bbox 1376 1026 1537 1081; x_wconf 85' lang='lat' dir='ltr'><strong>nobis</strong></span> <span class='ocrx_word' id='word_1_59' title='bbox 1566 1024 1726 1093; x_wconf 85' lang='lat' dir='ltr'><strong>quale</strong></span> <span class='ocrx_word' id='word_1_60' title='bbox 1755 1021 1885 1074; x_wconf 92' lang='lat' dir='ltr'><strong>olim</strong></span> <span class='ocrx_word' id='word_1_61' title='bbox 1916 1019 2001 1072; x_wconf 80' lang='lat' dir='ltr'><strong>leo</strong></span> 
     </span>
    </p>
   </div>
   <div class='ocr_carea' id='block_1_11' title="bbox 437 1111 2001 1212">
    <p class='ocr_par' dir='ltr' id='par_1_11' title="bbox 437 1111 2001 1212">
     <span class='ocr_line' id='line_1_11' title="bbox 437 1111 2001 1212; baseline -0.023 -15"><span class='ocrx_word' id='word_1_62' title='bbox 437 1111 661 1212; x_wconf 82' lang='lat' dir='ltr'><strong>quidam</strong></span> <span class='ocrx_word' id='word_1_63' title='bbox 686 1153 715 1190; x_wconf 90' lang='lat' dir='ltr'><strong>a</strong></span> <span class='ocrx_word' id='word_1_64' title='bbox 739 1137 951 1203; x_wconf 84' lang='lat' dir='ltr'><strong>lepore,</strong></span> <span class='ocrx_word' id='word_1_65' title='bbox 977 1128 1225 1197; x_wconf 87' lang='lat' dir='ltr'><strong>dejectus</strong></span> <span class='ocrx_word' id='word_1_66' title='bbox 1251 1122 1318 1175; x_wconf 89' lang='lat' dir='ltr'><strong>ab</strong></span> <span class='ocrx_word' id='word_1_67' title='bbox 1349 1134 1414 1174; x_wconf 89' lang='lat' dir='ltr'><strong>eo</strong></span> <span class='ocrx_word' id='word_1_68' title='bbox 1439 1127 1591 1172; x_wconf 87' lang='lat' dir='ltr'><strong>tanto</strong></span> <span class='ocrx_word' id='word_1_69' title='bbox 1615 1111 1915 1169; x_wconf 70' lang='lat' dir='ltr'><strong>infirmiore</strong></span> <span class='ocrx_word' id='word_1_70' title='bbox 1939 1123 2001 1163; x_wconf 84' lang='lat' dir='ltr'><strong>ac</strong></span> 
     </span>
    </p>
   </div>
   <div class='ocr_carea' id='block_1_12' title="bbox 441 1203 2002 1306">
    <p class='ocr_par' dir='ltr' id='par_1_12' title="bbox 441 1203 2002 1306">
     <span class='ocr_line' id='line_1_12' title="bbox 441 1203 2002 1306; baseline -0.024 -15"><span class='ocrx_word' id='word_1_71' title='bbox 441 1203 748 1306; x_wconf 71' lang='lat' dir='ltr'><strong>perculsus.</strong></span> <span class='ocrx_word' id='word_1_72' title='bbox 788 1238 849 1281; x_wconf 92' lang='lat' dir='ltr'><strong>ut</strong></span> <span class='ocrx_word' id='word_1_73' title='bbox 879 1238 1004 1278; x_wconf 78' lang='lat' dir='ltr'><strong>mox</strong></span> <span class='ocrx_word' id='word_1_74' title='bbox 1042 1218 1254 1273; x_wconf 84' lang='lat' dir='ltr'><strong>audies.</strong></span> <span class='ocrx_word' id='word_1_75' title='bbox 1291 1208 1593 1267; x_wconf 83' lang='lat' dir='ltr'><strong>lncubabat</strong></span> <span class='ocrx_word' id='word_1_76' title='bbox 1627 1203 1838 1275; x_wconf 81' lang='lat' dir='ltr'><strong>regioni</strong></span> <span class='ocrx_word' id='word_1_77' title='bbox 1868 1203 2002 1255; x_wconf 70' lang='lat' dir='ltr'><strong>beta:</strong></span> 
     </span>
    </p>
   </div>
   <div class='ocr_carea' id='block_1_13' title="bbox 441 1295 2000 1400">
    <p class='ocr_par' dir='ltr' id='par_1_13' title="bbox 441 1295 2000 1400">
     <span class='ocr_line' id='line_1_13' title="bbox 441 1295 2000 1400; baseline -0.024 -18"><span class='ocrx_word' id='word_1_78' title='bbox 441 1327 678 1400; x_wconf 79' lang='lat' dir='ltr'><strong>pascuis,</strong></span> <span class='ocrx_word' id='word_1_79' title='bbox 703 1333 752 1375; x_wconf 89' lang='lat' dir='ltr'><strong>et</strong></span> <span class='ocrx_word' id='word_1_80' title='bbox 775 1318 990 1390; x_wconf 89' lang='lat' dir='ltr'><strong>perhoc</strong></span> <span class='ocrx_word' id='word_1_81' title='bbox 1006 1310 1152 1366; x_wconf 89' lang='lat' dir='ltr'><strong>omni</strong></span> <span class='ocrx_word' id='word_1_82' title='bbox 1167 1303 1525 1361; x_wconf 88' lang='lat' dir='ltr'><strong>animantium</strong></span> <span class='ocrx_word' id='word_1_83' title='bbox 1546 1313 1744 1370; x_wconf 80' lang='lat' dir='ltr'><strong>genere</strong></span> <span class='ocrx_word' id='word_1_84' title='bbox 1765 1295 2000 1355; x_wconf 57' lang='lat' dir='ltr'><strong>referta,</strong></span> 
     </span>
    </p>
   </div>
   <div class='ocr_carea' id='block_1_14' title="bbox 444 1389 2005 1486">
    <p class='ocr_par' dir='ltr' id='par_1_14' title="bbox 444 1389 2005 1486">
     <span class='ocr_line' id='line_1_14' title="bbox 444 1389 2005 1486; baseline -0.024 -10"><span class='ocrx_word' id='word_1_85' title='bbox 444 1426 595 1475; x_wconf 83' lang='lat' dir='ltr'><strong>ferus</strong></span> <span class='ocrx_word' id='word_1_86' title='bbox 653 1415 877 1486; x_wconf 88' lang='lat' dir='ltr'><strong>quidam</strong></span> <span class='ocrx_word' id='word_1_87' title='bbox 926 1409 1034 1473; x_wconf 92' lang='lat' dir='ltr'><strong>leo,</strong></span> <span class='ocrx_word' id='word_1_88' title='bbox 1089 1397 1424 1472; x_wconf 89' lang='lat' dir='ltr'><strong>quotidianis</strong></span> <span class='ocrx_word' id='word_1_89' title='bbox 1471 1389 1776 1446; x_wconf 77' lang='lat' dir='ltr'><strong>latrociniis</strong></span> <span class='ocrx_word' id='word_1_90' title='bbox 1836 1399 2005 1453; x_wconf 80' lang='lat' dir='ltr'><strong>agens</strong></span> 
     </span>
    </p>
   </div>
   <div class='ocr_carea' id='block_1_15' title="bbox 440 1477 2005 1579">
    <p class='ocr_par' dir='ltr' id='par_1_15' title="bbox 440 1477 2005 1579">
     <span class='ocr_line' id='line_1_15' title="bbox 440 1477 2005 1579; baseline -0.027 -10"><span class='ocrx_word' id='word_1_91' title='bbox 440 1517 733 1579; x_wconf 84' lang='lat' dir='ltr'><strong>ferensque</strong></span> <span class='ocrx_word' id='word_1_92' title='bbox 783 1505 1011 1558; x_wconf 88' lang='lat' dir='ltr'><strong>miseras</strong></span> <span class='ocrx_word' id='word_1_93' title='bbox 1030 1495 1257 1555; x_wconf 81' lang='lat' dir='ltr'><strong>bestias,</strong></span> <span class='ocrx_word' id='word_1_94' title='bbox 1283 1488 1420 1542; x_wconf 89' lang='lat' dir='ltr'><strong>adeo</strong></span> <span class='ocrx_word' id='word_1_95' title='bbox 1441 1498 1498 1539; x_wconf 91' lang='lat' dir='ltr'><strong>ut</strong></span> <span class='ocrx_word' id='word_1_96' title='bbox 1516 1482 1676 1537; x_wconf 84' lang='lat' dir='ltr'><strong>anxio</strong></span> <span class='ocrx_word' id='word_1_97' title='bbox 1695 1477 2005 1534; x_wconf 77' lang='lat' dir='ltr'><strong>constricta:</strong></span> 
     </span>
    </p>
   </div>
   <div class='ocr_carea' id='block_1_16' title="bbox 442 1569 2005 1668">
    <p class='ocr_par' dir='ltr' id='par_1_16' title="bbox 442 1569 2005 1668">
     <span class='ocr_line' id='line_1_16' title="bbox 442 1569 2005 1668; baseline -0.027 -9"><span class='ocrx_word' id='word_1_98' title='bbox 442 1615 613 1668; x_wconf 88' lang='lat' dir='ltr'><strong>metu,</strong></span> <span class='ocrx_word' id='word_1_99' title='bbox 646 1569 781 1654; x_wconf 43' lang='lat' dir='ltr'><strong>Ifrui</strong></span> <span class='ocrx_word' id='word_1_100' title='bbox 834 1593 989 1661; x_wconf 89' lang='lat' dir='ltr'><strong>copia</strong></span> <span class='ocrx_word' id='word_1_101' title='bbox 1041 1587 1338 1655; x_wconf 84' lang='lat' dir='ltr'><strong>nequirent</strong></span> <span class='ocrx_word' id='word_1_102' title='bbox 1392 1593 1556 1647; x_wconf 87' lang='lat' dir='ltr'><strong>quam</strong></span> <span class='ocrx_word' id='word_1_103' title='bbox 1613 1573 1715 1628; x_wconf 88' lang='lat' dir='ltr'><strong>soli</strong></span> <span class='ocrx_word' id='word_1_104' title='bbox 1779 1569 2005 1623; x_wconf 79' lang='lat' dir='ltr'><strong>ubertas</strong></span> 
     </span>
    </p>
   </div>
   <div class='ocr_carea' id='block_1_17' title="bbox 441 1662 2003 1764">
    <p class='ocr_par' dir='ltr' id='par_1_17' title="bbox 441 1662 2003 1764">
     <span class='ocr_line' id='line_1_17' title="bbox 441 1662 2003 1764; baseline -0.027 -14"><span class='ocrx_word' id='word_1_105' title='bbox 441 1662 789 1764; x_wconf 75' lang='lat' dir='ltr'><strong>suggerebat.</strong></span> <span class='ocrx_word' id='word_1_106' title='bbox 823 1685 966 1753; x_wconf 85' lang='lat' dir='ltr'><strong>Ergo</strong></span> <span class='ocrx_word' id='word_1_107' title='bbox 1007 1679 1137 1739; x_wconf 67' lang='lat' dir='ltr'><strong>illae,</strong></span> <span class='ocrx_word' id='word_1_108' title='bbox 1161 1672 1393 1730; x_wconf 88' lang='lat' dir='ltr'><strong>consilio</strong></span> <span class='ocrx_word' id='word_1_109' title='bbox 1433 1665 1643 1728; x_wconf 87' lang='lat' dir='ltr'><strong>habito,</strong></span> <span class='ocrx_word' id='word_1_110' title='bbox 1674 1662 2003 1732; x_wconf 80' lang='lat' dir='ltr'><strong>legationem</strong></span> 
     </span>
    </p>
   </div>
   <div class='ocr_carea' id='block_1_18' title="bbox 443 1753 2007 1842">
    <p class='ocr_par' dir='ltr' id='par_1_18' title="bbox 443 1753 2007 1842">
     <span class='ocr_line' id='line_1_18' title="bbox 443 1753 2007 1842; baseline -0.027 0"><span class='ocrx_word' id='word_1_111' title='bbox 443 1753 532 1842; x_wconf 28' lang='lat' dir='ltr'><strong>adt</strong></span> <span class='ocrx_word' id='word_1_112' title='bbox 554 1797 682 1838; x_wconf 89' lang='lat' dir='ltr'><strong>eum</strong></span> <span class='ocrx_word' id='word_1_113' title='bbox 734 1780 1039 1832; x_wconf 89' lang='lat' dir='ltr'><strong>decernunt</strong></span> <span class='ocrx_word' id='word_1_114' title='bbox 1090 1769 1254 1837; x_wconf 81' lang='lat' dir='ltr'><strong>hujus</strong></span> <span class='ocrx_word' id='word_1_115' title='bbox 1308 1758 1593 1817; x_wconf 70' lang='lat' dir='ltr'><strong>sententia:</strong></span> <span class='ocrx_word' id='word_1_116' title='bbox 1643 1773 1656 1809; x_wconf 88' lang='lat'><strong>:</strong></span> <span class='ocrx_word' id='word_1_117' title='bbox 1715 1753 1915 1808; x_wconf 87' lang='lat' dir='ltr'><strong>Omnes</strong></span> <span class='ocrx_word' id='word_1_118' title='bbox 1957 1759 2007 1802; x_wconf 91' lang='lat' dir='ltr'><strong>te</strong></span> 
     </span>
    </p>
   </div>
   <div class='ocr_carea' id='block_1_19' title="bbox 443 1825 2084 1937">
    <p class='ocr_par' dir='ltr' id='par_1_19' title="bbox 443 1825 2084 1937">
     <span class='ocr_line' id='line_1_19' title="bbox 443 1825 2084 1937; baseline -0.026 -5"><span class='ocrx_word' id='word_1_119' title='bbox 443 1874 726 1931; x_wconf 90' lang='lat' dir='ltr'><strong>dominum</strong></span> <span class='ocrx_word' id='word_1_120' title='bbox 745 1865 1092 1937; x_wconf 84' lang='lat' dir='ltr'><strong>agnoscimus</strong></span> <span class='ocrx_word' id='word_1_121' title='bbox 1120 1900 1134 1924; x_wconf 91' lang='lat'><strong>,</strong></span> <span class='ocrx_word' id='word_1_122' title='bbox 1151 1825 1280 1912; x_wconf 72' lang='lat' dir='ltr'><strong>etut</strong></span> <span class='ocrx_word' id='word_1_123' title='bbox 1299 1854 1390 1909; x_wconf 91' lang='lat' dir='ltr'><strong>tali</strong></span> <span class='ocrx_word' id='word_1_124' title='bbox 1411 1850 1716 1909; x_wconf 87' lang='lat' dir='ltr'><strong>studentes,</strong></span> <span class='ocrx_word' id='word_1_125' title='bbox 1739 1845 2005 1897; x_wconf 84' lang='lat' dir='ltr'><strong>rationem</strong></span> <span class='ocrx_word' id='word_1_126' title='bbox 2045 1825 2084 1880; x_wconf 75' lang='grc' dir='ltr'><strong><em>Β</em></strong></span> 
     </span>
    </p>
   </div>
   <div class='ocr_carea' id='block_1_20' title="bbox 441 1933 2009 2036">
    <p class='ocr_par' dir='ltr' id='par_1_20' title="bbox 441 1933 2009 2036">
     <span class='ocr_line' id='line_1_20' title="bbox 441 1933 2009 2036; baseline -0.025 -12"><span class='ocrx_word' id='word_1_127' title='bbox 441 1963 843 2036; x_wconf 83' lang='lat' dir='ltr'><strong>quuisivimus</strong></span> <span class='ocrx_word' id='word_1_128' title='bbox 881 1971 991 2027; x_wconf 89' lang='lat' dir='ltr'><strong>qua</strong></span> <span class='ocrx_word' id='word_1_129' title='bbox 1025 1964 1080 2008; x_wconf 89' lang='lat' dir='ltr'><strong>et</strong></span> <span class='ocrx_word' id='word_1_130' title='bbox 1111 1963 1170 2004; x_wconf 83' lang='lat' dir='ltr'><strong>tu</strong></span> <span class='ocrx_word' id='word_1_131' title='bbox 1222 1949 1466 2003; x_wconf 81' lang='lat' dir='ltr'><strong>laborem</strong></span> <span class='ocrx_word' id='word_1_132' title='bbox 1504 1939 1812 1995; x_wconf 81' lang='lat' dir='ltr'><strong>venationis</strong></span> <span class='ocrx_word' id='word_1_133' title='bbox 1839 1933 2009 1988; x_wconf 85' lang='lat' dir='ltr'><strong>lucri-</strong></span> 
     </span>
    </p>
   </div>
   <div class='ocr_carea' id='block_1_21' title="bbox 443 2025 2007 2120">
    <p class='ocr_par' dir='ltr' id='par_1_21' title="bbox 443 2025 2007 2120">
     <span class='ocr_line' id='line_1_21' title="bbox 443 2025 2007 2120; baseline -0.026 -3"><span class='ocrx_word' id='word_1_134' title='bbox 443 2025 674 2120; x_wconf 72' lang='lat' dir='ltr'><strong>iaceres,</strong></span> <span class='ocrx_word' id='word_1_135' title='bbox 697 2062 753 2108; x_wconf 90' lang='lat' dir='ltr'><strong>et</strong></span> <span class='ocrx_word' id='word_1_136' title='bbox 783 2025 912 2112; x_wconf 70' lang='lat' dir='ltr'><strong>nos,</strong></span> <span class='ocrx_word' id='word_1_137' title='bbox 931 2046 1077 2117; x_wconf 84' lang='lat' dir='ltr'><strong>quod</strong></span> <span class='ocrx_word' id='word_1_138' title='bbox 1106 2053 1199 2098; x_wconf 93' lang='lat' dir='ltr'><strong>tua</strong></span> <span class='ocrx_word' id='word_1_139' title='bbox 1224 2040 1389 2095; x_wconf 88' lang='lat' dir='ltr'><strong>etiam</strong></span> <span class='ocrx_word' id='word_1_140' title='bbox 1419 2038 1672 2096; x_wconf 86' lang='lat' dir='ltr'><strong>interest,</strong></span> <span class='ocrx_word' id='word_1_141' title='bbox 1700 2029 1848 2098; x_wconf 90' lang='lat' dir='ltr'><strong>pasci</strong></span> <span class='ocrx_word' id='word_1_142' title='bbox 1872 2025 2007 2082; x_wconf 88' lang='lat' dir='ltr'><strong>citra</strong></span> 
     </span>
    </p>
   </div>
   <div class='ocr_carea' id='block_1_22' title="bbox 443 2130 2008 2208">
    <p class='ocr_par' dir='ltr' id='par_1_22' title="bbox 443 2130 2008 2208">
     <span class='ocr_line' id='line_1_22' title="bbox 443 2130 2008 2208; baseline -0.026 0"><span class='ocrx_word' id='word_1_143' title='bbox 443 2145 973 2208; x_wconf 85' lang='lat' dir='ltr'><strong>consternationem,</strong></span> <span class='ocrx_word' id='word_1_144' title='bbox 1006 2148 1171 2206; x_wconf 90' lang='lat' dir='ltr'><strong>atque</strong></span> <span class='ocrx_word' id='word_1_145' title='bbox 1193 2132 1266 2185; x_wconf 91' lang='lat' dir='ltr'><strong>ita</strong></span> <span class='ocrx_word' id='word_1_146' title='bbox 1295 2130 1656 2200; x_wconf 78' lang='lat' dir='ltr'><strong>pinguescere</strong></span> <span class='ocrx_word' id='word_1_147' title='bbox 1683 2133 1968 2190; x_wconf 84' lang='lat' dir='ltr'><strong>possemus</strong></span> <span class='ocrx_word' id='word_1_148' title='bbox 1993 2132 2008 2169; x_wconf 85' lang='lat'><strong>:</strong></span> 
     </span>
    </p>
   </div>
   <div class='ocr_carea' id='block_1_23' title="bbox 447 2217 2010 2298">
    <p class='ocr_par' dir='ltr' id='par_1_23' title="bbox 447 2217 2010 2298">
     <span class='ocr_line' id='line_1_23' title="bbox 447 2217 2010 2298; baseline -0.026 -1"><span class='ocrx_word' id='word_1_149' title='bbox 447 2258 555 2298; x_wconf 82' lang='lat' dir='ltr'><strong>non</strong></span> <span class='ocrx_word' id='word_1_150' title='bbox 599 2245 917 2292; x_wconf 83' lang='lat' dir='ltr'><strong>recusamus</strong></span> <span class='ocrx_word' id='word_1_151' title='bbox 947 2227 1120 2289; x_wconf 88' lang='lat' dir='ltr'><strong>enim,</strong></span> <span class='ocrx_word' id='word_1_152' title='bbox 1161 2222 1386 2292; x_wconf 87' lang='lat' dir='ltr'><strong>quando</strong></span> <span class='ocrx_word' id='word_1_153' title='bbox 1426 2218 1541 2270; x_wconf 71' lang='lat' dir='ltr'><strong>haec</strong></span> <span class='ocrx_word' id='word_1_154' title='bbox 1586 2225 1676 2268; x_wconf 91' lang='lat' dir='ltr'><strong>tua</strong></span> <span class='ocrx_word' id='word_1_155' title='bbox 1719 2220 1774 2264; x_wconf 87' lang='lat' dir='ltr'><strong>et</strong></span> <span class='ocrx_word' id='word_1_156' title='bbox 1823 2217 2010 2261; x_wconf 90' lang='lat' dir='ltr'><strong>nostra</strong></span> 
     </span>
    </p>
   </div>
   <div class='ocr_carea' id='block_1_24' title="bbox 447 2301 2014 2391">
    <p class='ocr_par' dir='ltr' id='par_1_24' title="bbox 447 2301 2014 2391">
     <span class='ocr_line' id='line_1_24' title="bbox 447 2301 2014 2391; baseline -0.024 -4"><span class='ocrx_word' id='word_1_157' title='bbox 447 2335 666 2387; x_wconf 77' lang='lat' dir='ltr'><strong>fortuna</strong></span> <span class='ocrx_word' id='word_1_158' title='bbox 703 2334 807 2387; x_wconf 89' lang='lat' dir='ltr'><strong>cst,</strong></span> <span class='ocrx_word' id='word_1_159' title='bbox 843 2320 975 2391; x_wconf 91' lang='lat' dir='ltr'><strong>quin</strong></span> <span class='ocrx_word' id='word_1_160' title='bbox 1013 2313 1295 2374; x_wconf 83' lang='lat' dir='ltr'><strong>carnibus,</strong></span> <span class='ocrx_word' id='word_1_161' title='bbox 1345 2318 1404 2361; x_wconf 90' lang='lat' dir='ltr'><strong>ut</strong></span> <span class='ocrx_word' id='word_1_162' title='bbox 1446 2307 1609 2368; x_wconf 85' lang='lat' dir='ltr'><strong>soles,</strong></span> <span class='ocrx_word' id='word_1_163' title='bbox 1645 2301 1847 2356; x_wconf 90' lang='lat' dir='ltr'><strong>nostris</strong></span> <span class='ocrx_word' id='word_1_164' title='bbox 1877 2313 2014 2366; x_wconf 83' lang='lat' dir='ltr'><strong>epu-</strong></span> 
     </span>
    </p>
   </div>
   <div class='ocr_carea' id='block_1_25' title="bbox 436 2390 2014 2481">
    <p class='ocr_par' dir='ltr' id='par_1_25' title="bbox 436 2390 2014 2481">
     <span class='ocr_line' id='line_1_25' title="bbox 436 2390 2014 2481; baseline -0.024 -1"><span class='ocrx_word' id='word_1_165' title='bbox 436 2424 599 2481; x_wconf 84' lang='lat' dir='ltr'><strong>leris.</strong></span> <span class='ocrx_word' id='word_1_166' title='bbox 626 2390 1013 2474; x_wconf 82' lang='lat' dir='ltr'><strong>Conditiouem</strong></span> <span class='ocrx_word' id='word_1_167' title='bbox 1033 2421 1162 2461; x_wconf 88' lang='lat' dir='ltr'><strong>ecce</strong></span> <span class='ocrx_word' id='word_1_168' title='bbox 1187 2401 1353 2474; x_wconf 81' lang='lat' dir='ltr'><strong>igitur</strong></span> <span class='ocrx_word' id='word_1_169' title='bbox 1376 2398 1474 2454; x_wconf 85' lang='lat' dir='ltr'><strong>tibi</strong></span> <span class='ocrx_word' id='word_1_170' title='bbox 1498 2396 1724 2451; x_wconf 87' lang='lat' dir='ltr'><strong>ferimus</strong></span> <span class='ocrx_word' id='word_1_171' title='bbox 1757 2390 2014 2457; x_wconf 91' lang='lat' dir='ltr'><strong>utrinque</strong></span> 
     </span>
    </p>
   </div>
   <div class='ocr_carea' id='block_1_26' title="bbox 447 2481 2012 2567">
    <p class='ocr_par' dir='ltr' id='par_1_26' title="bbox 447 2481 2012 2567">
     <span class='ocr_line' id='line_1_26' title="bbox 447 2481 2012 2567; baseline -0.024 -1"><span class='ocrx_word' id='word_1_172' title='bbox 447 2507 791 2567; x_wconf 86' lang='lat' dir='ltr'><strong>commodam</strong></span> <span class='ocrx_word' id='word_1_173' title='bbox 840 2519 856 2555; x_wconf 88' lang='lat'><strong>:</strong></span> <span class='ocrx_word' id='word_1_174' title='bbox 909 2508 970 2554; x_wconf 88' lang='lat' dir='ltr'><strong>ut</strong></span> <span class='ocrx_word' id='word_1_175' title='bbox 1021 2494 1121 2552; x_wconf 91' lang='lat' dir='ltr'><strong>tibi</strong></span> <span class='ocrx_word' id='word_1_176' title='bbox 1172 2505 1344 2545; x_wconf 85' lang='lat' dir='ltr'><strong>unum</strong></span> <span class='ocrx_word' id='word_1_177' title='bbox 1379 2503 1409 2542; x_wconf 89' lang='lat' dir='ltr'><strong>e</strong></span> <span class='ocrx_word' id='word_1_178' title='bbox 1442 2483 1649 2540; x_wconf 86' lang='lat' dir='ltr'><strong>nostris</strong></span> <span class='ocrx_word' id='word_1_179' title='bbox 1701 2493 1902 2548; x_wconf 85' lang='lat' dir='ltr'><strong>corpus</strong></span> <span class='ocrx_word' id='word_1_180' title='bbox 1958 2481 2012 2528; x_wconf 90' lang='lat' dir='ltr'><strong>in</strong></span> 
     </span>
    </p>
   </div>
   <div class='ocr_carea' id='block_1_27' title="bbox 449 2576 2014 2660">
    <p class='ocr_par' dir='ltr' id='par_1_27' title="bbox 449 2576 2014 2660">
     <span class='ocr_line' id='line_1_27' title="bbox 449 2576 2014 2660; baseline -0.024 -4"><span class='ocrx_word' id='word_1_181' title='bbox 449 2604 632 2660; x_wconf 85' lang='lat' dir='ltr'><strong>cibum</strong></span> <span class='ocrx_word' id='word_1_182' title='bbox 689 2595 959 2654; x_wconf 88' lang='lat' dir='ltr'><strong>mittatur,</strong></span> <span class='ocrx_word' id='word_1_183' title='bbox 1011 2599 1068 2642; x_wconf 91' lang='lat' dir='ltr'><strong>tu</strong></span> <span class='ocrx_word' id='word_1_184' title='bbox 1111 2593 1296 2639; x_wconf 91' lang='lat' dir='ltr'><strong>autem</strong></span> <span class='ocrx_word' id='word_1_185' title='bbox 1353 2595 1420 2634; x_wconf 90' lang='lat' dir='ltr'><strong>eo</strong></span> <span class='ocrx_word' id='word_1_186' title='bbox 1449 2576 1650 2630; x_wconf 90' lang='lat' dir='ltr'><strong>diurno</strong></span> <span class='ocrx_word' id='word_1_187' title='bbox 1695 2577 2014 2630; x_wconf 88' lang='lat' dir='ltr'><strong>contentus,</strong></span> 
     </span>
    </p>
   </div>
   <div class='ocr_carea' id='block_1_28' title="bbox 451 2663 2017 2761">
    <p class='ocr_par' dir='ltr' id='par_1_28' title="bbox 451 2663 2017 2761">
     <span class='ocr_line' id='line_1_28' title="bbox 451 2663 2017 2761; baseline -0.024 -14"><span class='ocrx_word' id='word_1_188' title='bbox 451 2696 680 2761; x_wconf 85' lang='lat' dir='ltr'><strong>fatigare</strong></span> <span class='ocrx_word' id='word_1_189' title='bbox 710 2699 763 2740; x_wconf 92' lang='lat' dir='ltr'><strong>te</strong></span> <span class='ocrx_word' id='word_1_190' title='bbox 792 2699 858 2738; x_wconf 90' lang='lat' dir='ltr'><strong>ac</strong></span> <span class='ocrx_word' id='word_1_191' title='bbox 891 2691 1099 2735; x_wconf 88' lang='lat' dir='ltr'><strong>terrere</strong></span> <span class='ocrx_word' id='word_1_192' title='bbox 1134 2691 1237 2730; x_wconf 89' lang='lat' dir='ltr'><strong>nos</strong></span> <span class='ocrx_word' id='word_1_193' title='bbox 1280 2669 1524 2727; x_wconf 89' lang='lat' dir='ltr'><strong>desinas.</strong></span> <span class='ocrx_word' id='word_1_194' title='bbox 1566 2663 1780 2720; x_wconf 84' lang='lat' dir='ltr'><strong>Placuit</strong></span> <span class='ocrx_word' id='word_1_195' title='bbox 1815 2675 2017 2730; x_wconf 85' lang='lat' dir='ltr'><strong>pr0po-</strong></span> 
     </span>
    </p>
   </div>
   <div class='ocr_carea' id='block_1_29' title="bbox 450 2747 2011 2838">
    <p class='ocr_par' dir='ltr' id='par_1_29' title="bbox 450 2747 2011 2838">
     <span class='ocr_line' id='line_1_29' title="bbox 450 2747 2011 2838; baseline -0.024 -1"><span class='ocrx_word' id='word_1_196' title='bbox 450 2747 580 2838; x_wconf 65' lang='lat' dir='ltr'><strong>sitio</strong></span> <span class='ocrx_word' id='word_1_197' title='bbox 603 2775 749 2832; x_wconf 90' lang='lat' dir='ltr'><strong>leoni</strong></span> <span class='ocrx_word' id='word_1_198' title='bbox 777 2795 791 2828; x_wconf 85' lang='lat'><strong>:</strong></span> <span class='ocrx_word' id='word_1_199' title='bbox 822 2773 1194 2836; x_wconf 75' lang='lat' dir='ltr'><strong>deincepsque</strong></span> <span class='ocrx_word' id='word_1_200' title='bbox 1222 2760 1545 2833; x_wconf 88' lang='lat' dir='ltr'><strong>quotidiana</strong></span> <span class='ocrx_word' id='word_1_201' title='bbox 1564 2753 1858 2810; x_wconf 87' lang='lat' dir='ltr'><strong>sortitione</strong></span> <span class='ocrx_word' id='word_1_202' title='bbox 1877 2747 2011 2803; x_wconf 84' lang='lat' dir='ltr'><strong>desi-</strong></span> 
     </span>
    </p>
   </div>
   <div class='ocr_carea' id='block_1_30' title="bbox 451 2841 2019 2944">
    <p class='ocr_par' dir='ltr' id='par_1_30' title="bbox 451 2841 2019 2944">
     <span class='ocr_line' id='line_1_30' title="bbox 451 2841 2019 2944; baseline -0.023 -15"><span class='ocrx_word' id='word_1_203' title='bbox 451 2884 674 2944; x_wconf 73' lang='lat' dir='ltr'><strong>gnatum</strong></span> <span class='ocrx_word' id='word_1_204' title='bbox 731 2865 931 2923; x_wconf 84' lang='lat' dir='ltr'><strong>animal</strong></span> <span class='ocrx_word' id='word_1_205' title='bbox 987 2875 1179 2923; x_wconf 91' lang='lat' dir='ltr'><strong>unum,</strong></span> <span class='ocrx_word' id='word_1_206' title='bbox 1235 2871 1264 2910; x_wconf 90' lang='lat' dir='ltr'><strong>a</strong></span> <span class='ocrx_word' id='word_1_207' title='bbox 1314 2854 1531 2908; x_wconf 89' lang='lat' dir='ltr'><strong>delecto</strong></span> <span class='ocrx_word' id='word_1_208' title='bbox 1571 2847 1638 2902; x_wconf 87' lang='lat' dir='ltr'><strong>ad</strong></span> <span class='ocrx_word' id='word_1_209' title='bbox 1686 2844 1738 2899; x_wconf 88' lang='lat' dir='ltr'><strong>id</strong></span> <span class='ocrx_word' id='word_1_210' title='bbox 1799 2841 2019 2912; x_wconf 86' lang='lat' dir='ltr'><strong>publice</strong></span> 
     </span>
    </p>
   </div>
   <div class='ocr_carea' id='block_1_31' title="bbox 453 2932 2022 3020">
    <p class='ocr_par' dir='ltr' id='par_1_31' title="bbox 453 2932 2022 3020">
     <span class='ocr_line' id='line_1_31' title="bbox 453 2932 2022 3020; baseline -0.023 0"><span class='ocrx_word' id='word_1_211' title='bbox 453 2932 708 3020; x_wconf 71' lang='lat' dir='ltr'><strong>iiiinistro</strong></span> <span class='ocrx_word' id='word_1_212' title='bbox 735 2957 1111 3013; x_wconf 83' lang='lat' dir='ltr'><strong>deducebatur</strong></span> <span class='ocrx_word' id='word_1_213' title='bbox 1142 2949 1207 3002; x_wconf 90' lang='lat' dir='ltr'><strong>ad</strong></span> <span class='ocrx_word' id='word_1_214' title='bbox 1241 2947 1481 3001; x_wconf 87' lang='lat' dir='ltr'><strong>leonem.</strong></span> <span class='ocrx_word' id='word_1_215' title='bbox 1514 2941 1643 2994; x_wconf 80' lang='lat' dir='ltr'><strong>Post</strong></span> <span class='ocrx_word' id='word_1_216' title='bbox 1675 2935 1877 2990; x_wconf 90' lang='lat' dir='ltr'><strong>multos</strong></span> <span class='ocrx_word' id='word_1_217' title='bbox 1903 2932 2022 2985; x_wconf 75' lang='lat' dir='ltr'><strong>dies</strong></span> 
     </span>
    </p>
   </div>
   <div class='ocr_carea' id='block_1_32' title="bbox 454 3029 2023 3113">
    <p class='ocr_par' dir='ltr' id='par_1_32' title="bbox 454 3029 2023 3113">
     <span class='ocr_line' id='line_1_32' title="bbox 454 3029 2023 3113; baseline -0.022 -3"><span class='ocrx_word' id='word_1_218' title='bbox 454 3066 602 3110; x_wconf 85' lang='lat' dir='ltr'><strong>sorte</strong></span> <span class='ocrx_word' id='word_1_219' title='bbox 627 3045 1095 3113; x_wconf 83' lang='lat' dir='ltr'><strong>damnatusiepus</strong></span> <span class='ocrx_word' id='word_1_220' title='bbox 1117 3039 1274 3095; x_wconf 91' lang='lat' dir='ltr'><strong>sicin</strong></span> <span class='ocrx_word' id='word_1_221' title='bbox 1311 3033 1550 3092; x_wconf 89' lang='lat' dir='ltr'><strong>concilio</strong></span> <span class='ocrx_word' id='word_1_222' title='bbox 1585 3029 1886 3084; x_wconf 88' lang='lat' dir='ltr'><strong>bestiarum</strong></span> <span class='ocrx_word' id='word_1_223' title='bbox 1937 3030 2023 3078; x_wconf 89' lang='lat' dir='ltr'><strong>est</strong></span> 
     </span>
    </p>
   </div>
   <div class='ocr_carea' id='block_1_33' title="bbox 453 3119 2019 3201">
    <p class='ocr_par' dir='ltr' id='par_1_33' title="bbox 453 3119 2019 3201">
     <span class='ocr_line' id='line_1_33' title="bbox 453 3119 2019 3201; baseline -0.022 0"><span class='ocrx_word' id='word_1_224' title='bbox 453 3149 676 3201; x_wconf 86' lang='lat' dir='ltr'><strong>locutus</strong></span> <span class='ocrx_word' id='word_1_225' title='bbox 710 3159 724 3195; x_wconf 89' lang='lat'><strong>:</strong></span> <span class='ocrx_word' id='word_1_226' title='bbox 761 3140 816 3195; x_wconf 90' lang='lat' dir='ltr'><strong>Si</strong></span> <span class='ocrx_word' id='word_1_227' title='bbox 840 3153 926 3192; x_wconf 90' lang='lat' dir='ltr'><strong>me</strong></span> <span class='ocrx_word' id='word_1_228' title='bbox 954 3151 1061 3190; x_wconf 87' lang='lat' dir='ltr'><strong>non</strong></span> <span class='ocrx_word' id='word_1_229' title='bbox 1087 3133 1225 3187; x_wconf 83' lang='lat' dir='ltr'><strong>fallit</strong></span> <span class='ocrx_word' id='word_1_230' title='bbox 1250 3131 1494 3190; x_wconf 84' lang='lat' dir='ltr'><strong>animus,</strong></span> <span class='ocrx_word' id='word_1_231' title='bbox 1524 3134 1580 3180; x_wconf 88' lang='lat' dir='ltr'><strong>et</strong></span> <span class='ocrx_word' id='word_1_232' title='bbox 1605 3124 1750 3177; x_wconf 89' lang='lat' dir='ltr'><strong>Deus</strong></span> <span class='ocrx_word' id='word_1_233' title='bbox 1785 3119 2019 3187; x_wconf 82' lang='lat' dir='ltr'><strong>cogitata</strong></span> 
     </span>
    </p>
   </div>
   <div class='ocr_carea' id='block_1_34' title="bbox 455 3210 2018 3299">
    <p class='ocr_par' dir='ltr' id='par_1_34' title="bbox 455 3210 2018 3299">
     <span class='ocr_line' id='line_1_34' title="bbox 455 3210 2018 3299; baseline -0.02 -5"><span class='ocrx_word' id='word_1_234' title='bbox 455 3241 724 3299; x_wconf 90' lang='lat' dir='ltr'><strong>fortunet,</strong></span> <span class='ocrx_word' id='word_1_235' title='bbox 749 3231 995 3286; x_wconf 89' lang='lat' dir='ltr'><strong>liberabo</strong></span> <span class='ocrx_word' id='word_1_236' title='bbox 1020 3242 1116 3280; x_wconf 90' lang='lat' dir='ltr'><strong>vos</strong></span> <span class='ocrx_word' id='word_1_237' title='bbox 1131 3224 1281 3294; x_wconf 85' lang='lat' dir='ltr'><strong>gravi</strong></span> <span class='ocrx_word' id='word_1_238' title='bbox 1306 3236 1473 3275; x_wconf 90' lang='lat' dir='ltr'><strong>onere</strong></span> <span class='ocrx_word' id='word_1_239' title='bbox 1501 3214 1772 3288; x_wconf 81' lang='lat' dir='ltr'><strong>tyrannici</strong></span> <span class='ocrx_word' id='word_1_240' title='bbox 1800 3210 2018 3272; x_wconf 86' lang='lat' dir='ltr'><strong>tributi,</strong></span> 
     </span>
    </p>
   </div>
   <div class='ocr_carea' id='block_1_35' title="bbox 459 3311 2020 3400">
    <p class='ocr_par' dir='ltr' id='par_1_35' title="bbox 459 3311 2020 3400">
     <span class='ocr_line' id='line_1_35' title="bbox 459 3311 2020 3400; baseline -0.021 -11"><span class='ocrx_word' id='word_1_241' title='bbox 459 3334 622 3389; x_wconf 91' lang='lat' dir='ltr'><strong>modo</strong></span> <span class='ocrx_word' id='word_1_242' title='bbox 649 3328 794 3400; x_wconf 89' lang='lat' dir='ltr'><strong>quod</strong></span> <span class='ocrx_word' id='word_1_243' title='bbox 844 3333 993 3394; x_wconf 84' lang='lat' dir='ltr'><strong>peto,</strong></span> <span class='ocrx_word' id='word_1_244' title='bbox 1027 3319 1346 3374; x_wconf 80' lang='lat' dir='ltr'><strong>facillimum</strong></span> <span class='ocrx_word' id='word_1_245' title='bbox 1382 3326 1670 3370; x_wconf 89' lang='lat' dir='ltr'><strong>concessu.</strong></span> <span class='ocrx_word' id='word_1_246' title='bbox 1708 3311 2020 3376; x_wconf 87' lang='lat' dir='ltr'><strong>impetrem.</strong></span> 
     </span>
    </p>
   </div>
   <div class='ocr_carea' id='block_1_36' title="bbox 457 3399 2026 3482">
    <p class='ocr_par' dir='ltr' id='par_1_36' title="bbox 457 3399 2026 3482">
     <span class='ocr_line' id='line_1_36' title="bbox 457 3399 2026 3482; baseline -0.02 0"><span class='ocrx_word' id='word_1_247' title='bbox 457 3429 752 3482; x_wconf 68' lang='lat' dir='ltr'><strong>iusserunt</strong></span> <span class='ocrx_word' id='word_1_248' title='bbox 803 3431 994 3473; x_wconf 89' lang='lat' dir='ltr'><strong>omnes</strong></span> <span class='ocrx_word' id='word_1_249' title='bbox 1040 3413 1226 3466; x_wconf 87' lang='lat' dir='ltr'><strong>dicere</strong></span> <span class='ocrx_word' id='word_1_250' title='bbox 1261 3423 1384 3480; x_wconf 70' lang='lat' dir='ltr'><strong>qum</strong></span> <span class='ocrx_word' id='word_1_251' title='bbox 1418 3407 1600 3460; x_wconf 78' lang='lat' dir='ltr'><strong>vellet.</strong></span> <span class='ocrx_word' id='word_1_252' title='bbox 1641 3402 1702 3454; x_wconf 78' lang='lat' dir='ltr'><strong>Et</strong></span> <span class='ocrx_word' id='word_1_253' title='bbox 1744 3400 1833 3453; x_wconf 92' lang='lat' dir='ltr'><strong>ille</strong></span> <span class='ocrx_word' id='word_1_254' title='bbox 1872 3415 1885 3452; x_wconf 92' lang='lat'>:</span> <span class='ocrx_word' id='word_1_255' title='bbox 1923 3399 2026 3451; x_wconf 81' lang='lat' dir='ltr'><strong>Po-</strong></span> 
     </span>
    </p>
   </div>
   <div class='ocr_carea' id='block_1_37' title="bbox 459 3493 2028 3584">
    <p class='ocr_par' dir='ltr' id='par_1_37' title="bbox 459 3493 2028 3584">
     <span class='ocr_line' id='line_1_37' title="bbox 459 3493 2028 3584; baseline -0.021 -9"><span class='ocrx_word' id='word_1_256' title='bbox 459 3520 629 3579; x_wconf 90' lang='lat' dir='ltr'><strong>stulo,</strong></span> <span class='ocrx_word' id='word_1_257' title='bbox 662 3513 862 3584; x_wconf 90' lang='lat' dir='ltr'><strong>inquit,</strong></span> <span class='ocrx_word' id='word_1_258' title='bbox 893 3511 1003 3563; x_wconf 88' lang='lat' dir='ltr'><strong>duo</strong></span> <span class='ocrx_word' id='word_1_259' title='bbox 1034 3507 1102 3560; x_wconf 88' lang='lat' dir='ltr'><strong>ab</strong></span> <span class='ocrx_word' id='word_1_260' title='bbox 1128 3520 1197 3558; x_wconf 91' lang='lat' dir='ltr'><strong>eo</strong></span> <span class='ocrx_word' id='word_1_261' title='bbox 1229 3503 1322 3572; x_wconf 89' lang='lat' dir='ltr'><strong>qui</strong></span> <span class='ocrx_word' id='word_1_262' title='bbox 1357 3515 1441 3553; x_wconf 90' lang='lat' dir='ltr'><strong>me</strong></span> <span class='ocrx_word' id='word_1_263' title='bbox 1472 3499 1538 3551; x_wconf 91' lang='lat' dir='ltr'><strong>de</strong></span> <span class='ocrx_word' id='word_1_264' title='bbox 1573 3510 1724 3548; x_wconf 88' lang='lat' dir='ltr'><strong>more</strong></span> <span class='ocrx_word' id='word_1_265' title='bbox 1758 3493 2028 3546; x_wconf 77' lang='lat' dir='ltr'><strong>ducturus</strong></span> 
     </span>
    </p>
   </div>
   <div class='ocr_carea' id='block_1_38' title="bbox 411 3579 2028 3674">
    <p class='ocr_par' dir='ltr' id='par_1_38' title="bbox 411 3579 2028 3674">
     <span class='ocr_line' id='line_1_38' title="bbox 411 3579 2028 3674; baseline -0.021 -7"><span class='ocrx_word' id='word_1_266' title='bbox 411 3671 416 3674; x_wconf 95' lang='lat'><em>_</em></span> <span class='ocrx_word' id='word_1_267' title='bbox 462 3611 527 3666; x_wconf 90' lang='lat' dir='ltr'><strong>ad</strong></span> <span class='ocrx_word' id='word_1_268' title='bbox 556 3612 772 3665; x_wconf 89' lang='lat' dir='ltr'><strong>leonem</strong></span> <span class='ocrx_word' id='word_1_269' title='bbox 804 3613 889 3658; x_wconf 90' lang='lat' dir='ltr'><strong>est</strong></span> <span class='ocrx_word' id='word_1_270' title='bbox 919 3622 932 3655; x_wconf 86' lang='lat'><strong>:</strong></span> <span class='ocrx_word' id='word_1_271' title='bbox 965 3602 1202 3669; x_wconf 91' lang='lat' dir='ltr'><strong>primum</strong></span> <span class='ocrx_word' id='word_1_272' title='bbox 1247 3609 1313 3648; x_wconf 91' lang='lat' dir='ltr'><strong>ne</strong></span> <span class='ocrx_word' id='word_1_273' title='bbox 1351 3607 1439 3646; x_wconf 92' lang='lat' dir='ltr'><strong>me</strong></span> <span class='ocrx_word' id='word_1_274' title='bbox 1474 3596 1666 3657; x_wconf 83' lang='lat' dir='ltr'><strong>urgeat</strong></span> <span class='ocrx_word' id='word_1_275' title='bbox 1695 3585 1748 3638; x_wconf 94' lang='lat' dir='ltr'><strong>in</strong></span> <span class='ocrx_word' id='word_1_276' title='bbox 1792 3584 1899 3644; x_wconf 86' lang='lat' dir='ltr'><strong>via,</strong></span> <span class='ocrx_word' id='word_1_277' title='bbox 1930 3579 2028 3634; x_wconf 84' lang='lat' dir='ltr'><strong>sed</strong></span> 
     </span>
    </p>
   </div>
   <div class='ocr_carea' id='block_1_39' title="bbox 464 3677 2030 3757">
    <p class='ocr_par' dir='ltr' id='par_1_39' title="bbox 464 3677 2030 3757">
     <span class='ocr_line' id='line_1_39' title="bbox 464 3677 2030 3757; baseline -0.023 0"><span class='ocrx_word' id='word_1_278' title='bbox 464 3719 550 3757; x_wconf 90' lang='lat' dir='ltr'><strong>me</strong></span> <span class='ocrx_word' id='word_1_279' title='bbox 572 3699 840 3755; x_wconf 89' lang='lat' dir='ltr'><strong>arbitratu</strong></span> <span class='ocrx_word' id='word_1_280' title='bbox 863 3707 985 3747; x_wconf 88' lang='lat' dir='ltr'><strong>meo</strong></span> <span class='ocrx_word' id='word_1_281' title='bbox 1014 3685 1288 3744; x_wconf 87' lang='lat' dir='ltr'><strong>moderari</strong></span> <span class='ocrx_word' id='word_1_282' title='bbox 1318 3696 1562 3753; x_wconf 77' lang='lat' dir='ltr'><strong>gressum</strong></span> <span class='ocrx_word' id='word_1_283' title='bbox 1586 3679 1764 3733; x_wconf 88' lang='lat' dir='ltr'><strong>sinat:</strong></span> <span class='ocrx_word' id='word_1_284' title='bbox 1795 3677 2030 3728; x_wconf 88' lang='lat' dir='ltr'><strong>alterum</strong></span> 
     </span>
    </p>
   </div>
   <div class='ocr_carea' id='block_1_40' title="bbox 467 3763 2026 3860">
    <p class='ocr_par' dir='ltr' id='par_1_40' title="bbox 467 3763 2026 3860">
     <span class='ocr_line' id='line_1_40' title="bbox 467 3763 2026 3860; baseline -0.022 -10"><span class='ocrx_word' id='word_1_285' title='bbox 467 3805 524 3849; x_wconf 92' lang='lat' dir='ltr'><strong>ut</strong></span> <span class='ocrx_word' id='word_1_286' title='bbox 547 3809 670 3848; x_wconf 91' lang='lat' dir='ltr'><strong>cum</strong></span> <span class='ocrx_word' id='word_1_287' title='bbox 697 3805 868 3860; x_wconf 83' lang='lat' dir='ltr'><strong>prope</strong></span> <span class='ocrx_word' id='word_1_288' title='bbox 893 3780 1290 3839; x_wconf 88' lang='lat' dir='ltr'><strong>accesserimus</strong></span> <span class='ocrx_word' id='word_1_289' title='bbox 1316 3775 1381 3830; x_wconf 91' lang='lat' dir='ltr'><strong>ad</strong></span> <span class='ocrx_word' id='word_1_290' title='bbox 1408 3772 1588 3830; x_wconf 89' lang='lat' dir='ltr'><strong>leonis</strong></span> <span class='ocrx_word' id='word_1_291' title='bbox 1613 3782 1862 3839; x_wconf 89' lang='lat' dir='ltr'><strong>specum.</strong></span> <span class='ocrx_word' id='word_1_292' title='bbox 1888 3763 2026 3818; x_wconf 91' lang='lat' dir='ltr'><strong>deli-</strong></span> 
     </span>
    </p>
   </div>
   <div class='ocr_carea' id='block_1_41' title="bbox 468 3863 2033 3953">
    <p class='ocr_par' dir='ltr' id='par_1_41' title="bbox 468 3863 2033 3953">
     <span class='ocr_line' id='line_1_41' title="bbox 468 3863 2033 3953; baseline -0.024 -10"><span class='ocrx_word' id='word_1_293' title='bbox 468 3893 639 3945; x_wconf 88' lang='lat' dir='ltr'><strong>tescat</strong></span> <span class='ocrx_word' id='word_1_294' title='bbox 665 3883 809 3953; x_wconf 85' lang='lat' dir='ltr'><strong>ipse;</strong></span> <span class='ocrx_word' id='word_1_295' title='bbox 841 3895 965 3933; x_wconf 89' lang='lat' dir='ltr'><strong>nam</strong></span> <span class='ocrx_word' id='word_1_296' title='bbox 994 3891 1080 3930; x_wconf 87' lang='lat' dir='ltr'><strong>tne</strong></span> <span class='ocrx_word' id='word_1_297' title='bbox 1099 3883 1362 3942; x_wconf 87' lang='lat' dir='ltr'><strong>apparere</strong></span> <span class='ocrx_word' id='word_1_298' title='bbox 1387 3875 1603 3937; x_wconf 90' lang='lat' dir='ltr'><strong>oportet</strong></span> <span class='ocrx_word' id='word_1_299' title='bbox 1626 3863 1802 3916; x_wconf 86' lang='lat' dir='ltr'><strong>solum</strong></span> <span class='ocrx_word' id='word_1_300' title='bbox 1827 3867 1885 3911; x_wconf 91' lang='lat' dir='ltr'><strong>ut</strong></span> <span class='ocrx_word' id='word_1_301' title='bbox 1913 3869 2033 3924; x_wconf 71' lang='lat' dir='ltr'><strong>qum</strong></span> 
     </span>
    </p>
   </div>
   <div class='ocr_carea' id='block_1_42' title="bbox 470 3943 2033 4032">
    <p class='ocr_par' dir='ltr' id='par_1_42' title="bbox 470 3943 2033 4032">
     <span class='ocr_line' id='line_1_42' title="bbox 470 3943 2033 4032; baseline -0.021 -1"><span class='ocrx_word' id='word_1_302' title='bbox 470 3943 740 4032; x_wconf 70' lang='lat' dir='ltr'><strong>destinavi</strong></span> <span class='ocrx_word' id='word_1_303' title='bbox 821 3979 1138 4024; x_wconf 82' lang='lat' dir='ltr'><strong>successum</strong></span> <span class='ocrx_word' id='word_1_304' title='bbox 1187 3961 1445 4016; x_wconf 87' lang='lat' dir='ltr'><strong>habeant.</strong></span> <span class='ocrx_word' id='word_1_305' title='bbox 1524 3954 1828 4020; x_wconf 88' lang='lat' dir='ltr'><strong>Utrumque</strong></span> <span class='ocrx_word' id='word_1_306' title='bbox 1887 3943 2033 4000; x_wconf 89' lang='lat' dir='ltr'><strong>haud</strong></span> 
     </span>
    </p>
   </div>
   <div class='ocr_carea' id='block_1_43' title="bbox 470 4042 2032 4136">
    <p class='ocr_par' dir='ltr' id='par_1_43' title="bbox 470 4042 2032 4136">
     <span class='ocr_line' id='line_1_43' title="bbox 470 4042 2032 4136; baseline -0.02 -17"><span class='ocrx_word' id='word_1_307' title='bbox 470 4063 695 4136; x_wconf 77' lang='lat' dir='ltr'><strong>gravate</strong></span> <span class='ocrx_word' id='word_1_308' title='bbox 725 4061 934 4118; x_wconf 88' lang='lat' dir='ltr'><strong>datum,</strong></span> <span class='ocrx_word' id='word_1_309' title='bbox 976 4061 1032 4108; x_wconf 90' lang='lat' dir='ltr'><strong>et</strong></span> <span class='ocrx_word' id='word_1_310' title='bbox 1065 4050 1212 4122; x_wconf 89' lang='lat' dir='ltr'><strong>quod</strong></span> <span class='ocrx_word' id='word_1_311' title='bbox 1259 4049 1400 4103; x_wconf 88' lang='lat' dir='ltr'><strong>bene</strong></span> <span class='ocrx_word' id='word_1_312' title='bbox 1431 4051 1676 4099; x_wconf 83' lang='lat' dir='ltr'><strong>verteret</strong></span> <span class='ocrx_word' id='word_1_313' title='bbox 1711 4042 2032 4110; x_wconf 88' lang='lat' dir='ltr'><strong>imperatum</strong></span> 
     </span>
    </p>
   </div>
   <div class='ocr_carea' id='block_1_44' title="bbox 473 4133 2038 4220">
    <p class='ocr_par' dir='ltr' id='par_1_44' title="bbox 473 4133 2038 4220">
     <span class='ocr_line' id='line_1_44' title="bbox 473 4133 2038 4220; baseline -0.02 -9"><span class='ocrx_word' id='word_1_314' title='bbox 473 4133 725 4211; x_wconf 76' lang='lat' dir='ltr'><strong>ministro</strong></span> <span class='ocrx_word' id='word_1_315' title='bbox 787 4147 1010 4220; x_wconf 82' lang='lat' dir='ltr'><strong>publico</strong></span> <span class='ocrx_word' id='word_1_316' title='bbox 1074 4137 1517 4210; x_wconf 76' lang='lat' dir='ltr'><strong>reprzesentatori</strong></span> <span class='ocrx_word' id='word_1_317' title='bbox 1575 4133 1766 4188; x_wconf 87' lang='lat' dir='ltr'><strong>tributi</strong></span> <span class='ocrx_word' id='word_1_318' title='bbox 1819 4139 1923 4193; x_wconf 89' lang='lat' dir='ltr'><strong>est,</strong></span> <span class='ocrx_word' id='word_1_319' title='bbox 1979 4136 2038 4180; x_wconf 90' lang='lat' dir='ltr'><strong>ut</strong></span> 
     </span>
    </p>
   </div>
   <div class='ocr_carea' id='block_1_45' title="bbox 474 4218 2040 4320">
    <p class='ocr_par' dir='ltr' id='par_1_45' title="bbox 474 4218 2040 4320">
     <span class='ocr_line' id='line_1_45' title="bbox 474 4218 2040 4320; baseline -0.022 -15"><span class='ocrx_word' id='word_1_320' title='bbox 474 4247 650 4320; x_wconf 85' lang='lat' dir='ltr'><strong>lepori</strong></span> <span class='ocrx_word' id='word_1_321' title='bbox 698 4218 820 4314; x_wconf 64' lang='lat' dir='ltr'><strong>quae</strong></span> <span class='ocrx_word' id='word_1_322' title='bbox 849 4240 1016 4294; x_wconf 86' lang='lat' dir='ltr'><strong>vellet</strong></span> <span class='ocrx_word' id='word_1_323' title='bbox 1072 4235 1495 4296; x_wconf 75' lang='lat' dir='ltr'><strong>obsequeretur.</strong></span> <span class='ocrx_word' id='word_1_324' title='bbox 1551 4223 1824 4281; x_wconf 83' lang='lat' dir='ltr'><strong>Postridie</strong></span> <span class='ocrx_word' id='word_1_325' title='bbox 1876 4218 2040 4290; x_wconf 72' lang='lat' dir='ltr'><strong>proﬁ-</strong></span> 
     </span>
    </p>
   </div>
   <div class='ocr_carea' id='block_1_46' title="bbox 475 4315 2040 4398">
    <p class='ocr_par' dir='ltr' id='par_1_46' title="bbox 475 4315 2040 4398">
     <span class='ocr_line' id='line_1_46' title="bbox 475 4315 2040 4398; baseline -0.022 -3"><span class='ocrx_word' id='word_1_326' title='bbox 475 4341 782 4398; x_wconf 79' lang='lat' dir='ltr'><strong>ciscuntur,</strong></span> <span class='ocrx_word' id='word_1_327' title='bbox 811 4345 992 4385; x_wconf 88' lang='lat' dir='ltr'><strong>moras</strong></span> <span class='ocrx_word' id='word_1_328' title='bbox 1020 4328 1086 4382; x_wconf 92' lang='lat' dir='ltr'><strong>de</strong></span> <span class='ocrx_word' id='word_1_329' title='bbox 1125 4323 1397 4380; x_wconf 88' lang='lat' dir='ltr'><strong>industria</strong></span> <span class='ocrx_word' id='word_1_330' title='bbox 1426 4328 1680 4372; x_wconf 89' lang='lat' dir='ltr'><strong>nectente</strong></span> <span class='ocrx_word' id='word_1_331' title='bbox 1716 4315 1903 4382; x_wconf 88' lang='lat' dir='ltr'><strong>lepore</strong></span> <span class='ocrx_word' id='word_1_332' title='bbox 1931 4326 2040 4379; x_wconf 92' lang='lat' dir='ltr'><strong>quo</strong></span> 
     </span>
    </p>
   </div>
   <div class='ocr_carea' id='block_1_47' title="bbox 478 4401 2040 4498">
    <p class='ocr_par' dir='ltr' id='par_1_47' title="bbox 478 4401 2040 4498">
     <span class='ocr_line' id='line_1_47' title="bbox 478 4401 2040 4498; baseline -0.02 -16"><span class='ocrx_word' id='word_1_333' title='bbox 478 4441 643 4498; x_wconf 89' lang='lat' dir='ltr'><strong>quam</strong></span> <span class='ocrx_word' id='word_1_334' title='bbox 697 4421 1010 4476; x_wconf 84' lang='lat' dir='ltr'><strong>tardissime</strong></span> <span class='ocrx_word' id='word_1_335' title='bbox 1061 4431 1120 4470; x_wconf 91' lang='lat' dir='ltr'><strong>se</strong></span> <span class='ocrx_word' id='word_1_336' title='bbox 1161 4414 1402 4467; x_wconf 87' lang='lat' dir='ltr'><strong>sisteret.</strong></span> <span class='ocrx_word' id='word_1_337' title='bbox 1457 4408 1565 4461; x_wconf 84' lang='lat' dir='ltr'><strong>Leo</strong></span> <span class='ocrx_word' id='word_1_338' title='bbox 1617 4405 1858 4465; x_wconf 76' lang='lat' dir='ltr'><strong>interim,</strong></span> <span class='ocrx_word' id='word_1_339' title='bbox 1909 4401 2040 4453; x_wconf 90' lang='lat' dir='ltr'><strong>hora</strong></span> 
     </span>
    </p>
   </div>
   <div class='ocr_carea' id='block_1_48' title="bbox 481 4493 2041 4582">
    <p class='ocr_par' dir='ltr' id='par_1_48' title="bbox 481 4493 2041 4582">
     <span class='ocr_line' id='line_1_48' title="bbox 481 4493 2041 4582; baseline -0.019 -9"><span class='ocrx_word' id='word_1_340' title='bbox 481 4493 688 4573; x_wconf 81' lang='lat' dir='ltr'><strong>dudum</strong></span> <span class='ocrx_word' id='word_1_341' title='bbox 737 4510 1010 4582; x_wconf 70' lang='lat' dir='ltr'><strong>praeterita</strong></span> <span class='ocrx_word' id='word_1_342' title='bbox 1067 4503 1315 4560; x_wconf 91' lang='lat' dir='ltr'><strong>consueti</strong></span> <span class='ocrx_word' id='word_1_343' title='bbox 1389 4509 1597 4570; x_wconf 88' lang='lat' dir='ltr'><strong>pastus,</strong></span> <span class='ocrx_word' id='word_1_344' title='bbox 1667 4495 1808 4549; x_wconf 85' lang='lat' dir='ltr'><strong>fame</strong></span> <span class='ocrx_word' id='word_1_345' title='bbox 1853 4493 2041 4558; x_wconf 90' lang='lat' dir='ltr'><strong>iraque</strong></span> 
     </span>
    </p>
   </div>
   <div class='ocr_carea' id='block_1_49' title="bbox 482 4582 2047 4666">
    <p class='ocr_par' dir='ltr' id='par_1_49' title="bbox 482 4582 2047 4666">
     <span class='ocr_line' id='line_1_49' title="bbox 482 4582 2047 4666; baseline -0.021 -1"><span class='ocrx_word' id='word_1_346' title='bbox 482 4603 904 4665; x_wconf 85' lang='lat' dir='ltr'><strong>stimulantibus</strong></span> <span class='ocrx_word' id='word_1_347' title='bbox 933 4591 1414 4666; x_wconf 86' lang='lat' dir='ltr'><strong>impatientissime</strong></span> <span class='ocrx_word' id='word_1_348' title='bbox 1449 4588 1698 4650; x_wconf 80' lang='lat' dir='ltr'><strong>furebat,</strong></span> <span class='ocrx_word' id='word_1_349' title='bbox 1731 4600 1854 4640; x_wconf 86' lang='lat' dir='ltr'><strong>cum</strong></span> <span class='ocrx_word' id='word_1_350' title='bbox 1883 4582 2047 4636; x_wconf 71' lang='lat' dir='ltr'><strong>om-rt</strong></span> 
     </span>
    </p>
   </div>
   <div class='ocr_carea' id='block_1_50' title="bbox 481 4677 2047 4752">
    <p class='ocr_par' dir='ltr' id='par_1_50' title="bbox 481 4677 2047 4752">
     <span class='ocr_line' id='line_1_50' title="bbox 481 4677 2047 4752; baseline -0.021 1"><span class='ocrx_word' id='word_1_351' title='bbox 481 4711 610 4752; x_wconf 84' lang='lat' dir='ltr'><strong>ecce</strong></span> <span class='ocrx_word' id='word_1_352' title='bbox 649 4692 725 4746; x_wconf 85' lang='lat' dir='ltr'><strong>illi</strong></span> <span class='ocrx_word' id='word_1_353' title='bbox 781 4703 837 4744; x_wconf 88' lang='lat' dir='ltr'><strong>se</strong></span> <span class='ocrx_word' id='word_1_354' title='bbox 891 4687 994 4741; x_wconf 88' lang='lat' dir='ltr'><strong>sub</strong></span> <span class='ocrx_word' id='word_1_355' title='bbox 1032 4696 1318 4751; x_wconf 79' lang='lat' dir='ltr'><strong>vesperam</strong></span> <span class='ocrx_word' id='word_1_356' title='bbox 1383 4677 1535 4734; x_wconf 88' lang='lat' dir='ltr'><strong>solus</strong></span> <span class='ocrx_word' id='word_1_357' title='bbox 1585 4683 1788 4744; x_wconf 64' lang='lat' dir='ltr'><strong>praeter</strong></span> <span class='ocrx_word' id='word_1_358' title='bbox 1836 4684 2047 4723; x_wconf 87' lang='lat' dir='ltr'><strong>morem</strong></span> 
     </span>
    </p>
   </div>
   <div class='ocr_carea' id='block_1_51' title="bbox 481 4759 2050 4860">
    <p class='ocr_par' dir='ltr' id='par_1_51' title="bbox 481 4759 2050 4860">
     <span class='ocr_line' id='line_1_51' title="bbox 481 4759 2050 4860; baseline -0.022 -14"><span class='ocrx_word' id='word_1_359' title='bbox 481 4791 662 4860; x_wconf 85' lang='lat' dir='ltr'><strong>lepus.</strong></span> <span class='ocrx_word' id='word_1_360' title='bbox 697 4783 798 4840; x_wconf 91' lang='lat' dir='ltr'><strong>Cui</strong></span> <span class='ocrx_word' id='word_1_361' title='bbox 842 4781 952 4843; x_wconf 89' lang='lat' dir='ltr'><strong>ille,</strong></span> <span class='ocrx_word' id='word_1_362' title='bbox 987 4778 1118 4843; x_wconf 76' lang='lat' dir='ltr'><strong>Quae</strong></span> <span class='ocrx_word' id='word_1_363' title='bbox 1161 4773 1352 4828; x_wconf 69' lang='lat' dir='ltr'><strong>isthiec</strong></span> <span class='ocrx_word' id='word_1_364' title='bbox 1408 4769 1613 4824; x_wconf 89' lang='lat' dir='ltr'><strong>malum</strong></span> <span class='ocrx_word' id='word_1_365' title='bbox 1652 4763 1878 4834; x_wconf 81' lang='lat' dir='ltr'><strong>perfidia</strong></span> <span class='ocrx_word' id='word_1_366' title='bbox 1931 4759 2050 4813; x_wconf 84' lang='lat' dir='ltr'><strong>est?</strong></span> 
     </span>
    </p>
   </div>
   <div class='ocr_carea' id='block_1_52' title="bbox 487 4853 2050 4949">
    <p class='ocr_par' dir='ltr' id='par_1_52' title="bbox 487 4853 2050 4949">
     <span class='ocr_line' id='line_1_52' title="bbox 487 4853 2050 4949; baseline -0.02 -15"><span class='ocrx_word' id='word_1_367' title='bbox 487 4853 666 4949; x_wconf 71' lang='lat' dir='ltr'><strong>inquit</strong></span> <span class='ocrx_word' id='word_1_368' title='bbox 689 4897 700 4930; x_wconf 95' lang='lat'>:</span> <span class='ocrx_word' id='word_1_369' title='bbox 726 4874 936 4928; x_wconf 81' lang='lat' dir='ltr'><strong>docebo</strong></span> <span class='ocrx_word' id='word_1_370' title='bbox 961 4881 1062 4938; x_wconf 82' lang='lat' dir='ltr'><strong>ego</strong></span> <span class='ocrx_word' id='word_1_371' title='bbox 1084 4881 1178 4921; x_wconf 87' lang='lat' dir='ltr'><strong>vos</strong></span> <span class='ocrx_word' id='word_1_372' title='bbox 1197 4863 1373 4934; x_wconf 87' lang='lat' dir='ltr'><strong>pactis</strong></span> <span class='ocrx_word' id='word_1_373' title='bbox 1397 4869 1564 4914; x_wconf 89' lang='lat' dir='ltr'><strong>stare.</strong></span> <span class='ocrx_word' id='word_1_374' title='bbox 1589 4857 1751 4910; x_wconf 82' lang='lat' dir='ltr'><strong>Plura</strong></span> <span class='ocrx_word' id='word_1_375' title='bbox 1775 4853 2050 4906; x_wconf 86' lang='lat' dir='ltr'><strong>dicturum</strong></span> 
     </span>
    </p>
   </div>
   <div class='ocr_carea' id='block_1_53' title="bbox 487 4945 2052 5026">
    <p class='ocr_par' dir='ltr' id='par_1_53' title="bbox 487 4945 2052 5026">
     <span class='ocr_line' id='line_1_53' title="bbox 487 4945 2052 5026; baseline -0.021 1"><span class='ocrx_word' id='word_1_376' title='bbox 487 4983 544 5026; x_wconf 94' lang='lat' dir='ltr'><strong>et</strong></span> <span class='ocrx_word' id='word_1_377' title='bbox 597 4971 922 5024; x_wconf 79' lang='lat' dir='ltr'><strong>irruentem.</strong></span> <span class='ocrx_word' id='word_1_378' title='bbox 979 4957 1300 5026; x_wconf 88' lang='lat' dir='ltr'><strong>interpellat</strong></span> <span class='ocrx_word' id='word_1_379' title='bbox 1367 4949 1766 5007; x_wconf 85' lang='lat' dir='ltr'><strong>demississime</strong></span> <span class='ocrx_word' id='word_1_380' title='bbox 1824 4945 2052 5013; x_wconf 78' lang='lat' dir='ltr'><strong>supplex</strong></span> 
     </span>
    </p>
   </div>
   <div class='ocr_carea' id='block_1_54' title="bbox 490 5039 2055 5130">
    <p class='ocr_par' dir='ltr' id='par_1_54' title="bbox 490 5039 2055 5130">
     <span class='ocr_line' id='line_1_54' title="bbox 490 5039 2055 5130; baseline -0.02 -12"><span class='ocrx_word' id='word_1_381' title='bbox 490 5063 646 5130; x_wconf 82' lang='lat' dir='ltr'><strong>lepus</strong></span> <span class='ocrx_word' id='word_1_382' title='bbox 671 5077 684 5111; x_wconf 91' lang='lat'>:</span> <span class='ocrx_word' id='word_1_383' title='bbox 722 5057 779 5110; x_wconf 91' lang='lat' dir='ltr'><strong>Si</strong></span> <span class='ocrx_word' id='word_1_384' title='bbox 811 5068 896 5106; x_wconf 89' lang='lat' dir='ltr'><strong>me</strong></span> <span class='ocrx_word' id='word_1_385' title='bbox 922 5051 1098 5112; x_wconf 87' lang='lat' dir='ltr'><strong>audis,</strong></span> <span class='ocrx_word' id='word_1_386' title='bbox 1117 5046 1358 5109; x_wconf 89' lang='lat' dir='ltr'><strong>domine,</strong></span> <span class='ocrx_word' id='word_1_387' title='bbox 1382 5041 1528 5112; x_wconf 89' lang='lat' dir='ltr'><strong>quod</strong></span> <span class='ocrx_word' id='word_1_388' title='bbox 1551 5051 1639 5093; x_wconf 92' lang='lat' dir='ltr'><strong>tua</strong></span> <span class='ocrx_word' id='word_1_389' title='bbox 1671 5039 1810 5092; x_wconf 81' lang='lat' dir='ltr'><strong>scire</strong></span> <span class='ocrx_word' id='word_1_390' title='bbox 1838 5049 2055 5104; x_wconf 80' lang='lat' dir='ltr'><strong>magno-</strong></span> 
     </span>
    </p>
   </div>
   <div class='ocr_carea' id='block_1_55' title="bbox 495 5124 2055 5222">
    <p class='ocr_par' dir='ltr' id='par_1_55' title="bbox 495 5124 2055 5222">
     <span class='ocr_line' id='line_1_55' title="bbox 495 5124 2055 5222; baseline -0.019 -16"><span class='ocrx_word' id='word_1_391' title='bbox 495 5165 623 5222; x_wconf 79' lang='lat' dir='ltr'><strong>pere</strong></span> <span class='ocrx_word' id='word_1_392' title='bbox 651 5149 899 5207; x_wconf 86' lang='lat' dir='ltr'><strong>interest,</strong></span> <span class='ocrx_word' id='word_1_393' title='bbox 921 5143 1218 5200; x_wconf 87' lang='lat' dir='ltr'><strong>dicturum,</strong></span> <span class='ocrx_word' id='word_1_394' title='bbox 1248 5149 1359 5189; x_wconf 87' lang='lat' dir='ltr'><strong>non</strong></span> <span class='ocrx_word' id='word_1_395' title='bbox 1393 5133 1568 5188; x_wconf 85' lang='lat' dir='ltr'><strong>solum</strong></span> <span class='ocrx_word' id='word_1_396' title='bbox 1601 5131 1846 5197; x_wconf 77' lang='lat' dir='ltr'><strong>ignosces</strong></span> <span class='ocrx_word' id='word_1_397' title='bbox 1877 5124 2055 5183; x_wconf 90' lang='lat' dir='ltr'><strong>nobis,</strong></span> 
     </span>
    </p>
   </div>
   <div class='ocr_carea' id='block_1_56' title="bbox 496 5217 2061 5298">
    <p class='ocr_par' dir='ltr' id='par_1_56' title="bbox 496 5217 2061 5298">
     <span class='ocr_line' id='line_1_56' title="bbox 496 5217 2061 5298; baseline -0.019 -1"><span class='ocrx_word' id='word_1_398' title='bbox 496 5217 590 5298; x_wconf 74' lang='lat' dir='ltr'><strong>sed</strong></span> <span class='ocrx_word' id='word_1_399' title='bbox 615 5248 671 5295; x_wconf 89' lang='lat' dir='ltr'><strong>et</strong></span> <span class='ocrx_word' id='word_1_400' title='bbox 703 5235 954 5292; x_wconf 86' lang='lat' dir='ltr'><strong>laudabis</strong></span> <span class='ocrx_word' id='word_1_401' title='bbox 986 5231 1146 5284; x_wconf 88' lang='lat' dir='ltr'><strong>fidem</strong></span> <span class='ocrx_word' id='word_1_402' title='bbox 1178 5236 1450 5281; x_wconf 90' lang='lat' dir='ltr'><strong>nostram.</strong></span> <span class='ocrx_word' id='word_1_403' title='bbox 1483 5221 1718 5277; x_wconf 87' lang='lat' dir='ltr'><strong>Obvium</strong></span> <span class='ocrx_word' id='word_1_404' title='bbox 1752 5233 1810 5272; x_wconf 88' lang='lat' dir='ltr'><strong>se</strong></span> <span class='ocrx_word' id='word_1_405' title='bbox 1837 5217 2061 5270; x_wconf 86' lang='lat' dir='ltr'><strong>venien-</strong></span> 
     </span>
    </p>
   </div>
   <div class='ocr_carea' id='block_1_57' title="bbox 497 5313 2058 5391">
    <p class='ocr_par' dir='ltr' id='par_1_57' title="bbox 497 5313 2058 5391">
     <span class='ocr_line' id='line_1_57' title="bbox 497 5313 2058 5391; baseline -0.02 -1"><span class='ocrx_word' id='word_1_406' title='bbox 497 5337 648 5391; x_wconf 88' lang='lat' dir='ltr'><strong>tibus</strong></span> <span class='ocrx_word' id='word_1_407' title='bbox 674 5335 781 5385; x_wconf 89' lang='lat' dir='ltr'><strong>huc</strong></span> <span class='ocrx_word' id='word_1_408' title='bbox 814 5326 972 5380; x_wconf 85' lang='lat' dir='ltr'><strong>nobis</strong></span> <span class='ocrx_word' id='word_1_409' title='bbox 993 5323 1114 5377; x_wconf 89' lang='lat' dir='ltr'><strong>tulit</strong></span> <span class='ocrx_word' id='word_1_410' title='bbox 1146 5321 1233 5375; x_wconf 84' lang='lat' dir='ltr'><strong>leo</strong></span> <span class='ocrx_word' id='word_1_411' title='bbox 1256 5317 1418 5381; x_wconf 89' lang='lat' dir='ltr'><strong>alius,</strong></span> <span class='ocrx_word' id='word_1_412' title='bbox 1445 5316 1537 5384; x_wconf 90' lang='lat' dir='ltr'><strong>qui</strong></span> <span class='ocrx_word' id='word_1_413' title='bbox 1569 5313 1852 5366; x_wconf 87' lang='lat' dir='ltr'><strong>ductorem</strong></span> <span class='ocrx_word' id='word_1_414' title='bbox 1882 5321 2058 5360; x_wconf 82' lang='lat' dir='ltr'><strong>Illettm</strong></span> 
     </span>
    </p>
   </div>
   <div class='ocr_carea' id='block_1_58' title="bbox 501 5401 2063 5491">
    <p class='ocr_par' dir='ltr' id='par_1_58' title="bbox 501 5401 2063 5491">
     <span class='ocr_line' id='line_1_58' title="bbox 501 5401 2063 5491; baseline -0.02 -11"><span class='ocrx_word' id='word_1_415' title='bbox 501 5439 588 5481; x_wconf 83' lang='lat' dir='ltr'><strong>me</strong></span> <span class='ocrx_word' id='word_1_416' title='bbox 633 5423 896 5491; x_wconf 71' lang='lat' dir='ltr'><strong>majorem</strong></span> <span class='ocrx_word' id='word_1_417' title='bbox 955 5413 1224 5482; x_wconf 90' lang='lat' dir='ltr'><strong>arripuit;</strong></span> <span class='ocrx_word' id='word_1_418' title='bbox 1287 5424 1354 5462; x_wconf 91' lang='lat' dir='ltr'><strong>ac</strong></span> <span class='ocrx_word' id='word_1_419' title='bbox 1413 5403 1853 5461; x_wconf 84' lang='lat' dir='ltr'><strong>contestautibns</strong></span> <span class='ocrx_word' id='word_1_420' title='bbox 1905 5401 2063 5451; x_wconf 75' lang='lat' dir='ltr'><strong>enixe</strong></span> 
     </span>
    </p>
   </div>
   <div class='ocr_carea' id='block_1_59' title="bbox 504 5491 2061 5576">
    <p class='ocr_par' dir='ltr' id='par_1_59' title="bbox 504 5491 2061 5576">
     <span class='ocr_line' id='line_1_59' title="bbox 504 5491 2061 5576; baseline -0.021 -3"><span class='ocrx_word' id='word_1_421' title='bbox 504 5516 683 5576; x_wconf 87' lang='lat' dir='ltr'><strong>nobis,</strong></span> <span class='ocrx_word' id='word_1_422' title='bbox 737 5516 1046 5564; x_wconf 87' lang='lat' dir='ltr'><strong>commeatu</strong></span> <span class='ocrx_word' id='word_1_423' title='bbox 1089 5521 1191 5558; x_wconf 90' lang='lat' dir='ltr'><strong>nos</strong></span> <span class='ocrx_word' id='word_1_424' title='bbox 1227 5512 1322 5555; x_wconf 94' lang='lat' dir='ltr'><strong>tuo</strong></span> <span class='ocrx_word' id='word_1_425' title='bbox 1366 5515 1429 5552; x_wconf 89' lang='lat' dir='ltr'><strong>ac</strong></span> <span class='ocrx_word' id='word_1_426' title='bbox 1472 5500 1630 5568; x_wconf 81' lang='lat' dir='ltr'><strong>jussu</strong></span> <span class='ocrx_word' id='word_1_427' title='bbox 1680 5494 1924 5548; x_wconf 87' lang='lat' dir='ltr'><strong>debitum</strong></span> <span class='ocrx_word' id='word_1_428' title='bbox 1965 5491 2061 5542; x_wconf 82' lang='lat' dir='ltr'><strong>tibi</strong></span> 
     </span>
    </p>
   </div>
   <div class='ocr_carea' id='block_1_60' title="bbox 504 5583 2065 5673">
    <p class='ocr_par' dir='ltr' id='par_1_60' title="bbox 504 5583 2065 5673">
     <span class='ocr_line' id='line_1_60' title="bbox 504 5583 2065 5673; baseline -0.017 -12"><span class='ocrx_word' id='word_1_429' title='bbox 504 5605 731 5673; x_wconf 65' lang='lat' dir='ltr'><strong>vertigal</strong></span> <span class='ocrx_word' id='word_1_430' title='bbox 788 5613 1056 5671; x_wconf 85' lang='lat' dir='ltr'><strong>pensuros</strong></span> <span class='ocrx_word' id='word_1_431' title='bbox 1120 5592 1418 5664; x_wconf 74' lang='lat' dir='ltr'><strong>proﬁcisci,</strong></span> <span class='ocrx_word' id='word_1_432' title='bbox 1491 5587 1666 5642; x_wconf 84' lang='lat' dir='ltr'><strong>nihilo</strong></span> <span class='ocrx_word' id='word_1_433' title='bbox 1732 5585 1824 5638; x_wconf 89' lang='lat' dir='ltr'><strong>ille</strong></span> <span class='ocrx_word' id='word_1_434' title='bbox 1887 5583 2065 5634; x_wconf 75' lang='lat' dir='ltr'><strong>series</strong></span> 
     </span>
    </p>
   </div>
   <div class='ocr_carea' id='block_1_61' title="bbox 505 5674 2065 5769">
    <p class='ocr_par' dir='ltr' id='par_1_61' title="bbox 505 5674 2065 5769">
     <span class='ocr_line' id='line_1_61' title="bbox 505 5674 2065 5769; baseline -0.016 -21"><span class='ocrx_word' id='word_1_435' title='bbox 505 5698 711 5769; x_wconf 66' lang='lat' dir='ltr'><strong>peregit</strong></span> <span class='ocrx_word' id='word_1_436' title='bbox 745 5692 889 5758; x_wconf 84' lang='lat' dir='ltr'><strong>quod</strong></span> <span class='ocrx_word' id='word_1_437' title='bbox 920 5697 1183 5758; x_wconf 64' lang='lat' dir='ltr'><strong>coeperat,</strong></span> <span class='ocrx_word' id='word_1_438' title='bbox 1216 5681 1564 5737; x_wconf 88' lang='lat' dir='ltr'><strong>contumeliis</strong></span> <span class='ocrx_word' id='word_1_439' title='bbox 1589 5679 1752 5730; x_wconf 90' lang='lat' dir='ltr'><strong>etiam</strong></span> <span class='ocrx_word' id='word_1_440' title='bbox 1787 5691 1849 5728; x_wconf 87' lang='lat' dir='ltr'><strong>ac</strong></span> <span class='ocrx_word' id='word_1_441' title='bbox 1897 5674 2065 5727; x_wconf 86' lang='lat' dir='ltr'><strong>male-</strong></span> 
     </span>
    </p>
   </div>
   <div class='ocr_carea' id='block_1_62' title="bbox 512 5768 2068 5849">
    <p class='ocr_par' dir='ltr' id='par_1_62' title="bbox 512 5768 2068 5849">
     <span class='ocr_line' id='line_1_62' title="bbox 512 5768 2068 5849; baseline -0.017 -5"><span class='ocrx_word' id='word_1_442' title='bbox 512 5789 696 5849; x_wconf 70' lang='lat' dir='ltr'><strong>dictis,</strong></span> <span class='ocrx_word' id='word_1_443' title='bbox 738 5801 857 5847; x_wconf 75' lang='lat' dir='ltr'><strong>qua-</strong></span> <span class='ocrx_word' id='word_1_444' title='bbox 893 5785 948 5837; x_wconf 91' lang='lat' dir='ltr'><strong>in</strong></span> <span class='ocrx_word' id='word_1_445' title='bbox 985 5789 1144 5846; x_wconf 73' lang='lat' dir='ltr'><strong>caput</strong></span> <span class='ocrx_word' id='word_1_446' title='bbox 1195 5779 1313 5844; x_wconf 80' lang='lat' dir='ltr'><strong>ejus</strong></span> <span class='ocrx_word' id='word_1_447' title='bbox 1356 5783 1589 5835; x_wconf 77' lang='lat' dir='ltr'><strong>vertant,</strong></span> <span class='ocrx_word' id='word_1_448' title='bbox 1634 5768 1978 5823; x_wconf 79' lang='lat' dir='ltr'><strong>incomitiare</strong></span> <span class='ocrx_word' id='word_1_449' title='bbox 2018 5776 2068 5819; x_wconf 85' lang='lat' dir='ltr'><strong>te</strong></span> 
     </span>
    </p>
   </div>
   <div class='ocr_carea' id='block_1_63' title="bbox 2101 540 3668 621">
    <p class='ocr_par' dir='ltr' id='par_1_63' title="bbox 2101 540 3668 621">
     <span class='ocr_line' id='line_1_63' title="bbox 2101 540 3668 621; baseline -0.01 -14"><span class='ocrx_word' id='word_1_450' title='bbox 2101 562 2158 607; x_wconf 87' lang='lat' dir='ltr'><strong>et</strong></span> <span class='ocrx_word' id='word_1_451' title='bbox 2191 564 2387 621; x_wconf 80' lang='lat' dir='ltr'><strong>magno</strong></span> <span class='ocrx_word' id='word_1_452' title='bbox 2412 546 2670 611; x_wconf 90' lang='lat' dir='ltr'><strong>circuitu,</strong></span> <span class='ocrx_word' id='word_1_453' title='bbox 2701 543 3102 613; x_wconf 85' lang='lat' dir='ltr'><strong>laboriosisque</strong></span> <span class='ocrx_word' id='word_1_454' title='bbox 3130 540 3376 604; x_wconf 85' lang='lat' dir='ltr'><strong>latebris,</strong></span> <span class='ocrx_word' id='word_1_455' title='bbox 3404 540 3515 594; x_wconf 88' lang='lat' dir='ltr'><strong>huc</strong></span> <span class='ocrx_word' id='word_1_456' title='bbox 3542 551 3668 593; x_wconf 63' lang='lat' dir='ltr'><strong>tan-</strong></span> 
     </span>
    </p>
   </div>
   <div class='ocr_carea' id='block_1_64' title="bbox 2101 630 3669 708">
    <p class='ocr_par' dir='ltr' id='par_1_64' title="bbox 2101 630 3669 708">
     <span class='ocr_line' id='line_1_64' title="bbox 2101 630 3669 708; baseline -0.01 -11"><span class='ocrx_word' id='word_1_457' title='bbox 2101 643 2247 705; x_wconf 88' lang='lat' dir='ltr'><strong>dem,</strong></span> <span class='ocrx_word' id='word_1_458' title='bbox 2296 654 2366 695; x_wconf 88' lang='lat' dir='ltr'><strong>ne</strong></span> <span class='ocrx_word' id='word_1_459' title='bbox 2413 637 2742 708; x_wconf 88' lang='lat' dir='ltr'><strong>promissum</strong></span> <span class='ocrx_word' id='word_1_460' title='bbox 2803 634 2904 690; x_wconf 92' lang='lat' dir='ltr'><strong>tibi</strong></span> <span class='ocrx_word' id='word_1_461' title='bbox 2968 636 3295 688; x_wconf 86' lang='lat' dir='ltr'><strong>demensum</strong></span> <span class='ocrx_word' id='word_1_462' title='bbox 3348 631 3435 684; x_wconf 86' lang='lat' dir='ltr'><strong>vel</strong></span> <span class='ocrx_word' id='word_1_463' title='bbox 3495 630 3669 684; x_wconf 81' lang='lat' dir='ltr'><strong>seruet</strong></span> 
     </span>
    </p>
   </div>
   <div class='ocr_carea' id='block_1_65' title="bbox 2102 721 3671 798">
    <p class='ocr_par' dir='ltr' id='par_1_65' title="bbox 2102 721 3671 798">
     <span class='ocr_line' id='line_1_65' title="bbox 2102 721 3671 798; baseline -0.01 -11"><span class='ocrx_word' id='word_1_464' title='bbox 2102 731 2334 793; x_wconf 87' lang='lat' dir='ltr'><strong>deforet,</strong></span> <span class='ocrx_word' id='word_1_465' title='bbox 2365 744 2528 798; x_wconf 91' lang='lat' dir='ltr'><strong>quam</strong></span> <span class='ocrx_word' id='word_1_466' title='bbox 2551 726 2788 797; x_wconf 89' lang='lat' dir='ltr'><strong>primum</strong></span> <span class='ocrx_word' id='word_1_467' title='bbox 2813 725 2971 779; x_wconf 79' lang='lat' dir='ltr'><strong>licuit</strong></span> <span class='ocrx_word' id='word_1_468' title='bbox 2999 723 3237 779; x_wconf 81' lang='lat' dir='ltr'><strong>accurri.</strong></span> <span class='ocrx_word' id='word_1_469' title='bbox 3271 722 3553 776; x_wconf 81' lang='lat' dir='ltr'><strong>Turbatus</strong></span> <span class='ocrx_word' id='word_1_470' title='bbox 3587 721 3671 773; x_wconf 88' lang='lat' dir='ltr'><strong>ira</strong></span> 
     </span>
    </p>
   </div>
   <div class='ocr_carea' id='block_1_66' title="bbox 2103 811 3668 884">
    <p class='ocr_par' dir='ltr' id='par_1_66' title="bbox 2103 811 3668 884">
     <span class='ocr_line' id='line_1_66' title="bbox 2103 811 3668 884; baseline -0.009 -8"><span class='ocrx_word' id='word_1_471' title='bbox 2103 824 2157 877; x_wconf 93' lang='lat' dir='ltr'><strong>in</strong></span> <span class='ocrx_word' id='word_1_472' title='bbox 2211 821 2467 876; x_wconf 65' lang='lat' dir='ltr'><strong>aemulum</strong></span> <span class='ocrx_word' id='word_1_473' title='bbox 2521 817 3006 874; x_wconf 87' lang='lat' dir='ltr'><strong>vehementissima</strong></span> <span class='ocrx_word' id='word_1_474' title='bbox 3056 814 3485 884; x_wconf 69' lang='lat' dir='ltr'><strong>superbissimus</strong></span> <span class='ocrx_word' id='word_1_475' title='bbox 3553 811 3668 873; x_wconf 85' lang='lat' dir='ltr'><strong>leo,</strong></span> 
     </span>
    </p>
   </div>
   <div class='ocr_carea' id='block_1_67' title="bbox 2105 904 3671 983">
    <p class='ocr_par' dir='ltr' id='par_1_67' title="bbox 2105 904 3671 983">
     <span class='ocr_line' id='line_1_67' title="bbox 2105 904 3671 983; baseline -0.008 -15"><span class='ocrx_word' id='word_1_476' title='bbox 2105 915 2286 981; x_wconf 89' lang='lat' dir='ltr'><strong>Potes,</strong></span> <span class='ocrx_word' id='word_1_477' title='bbox 2321 912 2522 983; x_wconf 90' lang='lat' dir='ltr'><strong>inquit,</strong></span> <span class='ocrx_word' id='word_1_478' title='bbox 2559 927 2645 966; x_wconf 90' lang='lat' dir='ltr'><strong>me</strong></span> <span class='ocrx_word' id='word_1_479' title='bbox 2671 910 2736 965; x_wconf 85' lang='lat' dir='ltr'><strong>ad</strong></span> <span class='ocrx_word' id='word_1_480' title='bbox 2768 912 2932 964; x_wconf 90' lang='lat' dir='ltr'><strong>istum</strong></span> <span class='ocrx_word' id='word_1_481' title='bbox 2962 908 3231 962; x_wconf 89' lang='lat' dir='ltr'><strong>latronem</strong></span> <span class='ocrx_word' id='word_1_482' title='bbox 3261 905 3501 960; x_wconf 81' lang='lat' dir='ltr'><strong>ducere?</strong></span> <span class='ocrx_word' id='word_1_483' title='bbox 3537 904 3671 958; x_wconf 82' lang='lat' dir='ltr'><strong>Pos-</strong></span> 
     </span>
    </p>
   </div>
   <div class='ocr_carea' id='block_1_68' title="bbox 2103 997 3672 1073">
    <p class='ocr_par' dir='ltr' id='par_1_68' title="bbox 2103 997 3672 1073">
     <span class='ocr_line' id='line_1_68' title="bbox 2103 997 3672 1073; baseline -0.008 -12"><span class='ocrx_word' id='word_1_484' title='bbox 2103 1022 2248 1070; x_wconf 93' lang='lat' dir='ltr'><strong>sum,</strong></span> <span class='ocrx_word' id='word_1_485' title='bbox 2315 1004 2492 1073; x_wconf 91' lang='lat' dir='ltr'><strong>inquit</strong></span> <span class='ocrx_word' id='word_1_486' title='bbox 2553 1003 2732 1072; x_wconf 90' lang='lat' dir='ltr'><strong>lepus,</strong></span> <span class='ocrx_word' id='word_1_487' title='bbox 2768 1016 2869 1056; x_wconf 88' lang='lat' dir='ltr'><strong>nec</strong></span> <span class='ocrx_word' id='word_1_488' title='bbox 2921 1001 3080 1069; x_wconf 82' lang='lat' dir='ltr'><strong>longe</strong></span> <span class='ocrx_word' id='word_1_489' title='bbox 3129 998 3306 1052; x_wconf 89' lang='lat' dir='ltr'><strong>abest.</strong></span> <span class='ocrx_word' id='word_1_490' title='bbox 3355 997 3672 1065; x_wconf 80' lang='lat' dir='ltr'><strong>Statimque</strong></span> 
     </span>
    </p>
   </div>
   <div class='ocr_carea' id='block_1_69' title="bbox 2106 1088 3674 1168">
    <p class='ocr_par' dir='ltr' id='par_1_69' title="bbox 2106 1088 3674 1168">
     <span class='ocr_line' id='line_1_69' title="bbox 2106 1088 3674 1168; baseline -0.006 -18"><span class='ocrx_word' id='word_1_491' title='bbox 2106 1097 2350 1168; x_wconf 63' lang='lat' dir='ltr'><strong>praeiens</strong></span> <span class='ocrx_word' id='word_1_492' title='bbox 2385 1095 2533 1150; x_wconf 89' lang='lat' dir='ltr'><strong>sistit</strong></span> <span class='ocrx_word' id='word_1_493' title='bbox 2561 1093 2775 1148; x_wconf 88' lang='lat' dir='ltr'><strong>leonem</strong></span> <span class='ocrx_word' id='word_1_494' title='bbox 2801 1091 2867 1146; x_wconf 91' lang='lat' dir='ltr'><strong>ad</strong></span> <span class='ocrx_word' id='word_1_495' title='bbox 2902 1106 2963 1145; x_wconf 91' lang='lat' dir='ltr'><strong>os</strong></span> <span class='ocrx_word' id='word_1_496' title='bbox 3000 1091 3170 1158; x_wconf 90' lang='lat' dir='ltr'><strong>putei,</strong></span> <span class='ocrx_word' id='word_1_497' title='bbox 3211 1104 3371 1158; x_wconf 90' lang='lat' dir='ltr'><strong>quem</strong></span> <span class='ocrx_word' id='word_1_498' title='bbox 3403 1088 3457 1141; x_wconf 88' lang='lat' dir='ltr'><strong>in</strong></span> <span class='ocrx_word' id='word_1_499' title='bbox 3487 1088 3674 1142; x_wconf 88' lang='lat' dir='ltr'><strong>vicino</strong></span> 
     </span>
    </p>
   </div>
   <div class='ocr_carea' id='block_1_70' title="bbox 2104 1177 3670 1252">
    <p class='ocr_par' dir='ltr' id='par_1_70' title="bbox 2104 1177 3670 1252">
     <span class='ocr_line' id='line_1_70' title="bbox 2104 1177 3670 1252; baseline -0.01 -9"><span class='ocrx_word' id='word_1_500' title='bbox 2104 1189 2271 1243; x_wconf 89' lang='lat' dir='ltr'><strong>situm</strong></span> <span class='ocrx_word' id='word_1_501' title='bbox 2327 1187 2757 1252; x_wconf 84' lang='lat' dir='ltr'><strong>observaverat;</strong></span> <span class='ocrx_word' id='word_1_502' title='bbox 2815 1194 3249 1248; x_wconf 74' lang='lat' dir='ltr'><strong>conversusque,</strong></span> <span class='ocrx_word' id='word_1_503' title='bbox 3315 1178 3414 1241; x_wconf 90' lang='lat' dir='ltr'><strong>lbi,</strong></span> <span class='ocrx_word' id='word_1_504' title='bbox 3468 1177 3670 1247; x_wconf 86' lang='lat' dir='ltr'><strong>inquit,</strong></span> 
     </span>
    </p>
   </div>
   <div class='ocr_carea' id='block_1_71' title="bbox 2107 1270 3672 1344">
    <p class='ocr_par' dir='ltr' id='par_1_71' title="bbox 2107 1270 3672 1344">
     <span class='ocr_line' id='line_1_71' title="bbox 2107 1270 3672 1344; baseline -0.011 -9"><span class='ocrx_word' id='word_1_505' title='bbox 2107 1281 2339 1344; x_wconf 86' lang='lat' dir='ltr'><strong>habitat,</strong></span> <span class='ocrx_word' id='word_1_506' title='bbox 2392 1277 2518 1333; x_wconf 90' lang='lat' dir='ltr'><strong>inde</strong></span> <span class='ocrx_word' id='word_1_507' title='bbox 2567 1277 2633 1330; x_wconf 88' lang='lat' dir='ltr'><strong>ad</strong></span> <span class='ocrx_word' id='word_1_508' title='bbox 2673 1291 2774 1330; x_wconf 91' lang='lat' dir='ltr'><strong>nos</strong></span> <span class='ocrx_word' id='word_1_509' title='bbox 2799 1275 3018 1342; x_wconf 85' lang='lat' dir='ltr'><strong>erupit;</strong></span> <span class='ocrx_word' id='word_1_510' title='bbox 3076 1273 3284 1339; x_wconf 87' lang='lat' dir='ltr'><strong>inspice</strong></span> <span class='ocrx_word' id='word_1_511' title='bbox 3337 1271 3433 1331; x_wconf 86' lang='lat' dir='ltr'><strong>sis,</strong></span> <span class='ocrx_word' id='word_1_512' title='bbox 3485 1270 3672 1322; x_wconf 84' lang='lat' dir='ltr'><strong>statim</strong></span> 
     </span>
    </p>
   </div>
   <div class='ocr_carea' id='block_1_72' title="bbox 2105 1361 3676 1438">
    <p class='ocr_par' dir='ltr' id='par_1_72' title="bbox 2105 1361 3676 1438">
     <span class='ocr_line' id='line_1_72' title="bbox 2105 1361 3676 1438; baseline -0.01 -11"><span class='ocrx_word' id='word_1_513' title='bbox 2105 1370 2343 1427; x_wconf 79' lang='lat' dir='ltr'><strong>videbis.</strong></span> <span class='ocrx_word' id='word_1_514' title='bbox 2374 1370 2703 1438; x_wconf 81' lang='lat' dir='ltr'><strong>Despectant</strong></span> <span class='ocrx_word' id='word_1_515' title='bbox 2726 1366 2888 1420; x_wconf 87' lang='lat' dir='ltr'><strong>ambo</strong></span> <span class='ocrx_word' id='word_1_516' title='bbox 2914 1363 3096 1425; x_wconf 87' lang='lat' dir='ltr'><strong>simul,</strong></span> <span class='ocrx_word' id='word_1_517' title='bbox 3121 1374 3176 1417; x_wconf 91' lang='lat' dir='ltr'><strong>et</strong></span> <span class='ocrx_word' id='word_1_518' title='bbox 3201 1376 3356 1430; x_wconf 66' lang='lat' dir='ltr'><strong>aqua:</strong></span> <span class='ocrx_word' id='word_1_519' title='bbox 3380 1361 3676 1428; x_wconf 79' lang='lat' dir='ltr'><strong>superﬁcie</strong></span> 
     </span>
    </p>
   </div>
   <div class='ocr_carea' id='block_1_73' title="bbox 2109 1451 3674 1534">
    <p class='ocr_par' dir='ltr' id='par_1_73' title="bbox 2109 1451 3674 1534">
     <span class='ocr_line' id='line_1_73' title="bbox 2109 1451 3674 1534; baseline -0.01 -16"><span class='ocrx_word' id='word_1_520' title='bbox 2109 1463 2399 1534; x_wconf 79' lang='lat' dir='ltr'><strong>imaginem</strong></span> <span class='ocrx_word' id='word_1_521' title='bbox 2443 1459 2678 1514; x_wconf 92' lang='lat' dir='ltr'><strong>intuenti</strong></span> <span class='ocrx_word' id='word_1_522' title='bbox 2713 1458 2857 1512; x_wconf 91' lang='lat' dir='ltr'><strong>leoni</strong></span> <span class='ocrx_word' id='word_1_523' title='bbox 2888 1455 3166 1527; x_wconf 88' lang='lat' dir='ltr'><strong>propriam</strong></span> <span class='ocrx_word' id='word_1_524' title='bbox 3223 1453 3511 1516; x_wconf 85' lang='lat' dir='ltr'><strong>reddente,</strong></span> <span class='ocrx_word' id='word_1_525' title='bbox 3551 1451 3674 1504; x_wconf 71' lang='lat' dir='ltr'><strong>Non</strong></span> 
     </span>
    </p>
   </div>
   <div class='ocr_carea' id='block_1_74' title="bbox 2108 1543 3671 1622">
    <p class='ocr_par' dir='ltr' id='par_1_74' title="bbox 2108 1543 3671 1622">
     <span class='ocr_line' id='line_1_74' title="bbox 2108 1543 3671 1622; baseline -0.009 -13"><span class='ocrx_word' id='word_1_526' title='bbox 2108 1555 2282 1616; x_wconf 87' lang='lat' dir='ltr'><strong>vides.</strong></span> <span class='ocrx_word' id='word_1_527' title='bbox 2313 1553 2494 1622; x_wconf 91' lang='lat' dir='ltr'><strong>inquit</strong></span> <span class='ocrx_word' id='word_1_528' title='bbox 2527 1560 2835 1620; x_wconf 83' lang='lat' dir='ltr'><strong>Opportune</strong></span> <span class='ocrx_word' id='word_1_529' title='bbox 2884 1550 3063 1618; x_wconf 88' lang='lat' dir='ltr'><strong>lepus,</strong></span> <span class='ocrx_word' id='word_1_530' title='bbox 3098 1555 3477 1602; x_wconf 87' lang='lat' dir='ltr'><strong>contumacem</strong></span> <span class='ocrx_word' id='word_1_531' title='bbox 3513 1551 3570 1598; x_wconf 87' lang='lat' dir='ltr'><strong>et</strong></span> <span class='ocrx_word' id='word_1_532' title='bbox 3595 1543 3671 1596; x_wconf 86' lang='lat' dir='ltr'><strong>fe-</strong></span> 
     </span>
    </p>
   </div>
   <div class='ocr_carea' id='block_1_75' title="bbox 2111 1635 3679 1712">
    <p class='ocr_par' dir='ltr' id='par_1_75' title="bbox 2111 1635 3679 1712">
     <span class='ocr_line' id='line_1_75' title="bbox 2111 1635 3679 1712; baseline -0.01 -11"><span class='ocrx_word' id='word_1_533' title='bbox 2111 1647 2271 1701; x_wconf 81' lang='lat' dir='ltr'><strong>rum?</strong></span> <span class='ocrx_word' id='word_1_534' title='bbox 2309 1647 2354 1702; x_wconf 90' lang='lat' dir='ltr'><strong>is</strong></span> <span class='ocrx_word' id='word_1_535' title='bbox 2384 1646 2500 1712; x_wconf 87' lang='lat' dir='ltr'><strong>ipse</strong></span> <span class='ocrx_word' id='word_1_536' title='bbox 2526 1653 2611 1698; x_wconf 81' lang='lat' dir='ltr'><strong>est</strong></span> <span class='ocrx_word' id='word_1_537' title='bbox 2650 1650 2996 1710; x_wconf 88' lang='lat' dir='ltr'><strong>contemptor</strong></span> <span class='ocrx_word' id='word_1_538' title='bbox 3033 1640 3134 1701; x_wconf 90' lang='lat' dir='ltr'><strong>tui,</strong></span> <span class='ocrx_word' id='word_1_539' title='bbox 3175 1637 3458 1706; x_wconf 76' lang='lat' dir='ltr'><strong>vectigalis</strong></span> <span class='ocrx_word' id='word_1_540' title='bbox 3504 1635 3679 1690; x_wconf 87' lang='lat' dir='ltr'><strong>inter-</strong></span> 
     </span>
    </p>
   </div>
   <div class='ocr_carea' id='block_1_76' title="bbox 2109 1727 3678 1802">
    <p class='ocr_par' dir='ltr' id='par_1_76' title="bbox 2109 1727 3678 1802">
     <span class='ocr_line' id='line_1_76' title="bbox 2109 1727 3678 1802; baseline -0.009 -9"><span class='ocrx_word' id='word_1_541' title='bbox 2109 1755 2321 1802; x_wconf 85' lang='lat' dir='ltr'><strong>versor,</strong></span> <span class='ocrx_word' id='word_1_542' title='bbox 2354 1737 2649 1792; x_wconf 77' lang='lat' dir='ltr'><strong>devoratur</strong></span> <span class='ocrx_word' id='word_1_543' title='bbox 2679 1733 2915 1789; x_wconf 89' lang='lat' dir='ltr'><strong>ministri</strong></span> <span class='ocrx_word' id='word_1_544' title='bbox 2947 1731 3178 1802; x_wconf 89' lang='lat' dir='ltr'><strong>publici.</strong></span> <span class='ocrx_word' id='word_1_545' title='bbox 3210 1731 3326 1785; x_wconf 83' lang='lat' dir='ltr'><strong>Non</strong></span> <span class='ocrx_word' id='word_1_546' title='bbox 3365 1728 3545 1782; x_wconf 87' lang='lat' dir='ltr'><strong>tenuit</strong></span> <span class='ocrx_word' id='word_1_547' title='bbox 3571 1727 3678 1780; x_wconf 88' lang='lat' dir='ltr'><strong>im-</strong></span> 
     </span>
    </p>
   </div>
   <div class='ocr_carea' id='block_1_77' title="bbox 2115 1820 3681 1901">
    <p class='ocr_par' dir='ltr' id='par_1_77' title="bbox 2115 1820 3681 1901">
     <span class='ocr_line' id='line_1_77' title="bbox 2115 1820 3681 1901; baseline -0.009 -18"><span class='ocrx_word' id='word_1_548' title='bbox 2115 1842 2302 1901; x_wconf 81' lang='lat' dir='ltr'><strong>petum</strong></span> <span class='ocrx_word' id='word_1_549' title='bbox 2344 1827 2644 1884; x_wconf 69' lang='lat' dir='ltr'><strong>iracnndire</strong></span> <span class='ocrx_word' id='word_1_550' title='bbox 2683 1827 2896 1880; x_wconf 90' lang='lat' dir='ltr'><strong>ultricis</strong></span> <span class='ocrx_word' id='word_1_551' title='bbox 2945 1839 3009 1879; x_wconf 88' lang='lat' dir='ltr'><strong>ea</strong></span> <span class='ocrx_word' id='word_1_552' title='bbox 3063 1837 3296 1878; x_wconf 89' lang='lat' dir='ltr'><strong>cernens</strong></span> <span class='ocrx_word' id='word_1_553' title='bbox 3335 1820 3681 1888; x_wconf 88' lang='lat' dir='ltr'><strong>audiensque</strong></span> 
     </span>
    </p>
   </div>
   <div class='ocr_carea' id='block_1_78' title="bbox 2113 1912 3684 1989">
    <p class='ocr_par' dir='ltr' id='par_1_78' title="bbox 2113 1912 3684 1989">
     <span class='ocr_line' id='line_1_78' title="bbox 2113 1912 3684 1989; baseline -0.007 -14"><span class='ocrx_word' id='word_1_554' title='bbox 2113 1923 2223 1989; x_wconf 73' lang='grc' dir='ltr'><strong>Ιιιο,</strong></span> <span class='ocrx_word' id='word_1_555' title='bbox 2254 1921 2350 1976; x_wconf 91' lang='lat' dir='ltr'><strong>sed</strong></span> <span class='ocrx_word' id='word_1_556' title='bbox 2397 1920 2620 1975; x_wconf 79' lang='lat' dir='ltr'><strong>fremitu</strong></span> <span class='ocrx_word' id='word_1_557' title='bbox 2660 1917 2843 1972; x_wconf 86' lang='lat' dir='ltr'><strong>statim</strong></span> <span class='ocrx_word' id='word_1_558' title='bbox 2898 1916 3121 1970; x_wconf 86' lang='lat' dir='ltr'><strong>immani</strong></span> <span class='ocrx_word' id='word_1_559' title='bbox 3158 1916 3307 1968; x_wconf 87' lang='lat' dir='ltr'><strong>velut</strong></span> <span class='ocrx_word' id='word_1_560' title='bbox 3355 1912 3410 1966; x_wconf 92' lang='lat' dir='ltr'><strong>in</strong></span> <span class='ocrx_word' id='word_1_561' title='bbox 3464 1913 3684 1965; x_wconf 78' lang='lat' dir='ltr'><strong>hostem</strong></span> 
     </span>
    </p>
   </div>
   <div class='ocr_carea' id='block_1_79' title="bbox 2115 2002 3684 2081">
    <p class='ocr_par' dir='ltr' id='par_1_79' title="bbox 2115 2002 3684 2081">
     <span class='ocr_line' id='line_1_79' title="bbox 2115 2002 3684 2081; baseline -0.008 -15"><span class='ocrx_word' id='word_1_562' title='bbox 2115 2015 2353 2075; x_wconf 86' lang='lat' dir='ltr'><strong>irruens,</strong></span> <span class='ocrx_word' id='word_1_563' title='bbox 2396 2012 2555 2081; x_wconf 88' lang='lat' dir='ltr'><strong>aquis</strong></span> <span class='ocrx_word' id='word_1_564' title='bbox 2581 2009 2729 2079; x_wconf 89' lang='lat' dir='ltr'><strong>putei</strong></span> <span class='ocrx_word' id='word_1_565' title='bbox 2759 2009 2991 2063; x_wconf 87' lang='lat' dir='ltr'><strong>haustus</strong></span> <span class='ocrx_word' id='word_1_566' title='bbox 3019 2018 3074 2061; x_wconf 91' lang='lat' dir='ltr'><strong>ct</strong></span> <span class='ocrx_word' id='word_1_567' title='bbox 3108 2005 3408 2061; x_wconf 79' lang='lat' dir='ltr'><strong>suffocatus</strong></span> <span class='ocrx_word' id='word_1_568' title='bbox 3434 2002 3684 2064; x_wconf 85' lang='lat' dir='ltr'><strong>interiit;</strong></span> 
     </span>
    </p>
   </div>
   <div class='ocr_carea' id='block_1_80' title="bbox 2113 2096 3691 2174">
    <p class='ocr_par' dir='ltr' id='par_1_80' title="bbox 2113 2096 3691 2174">
     <span class='ocr_line' id='line_1_80' title="bbox 2113 2096 3691 2174; baseline -0.006 -16"><span class='ocrx_word' id='word_1_569' title='bbox 2113 2105 2299 2174; x_wconf 85' lang='lat' dir='ltr'><strong>lepore</strong></span> <span class='ocrx_word' id='word_1_570' title='bbox 2329 2120 2459 2158; x_wconf 89' lang='lat' dir='ltr'><strong>cum</strong></span> <span class='ocrx_word' id='word_1_571' title='bbox 2487 2103 2664 2158; x_wconf 89' lang='lat' dir='ltr'><strong>accito</strong></span> <span class='ocrx_word' id='word_1_572' title='bbox 2688 2117 2718 2156; x_wconf 90' lang='lat' dir='ltr'><strong>e</strong></span> <span class='ocrx_word' id='word_1_573' title='bbox 2740 2101 2968 2154; x_wconf 91' lang='lat' dir='ltr'><strong>latebris</strong></span> <span class='ocrx_word' id='word_1_574' title='bbox 2985 2100 3240 2164; x_wconf 86' lang='lat' dir='ltr'><strong>ductore,</strong></span> <span class='ocrx_word' id='word_1_575' title='bbox 3267 2097 3433 2152; x_wconf 88' lang='lat' dir='ltr'><strong>salvis</strong></span> <span class='ocrx_word' id='word_1_576' title='bbox 3454 2096 3523 2149; x_wconf 88' lang='lat' dir='ltr'><strong>ad</strong></span> <span class='ocrx_word' id='word_1_577' title='bbox 3554 2109 3691 2148; x_wconf 81' lang='lat' dir='ltr'><strong>suos</strong></span> 
     </span>
    </p>
   </div>
   <div class='ocr_carea' id='block_1_81' title="bbox 2118 2186 3690 2260">
    <p class='ocr_par' dir='ltr' id='par_1_81' title="bbox 2118 2186 3690 2260">
     <span class='ocr_line' id='line_1_81' title="bbox 2118 2186 3690 2260; baseline -0.008 -10"><span class='ocrx_word' id='word_1_578' title='bbox 2118 2196 2503 2258; x_wconf 86' lang='lat' dir='ltr'><strong>redeuntibus,</strong></span> <span class='ocrx_word' id='word_1_579' title='bbox 2551 2209 2614 2247; x_wconf 89' lang='lat' dir='ltr'><strong>ac</strong></span> <span class='ocrx_word' id='word_1_580' title='bbox 2655 2191 2869 2260; x_wconf 75' lang='lat' dir='ltr'><strong>magnis</strong></span> <span class='ocrx_word' id='word_1_581' title='bbox 2924 2192 3168 2260; x_wconf 90' lang='lat' dir='ltr'><strong>ipsorum</strong></span> <span class='ocrx_word' id='word_1_582' title='bbox 3222 2186 3690 2260; x_wconf 76' lang='lat' dir='ltr'><strong>gratulationibus</strong></span> 
     </span>
    </p>
   </div>
   <div class='ocr_carea' id='block_1_82' title="bbox 2115 2281 3688 2358">
    <p class='ocr_par' dir='ltr' id='par_1_82' title="bbox 2115 2281 3688 2358">
     <span class='ocr_line' id='line_1_82' title="bbox 2115 2281 3688 2358; baseline -0.01 -14"><span class='ocrx_word' id='word_1_583' title='bbox 2115 2291 2378 2358; x_wconf 76' lang='lat' dir='ltr'><strong>exceptis.</strong></span> <span class='ocrx_word' id='word_1_584' title='bbox 2433 2287 2515 2342; x_wconf 76' lang='lat' dir='ltr'><strong>Ad</strong></span> <span class='ocrx_word' id='word_1_585' title='bbox 2560 2286 2666 2340; x_wconf 90' lang='lat' dir='ltr'><strong>hoc</strong></span> <span class='ocrx_word' id='word_1_586' title='bbox 2703 2283 3016 2353; x_wconf 80' lang='lat' dir='ltr'><strong>exemplum</strong></span> <span class='ocrx_word' id='word_1_587' title='bbox 3063 2281 3280 2336; x_wconf 84' lang='lat' dir='ltr'><strong>conﬁdo</strong></span> <span class='ocrx_word' id='word_1_588' title='bbox 3328 2293 3415 2332; x_wconf 89' lang='lat' dir='ltr'><strong>me</strong></span> <span class='ocrx_word' id='word_1_589' title='bbox 3464 2291 3688 2347; x_wconf 86' lang='lat' dir='ltr'><strong>quoque</strong></span> 
     </span>
    </p>
   </div>
   <div class='ocr_carea' id='block_1_83' title="bbox 2118 2367 3690 2450">
    <p class='ocr_par' dir='ltr' id='par_1_83' title="bbox 2118 2367 3690 2450">
     <span class='ocr_line' id='line_1_83' title="bbox 2118 2367 3690 2450; baseline -0.009 -16"><span class='ocrx_word' id='word_1_590' title='bbox 2118 2395 2511 2450; x_wconf 85' lang='lat' dir='ltr'><strong>persuasurum</strong></span> <span class='ocrx_word' id='word_1_591' title='bbox 2563 2387 2742 2441; x_wconf 73' lang='lat' dir='ltr'><strong>tauro,</strong></span> <span class='ocrx_word' id='word_1_592' title='bbox 2775 2391 2896 2445; x_wconf 73' lang='lat' dir='ltr'><strong>quae</strong></span> <span class='ocrx_word' id='word_1_593' title='bbox 2930 2375 3086 2428; x_wconf 90' lang='lat' dir='ltr'><strong>illum</strong></span> <span class='ocrx_word' id='word_1_594' title='bbox 3114 2372 3280 2427; x_wconf 89' lang='lat' dir='ltr'><strong>stulte</strong></span> <span class='ocrx_word' id='word_1_595' title='bbox 3314 2368 3598 2425; x_wconf 90' lang='lat' dir='ltr'><strong>credulum</strong></span> <span class='ocrx_word' id='word_1_596' title='bbox 3633 2367 3690 2421; x_wconf 89' lang='lat' dir='ltr'><strong>in</strong></span> 
     </span>
    </p>
   </div>
   <div class='ocr_carea' id='block_1_84' title="bbox 2117 2469 2742 2539">
    <p class='ocr_par' dir='ltr' id='par_1_84' title="bbox 2117 2469 2742 2539">
     <span class='ocr_line' id='line_1_84' title="bbox 2117 2469 2742 2539; baseline -0.016 -11"><span class='ocrx_word' id='word_1_597' title='bbox 2117 2473 2346 2528; x_wconf 75' lang='lat' dir='ltr'><strong>exitium</strong></span> <span class='ocrx_word' id='word_1_598' title='bbox 2373 2469 2742 2539; x_wconf 65' lang='lat' dir='ltr'><strong>praecipitent.</strong></span> 
     </span>
    </p>
   </div>
   <div class='ocr_carea' id='block_1_85' title="bbox 2190 2550 3692 2624">
    <p class='ocr_par' dir='ltr' id='par_1_85' title="bbox 2190 2550 3692 2624">
     <span class='ocr_line' id='line_1_85' title="bbox 2190 2550 3692 2624; baseline -0.008 -9"><span class='ocrx_word' id='word_1_599' title='bbox 2190 2561 2354 2616; x_wconf 78' lang='lat' dir='ltr'><strong>XVII.</strong></span> <span class='ocrx_word' id='word_1_600' title='bbox 2409 2560 2488 2614; x_wconf 88' lang='lat' dir='ltr'><strong>Tu</strong></span> <span class='ocrx_word' id='word_1_601' title='bbox 2531 2575 2688 2624; x_wconf 90' lang='lat' dir='ltr'><strong>vero,</strong></span> <span class='ocrx_word' id='word_1_602' title='bbox 2735 2557 2816 2612; x_wconf 89' lang='lat' dir='ltr'><strong>ait</strong></span> <span class='ocrx_word' id='word_1_603' title='bbox 2848 2557 3180 2619; x_wconf 89' lang='lat' dir='ltr'><strong>Coronatus,</strong></span> <span class='ocrx_word' id='word_1_604' title='bbox 3225 2552 3501 2623; x_wconf 87' lang='lat' dir='ltr'><strong>siquidem</strong></span> <span class='ocrx_word' id='word_1_605' title='bbox 3543 2550 3692 2620; x_wconf 85' lang='lat' dir='ltr'><strong>quod</strong></span> 
     </span>
    </p>
   </div>
   <div class='ocr_carea' id='block_1_86' title="bbox 2119 2645 3694 2721">
    <p class='ocr_par' dir='ltr' id='par_1_86' title="bbox 2119 2645 3694 2721">
     <span class='ocr_line' id='line_1_86' title="bbox 2119 2645 3694 2721; baseline -0.007 -14"><span class='ocrx_word' id='word_1_606' title='bbox 2119 2654 2259 2708; x_wconf 72' lang='lat' dir='ltr'><strong>dies</strong></span> <span class='ocrx_word' id='word_1_607' title='bbox 2288 2661 2466 2721; x_wconf 88' lang='lat' dir='ltr'><strong>potes,</strong></span> <span class='ocrx_word' id='word_1_608' title='bbox 2512 2649 2804 2720; x_wconf 79' lang='lat' dir='ltr'><strong>providere</strong></span> <span class='ocrx_word' id='word_1_609' title='bbox 2827 2659 3030 2713; x_wconf 88' lang='lat' dir='ltr'><strong>tamen,</strong></span> <span class='ocrx_word' id='word_1_610' title='bbox 3055 2647 3371 2717; x_wconf 77' lang='lat' dir='ltr'><strong>priusquam</strong></span> <span class='ocrx_word' id='word_1_611' title='bbox 3409 2645 3462 2699; x_wconf 94' lang='lat' dir='ltr'><strong>id</strong></span> <span class='ocrx_word' id='word_1_612' title='bbox 3497 2659 3694 2712; x_wconf 74' lang='lat' dir='ltr'><strong>aggre-</strong></span> 
     </span>
    </p>
   </div>
   <div class='ocr_carea' id='block_1_87' title="bbox 2119 2738 3692 2809">
    <p class='ocr_par' dir='ltr' id='par_1_87' title="bbox 2119 2738 3692 2809">
     <span class='ocr_line' id='line_1_87' title="bbox 2119 2738 3692 2809; baseline -0.012 -9"><span class='ocrx_word' id='word_1_613' title='bbox 2119 2745 2311 2806; x_wconf 87' lang='lat' dir='ltr'><strong>diaris,</strong></span> <span class='ocrx_word' id='word_1_614' title='bbox 2358 2741 2549 2803; x_wconf 82' lang='lat' dir='ltr'><strong>debes,</strong></span> <span class='ocrx_word' id='word_1_615' title='bbox 2580 2756 2650 2794; x_wconf 86' lang='lat' dir='ltr'><strong>ne</strong></span> <span class='ocrx_word' id='word_1_616' title='bbox 2680 2755 2842 2809; x_wconf 87' lang='lat' dir='ltr'><strong>quam</strong></span> <span class='ocrx_word' id='word_1_617' title='bbox 2888 2738 3226 2792; x_wconf 88' lang='lat' dir='ltr'><strong>machinaris</strong></span> <span class='ocrx_word' id='word_1_618' title='bbox 3259 2748 3418 2790; x_wconf 86' lang='lat' dir='ltr'><strong>tauro</strong></span> <span class='ocrx_word' id='word_1_619' title='bbox 3457 2744 3692 2804; x_wconf 81' lang='lat' dir='ltr'><strong>pestem,</strong></span> 
     </span>
    </p>
   </div>
   <div class='ocr_carea' id='block_1_88' title="bbox 2121 2819 3697 2902">
    <p class='ocr_par' dir='ltr' id='par_1_88' title="bbox 2121 2819 3697 2902">
     <span class='ocr_line' id='line_1_88' title="bbox 2121 2819 3697 2902; baseline -0.009 -11"><span class='ocrx_word' id='word_1_620' title='bbox 2121 2853 2186 2891; x_wconf 86' lang='lat' dir='ltr'><strong>ea</strong></span> <span class='ocrx_word' id='word_1_621' title='bbox 2216 2851 2339 2891; x_wconf 89' lang='lat' dir='ltr'><strong>cum</strong></span> <span class='ocrx_word' id='word_1_622' title='bbox 2371 2834 2548 2889; x_wconf 86' lang='lat' dir='ltr'><strong>leonis</strong></span> <span class='ocrx_word' id='word_1_623' title='bbox 2574 2832 2720 2902; x_wconf 83' lang='lat' dir='ltr'><strong>regis</strong></span> <span class='ocrx_word' id='word_1_624' title='bbox 2751 2831 2926 2886; x_wconf 90' lang='lat' dir='ltr'><strong>nostri</strong></span> <span class='ocrx_word' id='word_1_625' title='bbox 2953 2819 3198 2900; x_wconf 75' lang='lat' dir='ltr'><strong>pernicie</strong></span> <span class='ocrx_word' id='word_1_626' title='bbox 3225 2840 3320 2882; x_wconf 85' lang='lat' dir='ltr'><strong>aut</strong></span> <span class='ocrx_word' id='word_1_627' title='bbox 3345 2825 3697 2881; x_wconf 85' lang='lat' dir='ltr'><strong>incommodo</strong></span> 
     </span>
    </p>
   </div>
   <div class='ocr_carea' id='block_1_89' title="bbox 2123 2920 3697 2997">
    <p class='ocr_par' dir='ltr' id='par_1_89' title="bbox 2123 2920 3697 2997">
     <span class='ocr_line' id='line_1_89' title="bbox 2123 2920 3697 2997; baseline -0.011 -14"><span class='ocrx_word' id='word_1_628' title='bbox 2123 2929 2415 2997; x_wconf 82' lang='lat' dir='ltr'><strong>conjuncta</strong></span> <span class='ocrx_word' id='word_1_629' title='bbox 2450 2927 2559 2992; x_wconf 88' lang='lat' dir='ltr'><strong>sit;</strong></span> <span class='ocrx_word' id='word_1_630' title='bbox 2608 2924 2879 2978; x_wconf 89' lang='lat' dir='ltr'><strong>denuntio</strong></span> <span class='ocrx_word' id='word_1_631' title='bbox 2909 2921 3056 2976; x_wconf 90' lang='lat' dir='ltr'><strong>enim</strong></span> <span class='ocrx_word' id='word_1_632' title='bbox 3105 2920 3203 2973; x_wconf 86' lang='lat' dir='ltr'><strong>tibi</strong></span> <span class='ocrx_word' id='word_1_633' title='bbox 3238 2933 3324 2972; x_wconf 89' lang='lat' dir='ltr'><strong>me</strong></span> <span class='ocrx_word' id='word_1_634' title='bbox 3359 2926 3697 2983; x_wconf 59' lang='lat' dir='ltr'><strong>exterasque</strong></span> 
     </span>
    </p>
   </div>
   <div class='ocr_carea' id='block_1_90' title="bbox 2124 3008 3696 3086">
    <p class='ocr_par' dir='ltr' id='par_1_90' title="bbox 2124 3008 3696 3086">
     <span class='ocr_line' id='line_1_90' title="bbox 2124 3008 3696 3086; baseline -0.01 -13"><span class='ocrx_word' id='word_1_635' title='bbox 2124 3020 2433 3074; x_wconf 80' lang='lat' dir='ltr'><strong>animantes</strong></span> <span class='ocrx_word' id='word_1_636' title='bbox 2482 3032 2602 3086; x_wconf 68' lang='lat' dir='ltr'><strong>qua:</strong></span> <span class='ocrx_word' id='word_1_637' title='bbox 2659 3022 3007 3070; x_wconf 88' lang='lat' dir='ltr'><strong>sacramento</strong></span> <span class='ocrx_word' id='word_1_638' title='bbox 3062 3012 3211 3066; x_wconf 89' lang='lat' dir='ltr'><strong>leoni</strong></span> <span class='ocrx_word' id='word_1_639' title='bbox 3249 3008 3510 3069; x_wconf 75' lang='lat' dir='ltr'><strong>diximus,</strong></span> <span class='ocrx_word' id='word_1_640' title='bbox 3582 3022 3696 3058; x_wconf 71' lang='lat' dir='ltr'><strong>non</strong></span> 
     </span>
    </p>
   </div>
   <div class='ocr_carea' id='block_1_91' title="bbox 2127 3097 3701 3180">
    <p class='ocr_par' dir='ltr' id='par_1_91' title="bbox 2127 3097 3701 3180">
     <span class='ocr_line' id='line_1_91' title="bbox 2127 3097 3701 3180; baseline -0.008 -19"><span class='ocrx_word' id='word_1_641' title='bbox 2127 3111 2495 3180; x_wconf 85' lang='lat' dir='ltr'><strong>permissuros</strong></span> <span class='ocrx_word' id='word_1_642' title='bbox 2519 3121 2643 3176; x_wconf 63' lang='lat' dir='ltr'><strong>(nec</strong></span> <span class='ocrx_word' id='word_1_643' title='bbox 2661 3107 2808 3160; x_wconf 91' lang='lat' dir='ltr'><strong>enim</strong></span> <span class='ocrx_word' id='word_1_644' title='bbox 2833 3105 2983 3159; x_wconf 89' lang='lat' dir='ltr'><strong>salva</strong></span> <span class='ocrx_word' id='word_1_645' title='bbox 3011 3103 3114 3157; x_wconf 79' lang='lat' dir='ltr'><strong>fide</strong></span> <span class='ocrx_word' id='word_1_646' title='bbox 3141 3107 3451 3172; x_wconf 86' lang='lat' dir='ltr'><strong>possumus)</strong></span> <span class='ocrx_word' id='word_1_647' title='bbox 3469 3097 3701 3152; x_wconf 89' lang='lat' dir='ltr'><strong>domino</strong></span> 
     </span>
    </p>
   </div>
   <div class='ocr_carea' id='block_1_92' title="bbox 2049 3184 3700 3268">
    <p class='ocr_par' dir='ltr' id='par_1_92' title="bbox 2049 3184 3700 3268">
     <span class='ocr_line' id='line_1_92' title="bbox 2049 3184 3700 3268; baseline -0.013 -11"><span class='ocrx_word' id='word_1_648' title='bbox 2049 3184 2091 3238; x_wconf 62' lang='grc' dir='ltr'><strong>(ἶ</strong></span> <span class='ocrx_word' id='word_1_649' title='bbox 2131 3212 2322 3256; x_wconf 87' lang='lat' dir='ltr'><strong>nostro</strong></span> <span class='ocrx_word' id='word_1_650' title='bbox 2349 3212 2685 3268; x_wconf 88' lang='lat' dir='ltr'><strong>quocunque</strong></span> <span class='ocrx_word' id='word_1_651' title='bbox 2720 3202 2984 3264; x_wconf 73' lang='lat' dir='ltr'><strong>prmtextu</strong></span> <span class='ocrx_word' id='word_1_652' title='bbox 3020 3203 3072 3248; x_wconf 89' lang='lat' dir='ltr'><strong>te</strong></span> <span class='ocrx_word' id='word_1_653' title='bbox 3097 3205 3318 3247; x_wconf 84' lang='lat' dir='ltr'><strong>nocere.</strong></span> <span class='ocrx_word' id='word_1_654' title='bbox 3345 3190 3523 3254; x_wconf 83' lang='lat' dir='ltr'><strong>Quare</strong></span> <span class='ocrx_word' id='word_1_655' title='bbox 3546 3203 3700 3246; x_wconf 88' lang='lat' dir='ltr'><strong>cum,</strong></span> 
     </span>
    </p>
   </div>
   <div class='ocr_carea' id='block_1_93' title="bbox 2125 3280 3704 3363">
    <p class='ocr_par' dir='ltr' id='par_1_93' title="bbox 2125 3280 3704 3363">
     <span class='ocr_line' id='line_1_93' title="bbox 2125 3280 3704 3363; baseline -0.009 -16"><span class='ocrx_word' id='word_1_656' title='bbox 2125 3311 2234 3363; x_wconf 90' lang='lat' dir='ltr'><strong>quo</strong></span> <span class='ocrx_word' id='word_1_657' title='bbox 2281 3295 2402 3348; x_wconf 89' lang='lat' dir='ltr'><strong>loco</strong></span> <span class='ocrx_word' id='word_1_658' title='bbox 2461 3306 2547 3346; x_wconf 89' lang='lat' dir='ltr'><strong>res</strong></span> <span class='ocrx_word' id='word_1_659' title='bbox 2605 3289 2766 3344; x_wconf 91' lang='lat' dir='ltr'><strong>modo</strong></span> <span class='ocrx_word' id='word_1_660' title='bbox 2815 3296 2964 3351; x_wconf 90' lang='lat' dir='ltr'><strong>sunt,</strong></span> <span class='ocrx_word' id='word_1_661' title='bbox 3010 3297 3120 3342; x_wconf 90' lang='lat' dir='ltr'><strong>tam</strong></span> <span class='ocrx_word' id='word_1_662' title='bbox 3157 3283 3508 3340; x_wconf 87' lang='lat' dir='ltr'><strong>necessarius</strong></span> <span class='ocrx_word' id='word_1_663' title='bbox 3548 3280 3704 3334; x_wconf 79' lang='lat' dir='ltr'><strong>leoni</strong></span> 
     </span>
    </p>
   </div>
   <div class='ocr_carea' id='block_1_94' title="bbox 2129 3370 3704 3452">
    <p class='ocr_par' dir='ltr' id='par_1_94' title="bbox 2129 3370 3704 3452">
     <span class='ocr_line' id='line_1_94' title="bbox 2129 3370 3704 3452; baseline -0.011 -14"><span class='ocrx_word' id='word_1_664' title='bbox 2129 3385 2374 3452; x_wconf 66' lang='lat' dir='ltr'><strong>regnanti</strong></span> <span class='ocrx_word' id='word_1_665' title='bbox 2405 3382 2731 3436; x_wconf 87' lang='lat' dir='ltr'><strong>administer</strong></span> <span class='ocrx_word' id='word_1_666' title='bbox 2753 3378 2957 3448; x_wconf 88' lang='lat' dir='ltr'><strong>publici</strong></span> <span class='ocrx_word' id='word_1_667' title='bbox 2984 3374 3268 3445; x_wconf 85' lang='lat' dir='ltr'><strong>regiminis</strong></span> <span class='ocrx_word' id='word_1_668' title='bbox 3293 3371 3409 3426; x_wconf 90' lang='lat' dir='ltr'><strong>tolli</strong></span> <span class='ocrx_word' id='word_1_669' title='bbox 3431 3371 3499 3425; x_wconf 88' lang='lat' dir='ltr'><strong>de</strong></span> <span class='ocrx_word' id='word_1_670' title='bbox 3517 3370 3704 3424; x_wconf 86' lang='lat' dir='ltr'><strong>medio</strong></span> 
     </span>
    </p>
   </div>
   <div class='ocr_carea' id='block_1_95' title="bbox 2129 3466 3704 3546">
    <p class='ocr_par' dir='ltr' id='par_1_95' title="bbox 2129 3466 3704 3546">
     <span class='ocr_line' id='line_1_95' title="bbox 2129 3466 3704 3546; baseline -0.01 -16"><span class='ocrx_word' id='word_1_671' title='bbox 2129 3493 2236 3530; x_wconf 87' lang='lat' dir='ltr'><strong>non</strong></span> <span class='ocrx_word' id='word_1_672' title='bbox 2269 3475 2444 3546; x_wconf 83' lang='lat' dir='ltr'><strong>possit</strong></span> <span class='ocrx_word' id='word_1_673' title='bbox 2493 3475 2612 3528; x_wconf 89' lang='lat' dir='ltr'><strong>sine</strong></span> <span class='ocrx_word' id='word_1_674' title='bbox 2659 3472 2812 3542; x_wconf 89' lang='lat' dir='ltr'><strong>gravi</strong></span> <span class='ocrx_word' id='word_1_675' title='bbox 2847 3468 3173 3538; x_wconf 89' lang='lat' dir='ltr'><strong>imperantis</strong></span> <span class='ocrx_word' id='word_1_676' title='bbox 3216 3466 3438 3525; x_wconf 90' lang='lat' dir='ltr'><strong>damno,</strong></span> <span class='ocrx_word' id='word_1_677' title='bbox 3501 3476 3704 3517; x_wconf 78' lang='lat' dir='ltr'><strong>revoca</strong></span> 
     </span>
    </p>
   </div>
   <div class='ocr_carea' id='block_1_96' title="bbox 2130 3557 3709 3636">
    <p class='ocr_par' dir='ltr' id='par_1_96' title="bbox 2130 3557 3709 3636">
     <span class='ocr_line' id='line_1_96' title="bbox 2130 3557 3709 3636; baseline -0.01 -12"><span class='ocrx_word' id='word_1_678' title='bbox 2130 3572 2259 3624; x_wconf 89' lang='lat' dir='ltr'><strong>dum</strong></span> <span class='ocrx_word' id='word_1_679' title='bbox 2283 3571 2410 3624; x_wconf 89' lang='lat' dir='ltr'><strong>licet</strong></span> <span class='ocrx_word' id='word_1_680' title='bbox 2440 3566 2643 3622; x_wconf 90' lang='lat' dir='ltr'><strong>rebelle</strong></span> <span class='ocrx_word' id='word_1_681' title='bbox 2671 3565 3035 3636; x_wconf 89' lang='lat' dir='ltr'><strong>propositum,</strong></span> <span class='ocrx_word' id='word_1_682' title='bbox 3066 3569 3228 3630; x_wconf 88' lang='lat' dir='ltr'><strong>teque</strong></span> <span class='ocrx_word' id='word_1_683' title='bbox 3253 3561 3305 3611; x_wconf 90' lang='lat' dir='ltr'><strong>in</strong></span> <span class='ocrx_word' id='word_1_684' title='bbox 3337 3557 3709 3626; x_wconf 83' lang='lat' dir='ltr'><strong>subjectionis</strong></span> 
     </span>
    </p>
   </div>
   <div class='ocr_carea' id='block_1_97' title="bbox 2131 3648 3700 3726">
    <p class='ocr_par' dir='ltr' id='par_1_97' title="bbox 2131 3648 3700 3726">
     <span class='ocr_line' id='line_1_97' title="bbox 2131 3648 3700 3726; baseline -0.012 -10"><span class='ocrx_word' id='word_1_685' title='bbox 2131 3664 2308 3717; x_wconf 82' lang='lat' dir='ltr'><strong>oﬂieio</strong></span> <span class='ocrx_word' id='word_1_686' title='bbox 2369 3660 2610 3716; x_wconf 88' lang='lat' dir='ltr'><strong>contine.</strong></span> <span class='ocrx_word' id='word_1_687' title='bbox 2669 3659 2764 3715; x_wconf 86' lang='lat' dir='ltr'><strong>His</strong></span> <span class='ocrx_word' id='word_1_688' title='bbox 2825 3655 3136 3726; x_wconf 80' lang='lat' dir='ltr'><strong>Vestigator</strong></span> <span class='ocrx_word' id='word_1_689' title='bbox 3189 3650 3416 3713; x_wconf 88' lang='lat' dir='ltr'><strong>auditis,</strong></span> <span class='ocrx_word' id='word_1_690' title='bbox 3482 3648 3700 3716; x_wconf 69' lang='lat' dir='ltr'><strong>quievit</strong></span> 
     </span>
    </p>
   </div>
   <div class='ocr_carea' id='block_1_98' title="bbox 2133 3737 3704 3821">
    <p class='ocr_par' dir='ltr' id='par_1_98' title="bbox 2133 3737 3704 3821">
     <span class='ocr_line' id='line_1_98' title="bbox 2133 3737 3704 3821; baseline -0.011 -13"><span class='ocrx_word' id='word_1_691' title='bbox 2133 3755 2314 3810; x_wconf 86' lang='lat' dir='ltr'><strong>adhuc</strong></span> <span class='ocrx_word' id='word_1_692' title='bbox 2341 3753 2461 3808; x_wconf 85' lang='lat' dir='ltr'><strong>dies</strong></span> <span class='ocrx_word' id='word_1_693' title='bbox 2486 3755 2715 3821; x_wconf 71' lang='lat' dir='ltr'><strong>aliquot.</strong></span> <span class='ocrx_word' id='word_1_694' title='bbox 2759 3750 2886 3804; x_wconf 86' lang='lat' dir='ltr'><strong>Post</strong></span> <span class='ocrx_word' id='word_1_695' title='bbox 2921 3763 3065 3816; x_wconf 85' lang='lat' dir='ltr'><strong>quos</strong></span> <span class='ocrx_word' id='word_1_696' title='bbox 3094 3745 3313 3799; x_wconf 87' lang='lat' dir='ltr'><strong>leonem</strong></span> <span class='ocrx_word' id='word_1_697' title='bbox 3342 3741 3538 3795; x_wconf 86' lang='lat' dir='ltr'><strong>adiens</strong></span> <span class='ocrx_word' id='word_1_698' title='bbox 3565 3737 3704 3792; x_wconf 60' lang='grc' dir='ltr'>ειπερ</span> 
     </span>
    </p>
   </div>
   <div class='ocr_carea' id='block_1_99' title="bbox 2135 3832 3707 3910">
    <p class='ocr_par' dir='ltr' id='par_1_99' title="bbox 2135 3832 3707 3910">
     <span class='ocr_line' id='line_1_99' title="bbox 2135 3832 3707 3910; baseline -0.01 -10"><span class='ocrx_word' id='word_1_699' title='bbox 2135 3857 2280 3901; x_wconf 85' lang='lat' dir='ltr'><strong>ctata</strong></span> <span class='ocrx_word' id='word_1_700' title='bbox 2332 3844 2589 3900; x_wconf 75' lang='lat' dir='ltr'><strong>mmstitia</strong></span> <span class='ocrx_word' id='word_1_701' title='bbox 2635 3839 3061 3910; x_wconf 79' lang='lat' dir='ltr'><strong>cOgitabundus,</strong></span> <span class='ocrx_word' id='word_1_702' title='bbox 3097 3837 3165 3890; x_wconf 90' lang='lat' dir='ltr'><strong>ab</strong></span> <span class='ocrx_word' id='word_1_703' title='bbox 3194 3850 3261 3890; x_wconf 90' lang='lat' dir='ltr'><strong>eo</strong></span> <span class='ocrx_word' id='word_1_704' title='bbox 3307 3848 3420 3887; x_wconf 89' lang='lat' dir='ltr'><strong>rem</strong></span> <span class='ocrx_word' id='word_1_705' title='bbox 3467 3832 3707 3884; x_wconf 82' lang='lat' dir='ltr'><strong>mirante</strong></span> 
     </span>
    </p>
   </div>
   <div class='ocr_carea' id='block_1_100' title="bbox 2137 3921 3705 4000">
    <p class='ocr_par' dir='ltr' id='par_1_100' title="bbox 2137 3921 3705 4000">
     <span class='ocr_line' id='line_1_100' title="bbox 2137 3921 3705 4000; baseline -0.014 -8"><span class='ocrx_word' id='word_1_706' title='bbox 2137 3937 2382 3992; x_wconf 82' lang='lat' dir='ltr'><strong>audivit:</strong></span> <span class='ocrx_word' id='word_1_707' title='bbox 2418 3935 2549 4000; x_wconf 65' lang='lat' dir='ltr'><strong>Quae</strong></span> <span class='ocrx_word' id='word_1_708' title='bbox 2574 3941 2627 3988; x_wconf 89' lang='lat' dir='ltr'><strong>te</strong></span> <span class='ocrx_word' id='word_1_709' title='bbox 2663 3946 2828 3985; x_wconf 86' lang='lat' dir='ltr'><strong>causa</strong></span> <span class='ocrx_word' id='word_1_710' title='bbox 2869 3931 3082 3983; x_wconf 90' lang='lat' dir='ltr'><strong>tristem</strong></span> <span class='ocrx_word' id='word_1_711' title='bbox 3112 3925 3283 3979; x_wconf 86' lang='lat' dir='ltr'><strong>facit?</strong></span> <span class='ocrx_word' id='word_1_712' title='bbox 3316 3924 3396 3977; x_wconf 83' lang='lat' dir='ltr'><strong>An</strong></span> <span class='ocrx_word' id='word_1_713' title='bbox 3425 3921 3522 3974; x_wconf 91' lang='lat' dir='ltr'><strong>tibi</strong></span> <span class='ocrx_word' id='word_1_714' title='bbox 3557 3921 3705 3988; x_wconf 86' lang='lat' dir='ltr'><strong>quod</strong></span> 
     </span>
    </p>
   </div>
   <div class='ocr_carea' id='block_1_101' title="bbox 2139 4009 3712 4094">
    <p class='ocr_par' dir='ltr' id='par_1_101' title="bbox 2139 4009 3712 4094">
     <span class='ocr_line' id='line_1_101' title="bbox 2139 4009 3712 4094; baseline -0.013 -12"><span class='ocrx_word' id='word_1_715' title='bbox 2139 4029 2312 4082; x_wconf 90' lang='lat' dir='ltr'><strong>nolles</strong></span> <span class='ocrx_word' id='word_1_716' title='bbox 2370 4024 2580 4094; x_wconf 86' lang='lat' dir='ltr'><strong>aliquid</strong></span> <span class='ocrx_word' id='word_1_717' title='bbox 2609 4021 2859 4076; x_wconf 86' lang='lat' dir='ltr'><strong>accidit?</strong></span> <span class='ocrx_word' id='word_1_718' title='bbox 2904 4019 2970 4072; x_wconf 83' lang='lat' dir='ltr'><strong>Et</strong></span> <span class='ocrx_word' id='word_1_719' title='bbox 3015 4018 3108 4072; x_wconf 85' lang='lat' dir='ltr'><strong>ille</strong></span> <span class='ocrx_word' id='word_1_720' title='bbox 3155 4033 3171 4070; x_wconf 90' lang='lat'><strong>:</strong></span> <span class='ocrx_word' id='word_1_721' title='bbox 3223 4013 3442 4069; x_wconf 79' lang='lat' dir='ltr'><strong>Accidit</strong></span> <span class='ocrx_word' id='word_1_722' title='bbox 3478 4009 3712 4066; x_wconf 82' lang='lat' dir='ltr'><strong>omnino</strong></span> 
     </span>
    </p>
   </div>
   <div class='ocr_carea' id='block_1_102' title="bbox 2140 4101 3715 4180">
    <p class='ocr_par' dir='ltr' id='par_1_102' title="bbox 2140 4101 3715 4180">
     <span class='ocr_line' id='line_1_102' title="bbox 2140 4101 3715 4180; baseline -0.015 -7"><span class='ocrx_word' id='word_1_723' title='bbox 2140 4117 2425 4174; x_wconf 86' lang='lat' dir='ltr'><strong>infandum</strong></span> <span class='ocrx_word' id='word_1_724' title='bbox 2452 4127 2510 4170; x_wconf 88' lang='lat' dir='ltr'><strong>et</strong></span> <span class='ocrx_word' id='word_1_725' title='bbox 2529 4115 2804 4169; x_wconf 84' lang='lat' dir='ltr'><strong>funestqu</strong></span> <span class='ocrx_word' id='word_1_726' title='bbox 2835 4111 2932 4164; x_wconf 90' lang='lat' dir='ltr'><strong>tibi</strong></span> <span class='ocrx_word' id='word_1_727' title='bbox 2959 4110 3110 4180; x_wconf 74' lang='lat' dir='ltr'><strong>juxta</strong></span> <span class='ocrx_word' id='word_1_728' title='bbox 3139 4107 3385 4174; x_wconf 90' lang='lat' dir='ltr'><strong>mihique</strong></span> <span class='ocrx_word' id='word_1_729' title='bbox 3401 4101 3715 4172; x_wconf 86' lang='lat' dir='ltr'><strong>quidpiam,</strong></span> 
     </span>
    </p>
   </div>
   <div class='ocr_carea' id='block_1_103' title="bbox 2141 4192 3712 4280">
    <p class='ocr_par' dir='ltr' id='par_1_103' title="bbox 2141 4192 3712 4280">
     <span class='ocr_line' id='line_1_103' title="bbox 2141 4192 3712 4280; baseline -0.014 -15"><span class='ocrx_word' id='word_1_730' title='bbox 2141 4221 2328 4280; x_wconf 53' lang='lat' dir='ltr'><strong>atque,</strong></span> <span class='ocrx_word' id='word_1_731' title='bbox 2363 4207 2498 4261; x_wconf 90' lang='lat' dir='ltr'><strong>illud</strong></span> <span class='ocrx_word' id='word_1_732' title='bbox 2547 4203 2819 4276; x_wconf 88' lang='lat' dir='ltr'><strong>ejusmodi</strong></span> <span class='ocrx_word' id='word_1_733' title='bbox 2866 4203 3015 4271; x_wconf 87' lang='lat' dir='ltr'><strong>quod</strong></span> <span class='ocrx_word' id='word_1_734' title='bbox 3059 4201 3187 4268; x_wconf 83' lang='lat' dir='ltr'><strong>quia</strong></span> <span class='ocrx_word' id='word_1_735' title='bbox 3233 4196 3337 4250; x_wconf 89' lang='lat' dir='ltr'><strong>tibi</strong></span> <span class='ocrx_word' id='word_1_736' title='bbox 3368 4196 3486 4247; x_wconf 91' lang='lat' dir='ltr'><strong>fore</strong></span> <span class='ocrx_word' id='word_1_737' title='bbox 3518 4192 3712 4246; x_wconf 89' lang='lat' dir='ltr'><strong>auditu</strong></span> 
     </span>
    </p>
   </div>
   <div class='ocr_carea' id='block_1_104' title="bbox 2143 4281 3716 4357">
    <p class='ocr_par' dir='ltr' id='par_1_104' title="bbox 2143 4281 3716 4357">
     <span class='ocr_line' id='line_1_104' title="bbox 2143 4281 3716 4357; baseline -0.015 -4"><span class='ocrx_word' id='word_1_738' title='bbox 2143 4301 2434 4353; x_wconf 89' lang='lat' dir='ltr'><strong>molestum</strong></span> <span class='ocrx_word' id='word_1_739' title='bbox 2458 4296 2593 4357; x_wconf 89' lang='lat' dir='ltr'><strong>&#39;seio,</strong></span> <span class='ocrx_word' id='word_1_740' title='bbox 2612 4295 2681 4347; x_wconf 90' lang='lat' dir='ltr'><strong>ab</strong></span> <span class='ocrx_word' id='word_1_741' title='bbox 2698 4308 2764 4347; x_wconf 91' lang='lat' dir='ltr'><strong>eo</strong></span> <span class='ocrx_word' id='word_1_742' title='bbox 2777 4289 3072 4344; x_wconf 90' lang='lat' dir='ltr'><strong>indicando</strong></span> <span class='ocrx_word' id='word_1_743' title='bbox 3092 4283 3414 4343; x_wconf 83' lang='lat' dir='ltr'><strong>deterrebar</strong></span> <span class='ocrx_word' id='word_1_744' title='bbox 3430 4281 3716 4350; x_wconf 79' lang='lat' dir='ltr'><strong>equidem,</strong></span> 
     </span>
    </p>
   </div>
   <div class='ocr_carea' id='block_1_105' title="bbox 2146 4376 3717 4445">
    <p class='ocr_par' dir='ltr' id='par_1_105' title="bbox 2146 4376 3717 4445">
     <span class='ocr_line' id='line_1_105' title="bbox 2146 4376 3717 4445; baseline -0.015 0"><span class='ocrx_word' id='word_1_745' title='bbox 2146 4399 2297 4445; x_wconf 88' lang='lat' dir='ltr'><strong>metu</strong></span> <span class='ocrx_word' id='word_1_746' title='bbox 2325 4383 2635 4442; x_wconf 79' lang='lat' dir='ltr'><strong>oﬂ&#39;eudendi</strong></span> <span class='ocrx_word' id='word_1_747' title='bbox 2659 4397 2824 4436; x_wconf 87' lang='lat' dir='ltr'><strong>aures</strong></span> <span class='ocrx_word' id='word_1_748' title='bbox 2851 4391 2972 4434; x_wconf 88' lang='lat' dir='ltr'><strong>tuas</strong></span> <span class='ocrx_word' id='word_1_749' title='bbox 3002 4377 3208 4431; x_wconf 86' lang='lat' dir='ltr'><strong>indicio</strong></span> <span class='ocrx_word' id='word_1_750' title='bbox 3235 4376 3450 4444; x_wconf 80' lang='lat' dir='ltr'><strong>ingrato</strong></span> <span class='ocrx_word' id='word_1_751' title='bbox 3481 4391 3495 4425; x_wconf 90' lang='lat'><strong>:</strong></span> <span class='ocrx_word' id='word_1_752' title='bbox 3533 4383 3717 4424; x_wconf 82' lang='lat' dir='ltr'><strong>tamen</strong></span> 
     </span>
    </p>
   </div>
   <div class='ocr_carea' id='block_1_106' title="bbox 2075 4463 3722 4573">
    <p class='ocr_par' dir='ltr' id='par_1_106' title="bbox 2075 4463 3722 4573">
     <span class='ocr_line' id='line_1_106' title="bbox 2075 4463 3722 4573; baseline -0.013 -37"><span class='ocrx_word' id='word_1_753' title='bbox 2075 4517 2120 4573; x_wconf 64' lang='grc' dir='ltr'><strong>Β</strong></span> <span class='ocrx_word' id='word_1_754' title='bbox 2148 4482 2242 4535; x_wconf 92' lang='lat' dir='ltr'><strong>ubi</strong></span> <span class='ocrx_word' id='word_1_755' title='bbox 2275 4494 2456 4534; x_wconf 90' lang='lat' dir='ltr'><strong>mcum</strong></span> <span class='ocrx_word' id='word_1_756' title='bbox 2490 4473 2974 4545; x_wconf 82' lang='lat' dir='ltr'><strong>ﬂagrantissimum</strong></span> <span class='ocrx_word' id='word_1_757' title='bbox 3014 4467 3206 4522; x_wconf 90' lang='lat' dir='ltr'><strong>salutis</strong></span> <span class='ocrx_word' id='word_1_758' title='bbox 3237 4481 3300 4520; x_wconf 88' lang='lat' dir='ltr'><strong>ac</strong></span> <span class='ocrx_word' id='word_1_759' title='bbox 3329 4463 3722 4534; x_wconf 84' lang='lat' dir='ltr'><strong>prosperitatis</strong></span> 
     </span>
    </p>
   </div>
   <div class='ocr_carea' id='block_1_107' title="bbox 2151 4553 3726 4632">
    <p class='ocr_par' dir='ltr' id='par_1_107' title="bbox 2151 4553 3726 4632">
     <span class='ocr_line' id='line_1_107' title="bbox 2151 4553 3726 4632; baseline -0.015 -5"><span class='ocrx_word' id='word_1_760' title='bbox 2151 4583 2256 4628; x_wconf 67' lang='lat' dir='ltr'><strong>tua:</strong></span> <span class='ocrx_word' id='word_1_761' title='bbox 2310 4570 2554 4626; x_wconf 85' lang='lat' dir='ltr'><strong>studium</strong></span> <span class='ocrx_word' id='word_1_762' title='bbox 2604 4566 2853 4627; x_wconf 86' lang='lat' dir='ltr'><strong>consulo,</strong></span> <span class='ocrx_word' id='word_1_763' title='bbox 2917 4563 3099 4632; x_wconf 89' lang='lat' dir='ltr'><strong>potius</strong></span> <span class='ocrx_word' id='word_1_764' title='bbox 3155 4555 3465 4612; x_wconf 89' lang='lat' dir='ltr'><strong>habendam</strong></span> <span class='ocrx_word' id='word_1_765' title='bbox 3519 4553 3726 4619; x_wconf 79' lang='lat' dir='ltr'><strong>capitis</strong></span> 
     </span>
    </p>
   </div>
   <div class='ocr_carea' id='block_1_108' title="bbox 2149 4645 3722 4733">
    <p class='ocr_par' dir='ltr' id='par_1_108' title="bbox 2149 4645 3722 4733">
     <span class='ocr_line' id='line_1_108' title="bbox 2149 4645 3722 4733; baseline -0.015 -15"><span class='ocrx_word' id='word_1_766' title='bbox 2149 4679 2314 4733; x_wconf 88' lang='lat' dir='ltr'><strong>quam</strong></span> <span class='ocrx_word' id='word_1_767' title='bbox 2357 4661 2575 4715; x_wconf 84' lang='lat' dir='ltr'><strong>aurium</strong></span> <span class='ocrx_word' id='word_1_768' title='bbox 2629 4659 2898 4713; x_wconf 87' lang='lat' dir='ltr'><strong>rationem</strong></span> <span class='ocrx_word' id='word_1_769' title='bbox 2952 4653 3173 4726; x_wconf 88' lang='lat' dir='ltr'><strong>judico;</strong></span> <span class='ocrx_word' id='word_1_770' title='bbox 3222 4663 3325 4702; x_wconf 91' lang='lat' dir='ltr'><strong>nec</strong></span> <span class='ocrx_word' id='word_1_771' title='bbox 3353 4645 3722 4700; x_wconf 84' lang='lat' dir='ltr'><strong>dubitandum</strong></span> 
     </span>
    </p>
   </div>
   <div class='ocr_carea' id='block_1_109' title="bbox 2153 4735 3727 4818">
    <p class='ocr_par' dir='ltr' id='par_1_109' title="bbox 2153 4735 3727 4818">
     <span class='ocr_line' id='line_1_109' title="bbox 2153 4735 3727 4818; baseline -0.017 -8"><span class='ocrx_word' id='word_1_772' title='bbox 2153 4767 2260 4811; x_wconf 79' lang='lat' dir='ltr'><strong>tua-</strong></span> <span class='ocrx_word' id='word_1_773' title='bbox 2285 4755 2578 4808; x_wconf 90' lang='lat' dir='ltr'><strong>imminens</strong></span> <span class='ocrx_word' id='word_1_774' title='bbox 2605 4753 2727 4804; x_wconf 65' lang='lat' dir='ltr'><strong>vitae</strong></span> <span class='ocrx_word' id='word_1_775' title='bbox 2759 4746 3065 4818; x_wconf 89' lang='lat' dir='ltr'><strong>periculum</strong></span> <span class='ocrx_word' id='word_1_776' title='bbox 3097 4747 3370 4800; x_wconf 87' lang='lat' dir='ltr'><strong>avertere,</strong></span> <span class='ocrx_word' id='word_1_777' title='bbox 3398 4737 3484 4788; x_wconf 86' lang='lat' dir='ltr'><strong>vel</strong></span> <span class='ocrx_word' id='word_1_778' title='bbox 3527 4735 3727 4788; x_wconf 82' lang='lat' dir='ltr'><strong>obtru-</strong></span> 
     </span>
    </p>
   </div>
   <div class='ocr_carea' id='block_1_110' title="bbox 2153 4829 3730 4912">
    <p class='ocr_par' dir='ltr' id='par_1_110' title="bbox 2153 4829 3730 4912">
     <span class='ocr_line' id='line_1_110' title="bbox 2153 4829 3730 4912; baseline -0.017 -10"><span class='ocrx_word' id='word_1_779' title='bbox 2153 4848 2360 4912; x_wconf 88' lang='lat' dir='ltr'><strong>dendo,</strong></span> <span class='ocrx_word' id='word_1_780' title='bbox 2389 4862 2514 4900; x_wconf 89' lang='lat' dir='ltr'><strong>cum</strong></span> <span class='ocrx_word' id='word_1_781' title='bbox 2549 4847 2620 4898; x_wconf 87' lang='lat' dir='ltr'><strong>ita</strong></span> <span class='ocrx_word' id='word_1_782' title='bbox 2643 4857 2782 4912; x_wconf 82' lang='lat' dir='ltr'><strong>opus</strong></span> <span class='ocrx_word' id='word_1_783' title='bbox 2807 4841 2900 4900; x_wconf 91' lang='lat' dir='ltr'><strong>sit,</strong></span> <span class='ocrx_word' id='word_1_784' title='bbox 2933 4835 3153 4891; x_wconf 81' lang='lat' dir='ltr'><strong>fastidio</strong></span> <span class='ocrx_word' id='word_1_785' title='bbox 3185 4829 3540 4898; x_wconf 68' lang='lat' dir='ltr'><strong>inauspicata:</strong></span> <span class='ocrx_word' id='word_1_786' title='bbox 3571 4841 3730 4877; x_wconf 83' lang='lat' dir='ltr'><strong>inen-</strong></span> 
     </span>
    </p>
   </div>
   <div class='ocr_carea' id='block_1_111' title="bbox 2158 4917 3726 5004">
    <p class='ocr_par' dir='ltr' id='par_1_111' title="bbox 2158 4917 3726 5004">
     <span class='ocr_line' id='line_1_111' title="bbox 2158 4917 3726 5004; baseline -0.017 -10"><span class='ocrx_word' id='word_1_787' title='bbox 2158 4943 2342 4994; x_wconf 87' lang='lat' dir='ltr'><strong>tionis.</strong></span> <span class='ocrx_word' id='word_1_788' title='bbox 2377 4938 2556 5004; x_wconf 82' lang='lat' dir='ltr'><strong>Quare</strong></span> <span class='ocrx_word' id='word_1_789' title='bbox 2587 4946 2702 4996; x_wconf 89' lang='lat' dir='ltr'><strong>tua,</strong></span> <span class='ocrx_word' id='word_1_790' title='bbox 2741 4931 2986 4992; x_wconf 86' lang='lat' dir='ltr'><strong>domine,</strong></span> <span class='ocrx_word' id='word_1_791' title='bbox 3025 4925 3294 4995; x_wconf 84' lang='lat' dir='ltr'><strong>sapientia</strong></span> <span class='ocrx_word' id='word_1_792' title='bbox 3338 4935 3454 4975; x_wconf 85' lang='lat' dir='ltr'><strong>rem</strong></span> <span class='ocrx_word' id='word_1_793' title='bbox 3502 4917 3726 4985; x_wconf 75' lang='lat' dir='ltr'><strong>dignam</strong></span> 
     </span>
    </p>
   </div>
   <div class='ocr_carea' id='block_1_112' title="bbox 2159 5011 3729 5095">
    <p class='ocr_par' dir='ltr' id='par_1_112' title="bbox 2159 5011 3729 5095">
     <span class='ocr_line' id='line_1_112' title="bbox 2159 5011 3729 5095; baseline -0.018 -10"><span class='ocrx_word' id='word_1_794' title='bbox 2159 5033 2376 5095; x_wconf 86' lang='lat' dir='ltr'><strong>feceris,</strong></span> <span class='ocrx_word' id='word_1_795' title='bbox 2409 5029 2454 5081; x_wconf 83' lang='lat' dir='ltr'><strong>si</strong></span> <span class='ocrx_word' id='word_1_796' title='bbox 2488 5042 2572 5080; x_wconf 90' lang='lat' dir='ltr'><strong>me</strong></span> <span class='ocrx_word' id='word_1_797' title='bbox 2601 5025 2873 5093; x_wconf 89' lang='lat' dir='ltr'><strong>patienter</strong></span> <span class='ocrx_word' id='word_1_798' title='bbox 2900 5018 3093 5072; x_wconf 76' lang='lat' dir='ltr'><strong>audies</strong></span> <span class='ocrx_word' id='word_1_799' title='bbox 3125 5031 3188 5070; x_wconf 90' lang='lat' dir='ltr'><strong>ea</strong></span> <span class='ocrx_word' id='word_1_800' title='bbox 3234 5013 3572 5068; x_wconf 84' lang='lat' dir='ltr'><strong>referentem</strong></span> <span class='ocrx_word' id='word_1_801' title='bbox 3600 5011 3729 5076; x_wconf 88' lang='lat' dir='ltr'><strong>qui-</strong></span> 
     </span>
    </p>
   </div>
   <div class='ocr_carea' id='block_1_113' title="bbox 2160 5105 3731 5185">
    <p class='ocr_par' dir='ltr' id='par_1_113' title="bbox 2160 5105 3731 5185">
     <span class='ocr_line' id='line_1_113' title="bbox 2160 5105 3731 5185; baseline -0.017 -8"><span class='ocrx_word' id='word_1_802' title='bbox 2160 5123 2264 5177; x_wconf 91' lang='lat' dir='ltr'><strong>bus</strong></span> <span class='ocrx_word' id='word_1_803' title='bbox 2289 5119 2594 5175; x_wconf 88' lang='lat' dir='ltr'><strong>clarissime</strong></span> <span class='ocrx_word' id='word_1_804' title='bbox 2627 5114 2948 5185; x_wconf 83' lang='lat' dir='ltr'><strong>pcrspicias,</strong></span> <span class='ocrx_word' id='word_1_805' title='bbox 2981 5119 3037 5164; x_wconf 88' lang='lat' dir='ltr'><strong>et</strong></span> <span class='ocrx_word' id='word_1_806' title='bbox 3064 5121 3240 5162; x_wconf 86' lang='lat' dir='ltr'><strong>meam</strong></span> <span class='ocrx_word' id='word_1_807' title='bbox 3277 5105 3330 5157; x_wconf 89' lang='lat' dir='ltr'><strong>in</strong></span> <span class='ocrx_word' id='word_1_808' title='bbox 3366 5111 3418 5156; x_wconf 90' lang='lat' dir='ltr'><strong>te</strong></span> <span class='ocrx_word' id='word_1_809' title='bbox 3450 5106 3731 5155; x_wconf 81' lang='lat' dir='ltr'><strong>sinceram</strong></span> 
     </span>
    </p>
   </div>
   <div class='ocr_carea' id='block_1_114' title="bbox 2163 5189 3736 5273">
    <p class='ocr_par' dir='ltr' id='par_1_114' title="bbox 2163 5189 3736 5273">
     <span class='ocr_line' id='line_1_114' title="bbox 2163 5189 3736 5273; baseline -0.015 -8"><span class='ocrx_word' id='word_1_810' title='bbox 2163 5213 2346 5267; x_wconf 85' lang='lat' dir='ltr'><strong>fidem.</strong></span> <span class='ocrx_word' id='word_1_811' title='bbox 2378 5220 2642 5264; x_wconf 89' lang='lat' dir='ltr'><strong>eteorum</strong></span> <span class='ocrx_word' id='word_1_812' title='bbox 2673 5202 2996 5273; x_wconf 81' lang='lat' dir='ltr'><strong>perfidiosas</strong></span> <span class='ocrx_word' id='word_1_813' title='bbox 3025 5196 3360 5256; x_wconf 87' lang='lat' dir='ltr'><strong>molitiones,</strong></span> <span class='ocrx_word' id='word_1_814' title='bbox 3382 5191 3476 5261; x_wconf 91' lang='lat' dir='ltr'><strong>qui</strong></span> <span class='ocrx_word' id='word_1_815' title='bbox 3497 5189 3736 5244; x_wconf 84' lang='lat' dir='ltr'><strong>summis</strong></span> 
     </span>
    </p>
   </div>
   <div class='ocr_carea' id='block_1_115' title="bbox 2165 5285 3734 5362">
    <p class='ocr_par' dir='ltr' id='par_1_115' title="bbox 2165 5285 3734 5362">
     <span class='ocr_line' id='line_1_115' title="bbox 2165 5285 3734 5362; baseline -0.017 -2"><span class='ocrx_word' id='word_1_816' title='bbox 2165 5306 2273 5360; x_wconf 87' lang='lat' dir='ltr'><strong>tuis</strong></span> <span class='ocrx_word' id='word_1_817' title='bbox 2297 5301 2580 5357; x_wconf 77' lang='lat' dir='ltr'><strong>beneficiis</strong></span> <span class='ocrx_word' id='word_1_818' title='bbox 2600 5298 2886 5353; x_wconf 82' lang='lat' dir='ltr'><strong>malefacta</strong></span> <span class='ocrx_word' id='word_1_819' title='bbox 2906 5291 3208 5362; x_wconf 83' lang='lat' dir='ltr'><strong>rependere</strong></span> <span class='ocrx_word' id='word_1_820' title='bbox 3232 5287 3440 5342; x_wconf 88' lang='lat' dir='ltr'><strong>nefaria</strong></span> <span class='ocrx_word' id='word_1_821' title='bbox 3464 5285 3734 5354; x_wconf 74' lang='lat' dir='ltr'><strong>cogitant.</strong></span> 
     </span>
    </p>
   </div>
   <div class='ocr_carea' id='block_1_116' title="bbox 2163 5376 3758 5463">
    <p class='ocr_par' dir='ltr' id='par_1_116' title="bbox 2163 5376 3758 5463">
     <span class='ocr_line' id='line_1_116' title="bbox 2163 5376 3758 5463; baseline -0.014 -15"><span class='ocrx_word' id='word_1_822' title='bbox 2163 5397 2339 5463; x_wconf 87' lang='lat' dir='ltr'><strong>Atque</strong></span> <span class='ocrx_word' id='word_1_823' title='bbox 2369 5407 2468 5463; x_wconf 82' lang='lat' dir='ltr'><strong>ego</strong></span> <span class='ocrx_word' id='word_1_824' title='bbox 2501 5393 2553 5444; x_wconf 89' lang='lat' dir='ltr'><strong>in</strong></span> <span class='ocrx_word' id='word_1_825' title='bbox 2589 5388 2878 5460; x_wconf 89' lang='lat' dir='ltr'><strong>procinctu</strong></span> <span class='ocrx_word' id='word_1_826' title='bbox 2912 5382 3208 5436; x_wconf 63' lang='lat' dir='ltr'><strong>delationis</strong></span> <span class='ocrx_word' id='word_1_827' title='bbox 3243 5376 3590 5435; x_wconf 71' lang='lat' dir='ltr'><strong>necessarire,</strong></span> <span class='ocrx_word' id='word_1_828' title='bbox 3626 5387 3758 5440; x_wconf 22' lang='lat' dir='ltr'><strong>non.</strong></span> 
     </span>
    </p>
   </div>
   <div class='ocr_carea' id='block_1_117' title="bbox 2169 5467 3736 5555">
    <p class='ocr_par' dir='ltr' id='par_1_117' title="bbox 2169 5467 3736 5555">
     <span class='ocr_line' id='line_1_117' title="bbox 2169 5467 3736 5555; baseline -0.016 -15"><span class='ocrx_word' id='word_1_829' title='bbox 2169 5491 2390 5555; x_wconf 75' lang='lat' dir='ltr'><strong>ignarus</strong></span> <span class='ocrx_word' id='word_1_830' title='bbox 2435 5483 2797 5538; x_wconf 75' lang='lat' dir='ltr'><strong>artiﬁciorum</strong></span> <span class='ocrx_word' id='word_1_831' title='bbox 2845 5473 3235 5535; x_wconf 90' lang='lat' dir='ltr'><strong>simulationis,</strong></span> <span class='ocrx_word' id='word_1_832' title='bbox 3277 5469 3436 5523; x_wconf 89' lang='lat' dir='ltr'><strong>tacile</strong></span> <span class='ocrx_word' id='word_1_833' title='bbox 3475 5467 3640 5519; x_wconf 87' lang='lat' dir='ltr'><strong>video</strong></span> <span class='ocrx_word' id='word_1_834' title='bbox 3683 5480 3736 5515; x_wconf 81' lang='lat' dir='ltr'><strong>in</strong></span> 
     </span>
    </p>
   </div>
   <div class='ocr_carea' id='block_1_118' title="bbox 2168 5554 3738 5646">
    <p class='ocr_par' dir='ltr' id='par_1_118' title="bbox 2168 5554 3738 5646">
     <span class='ocr_line' id='line_1_118' title="bbox 2168 5554 3738 5646; baseline -0.015 -17"><span class='ocrx_word' id='word_1_835' title='bbox 2168 5587 2430 5646; x_wconf 75' lang='lat' dir='ltr'><strong>quantum</strong></span> <span class='ocrx_word' id='word_1_836' title='bbox 2491 5588 2574 5627; x_wconf 90' lang='lat' dir='ltr'><strong>me</strong></span> <span class='ocrx_word' id='word_1_837' title='bbox 2627 5572 2926 5624; x_wconf 85' lang='lat' dir='ltr'><strong>discrimen</strong></span> <span class='ocrx_word' id='word_1_838' title='bbox 2959 5566 3266 5636; x_wconf 87' lang='lat' dir='ltr'><strong>projiciam,</strong></span> <span class='ocrx_word' id='word_1_839' title='bbox 3305 5559 3590 5630; x_wconf 89' lang='lat' dir='ltr'><strong>periturus</strong></span> <span class='ocrx_word' id='word_1_840' title='bbox 3630 5554 3738 5607; x_wconf 81' lang='lat' dir='ltr'><strong>nisi</strong></span> 
     </span>
    </p>
   </div>
   <div class='ocr_carea' id='block_1_119' title="bbox 2172 5651 3742 5740">
    <p class='ocr_par' dir='ltr' id='par_1_119' title="bbox 2172 5651 3742 5740">
     <span class='ocr_line' id='line_1_119' title="bbox 2172 5651 3742 5740; baseline -0.011 -18"><span class='ocrx_word' id='word_1_841' title='bbox 2172 5683 2494 5740; x_wconf 66' lang='grc' dir='ltr'><strong>ιηιτεαςερτο</strong></span> <span class='ocrx_word' id='word_1_842' title='bbox 2549 5665 2692 5735; x_wconf 79' lang='lat' dir='ltr'><strong>quod</strong></span> <span class='ocrx_word' id='word_1_843' title='bbox 2752 5664 2952 5715; x_wconf 86' lang='lat' dir='ltr'><strong>dicam.</strong></span> <span class='ocrx_word' id='word_1_844' title='bbox 3005 5659 3256 5726; x_wconf 83' lang='lat' dir='ltr'><strong>Ernmpit</strong></span> <span class='ocrx_word' id='word_1_845' title='bbox 3311 5665 3491 5706; x_wconf 85' lang='lat' dir='ltr'><strong>tamen</strong></span> <span class='ocrx_word' id='word_1_846' title='bbox 3539 5651 3742 5719; x_wconf 62' lang='lat' dir='ltr'><strong>iurata!</strong></span> 
     </span>
    </p>
   </div>
   <div class='ocr_carea' id='block_1_120' title="bbox 2175 5742 3743 5816">
    <p class='ocr_par' dir='ltr' id='par_1_120' title="bbox 2175 5742 3743 5816">
     <span class='ocr_line' id='line_1_120' title="bbox 2175 5742 3743 5816; baseline -0.017 1"><span class='ocrx_word' id='word_1_847' title='bbox 2175 5765 2269 5816; x_wconf 70' lang='lat' dir='ltr'><strong>tibi</strong></span> <span class='ocrx_word' id='word_1_848' title='bbox 2310 5761 2587 5814; x_wconf 74' lang='lat' dir='ltr'><strong>lidelitatfs</strong></span> <span class='ocrx_word' id='word_1_849' title='bbox 2622 5755 2855 5808; x_wconf 82' lang='lat' dir='ltr'><strong>ollicium</strong></span> <span class='ocrx_word' id='word_1_850' title='bbox 2890 5762 3037 5805; x_wconf 87' lang='lat' dir='ltr'><strong>trans</strong></span> <span class='ocrx_word' id='word_1_851' title='bbox 3081 5751 3255 5802; x_wconf 84' lang='lat' dir='ltr'><strong>minas</strong></span> <span class='ocrx_word' id='word_1_852' title='bbox 3304 5742 3743 5807; x_wconf 75' lang='lat' dir='ltr'><strong>formidinesth</strong></span> 
     </span>
    </p>
   </div>
  </div>
