  <div class='ocr_page' id='page_1' title='image "/cluster/home/n/w/nwhite01/storage/ocr_20150623/143/hvd.32044019208321/680.png"; bbox 0 0 4016 6524; ppageno 0'>
   <div class='ocr_carea' id='block_1_1' title="bbox 368 430 507 495">
    <p class='ocr_par' dir='ltr' id='par_1_1' title="bbox 368 430 507 495">
     <span class='ocr_line' id='line_1_1' title="bbox 368 430 507 495; baseline 0 0"><span class='ocrx_word' id='word_1_1' title='bbox 368 430 507 495; x_wconf 72' lang='grc' dir='ltr'><strong>Ῑῖῗϋῖ)</strong></span> 
     </span>
    </p>
   </div>
   <div class='ocr_carea' id='block_1_2' title="bbox 1219 425 2667 491">
    <p class='ocr_par' dir='ltr' id='par_1_2' title="bbox 1219 425 2667 491">
     <span class='ocr_line' id='line_1_2' title="bbox 1219 425 2667 491; baseline 0.003 -4"><span class='ocrx_word' id='word_1_2' title='bbox 1219 427 1600 489; x_wconf 76' lang='lat' dir='ltr'><strong>SI’ECIMEN</strong></span> <span class='ocrx_word' id='word_1_3' title='bbox 1644 425 2073 485; x_wconf 71' lang='lat' dir='ltr'><strong>S.\PIE.\&#39;TI.E</strong></span> <span class='ocrx_word' id='word_1_4' title='bbox 2108 427 2460 488; x_wconf 54' lang='lat' dir='ltr'><strong>lNDOIlU’d</strong></span> <span class='ocrx_word' id='word_1_5' title='bbox 2502 430 2667 491; x_wconf 78' lang='lat' dir='ltr'><strong>\‘E&#39;I&#39;.</strong></span> 
     </span>
    </p>
   </div>
   <div class='ocr_carea' id='block_1_3' title="bbox 3464 428 3608 495">
    <p class='ocr_par' dir='ltr' id='par_1_3' title="bbox 3464 428 3608 495">
     <span class='ocr_line' id='line_1_3' title="bbox 3464 428 3608 495; baseline 0.021 -2"><span class='ocrx_word' id='word_1_6' title='bbox 3464 428 3608 495; x_wconf 70' lang='grc'><strong>1266</strong></span> 
     </span>
    </p>
   </div>
   <div class='ocr_carea' id='block_1_4' title="bbox 353 536 3611 614">
    <p class='ocr_par' dir='ltr' id='par_1_4' title="bbox 353 536 3611 614">
     <span class='ocr_line' id='line_1_4' title="bbox 353 536 3611 614; baseline -0.002 -13"><span class='ocrx_word' id='word_1_7' title='bbox 353 564 385 601; x_wconf 83' lang='lat' dir='ltr'><strong>r-</strong></span> <span class='ocrx_word' id='word_1_8' title='bbox 416 543 906 612; x_wconf 65' lang='lat' dir='ltr'><strong>ures,suhigitque</strong></span> <span class='ocrx_word' id='word_1_9' title='bbox 925 540 1295 611; x_wconf 85' lang='lat' dir='ltr'><strong>aleamjacere</strong></span> <span class='ocrx_word' id='word_1_10' title='bbox 1316 538 1600 595; x_wconf 73' lang='lat' dir='ltr'><strong>infortunii</strong></span> <span class='ocrx_word' id='word_1_11' title='bbox 1622 536 1923 607; x_wconf 86' lang='lat' dir='ltr'><strong>quantivis.</strong></span> <span class='ocrx_word' id='word_1_12' title='bbox 1957 550 2000 603; x_wconf 75' lang='grc' dir='ltr'><strong>Α</strong></span> <span class='ocrx_word' id='word_1_13' title='bbox 2033 554 2153 592; x_wconf 89' lang='lat' dir='ltr'><strong>rum</strong></span> <span class='ocrx_word' id='word_1_14' title='bbox 2189 548 2414 607; x_wconf 88' lang='lat' dir='ltr'><strong>putans,</strong></span> <span class='ocrx_word' id='word_1_15' title='bbox 2444 557 2605 596; x_wconf 88' lang='lat' dir='ltr'><strong>manu</strong></span> <span class='ocrx_word' id='word_1_16' title='bbox 2638 542 2968 610; x_wconf 74' lang='lat' dir='ltr'><strong>prehensum</strong></span> <span class='ocrx_word' id='word_1_17' title='bbox 3001 542 3235 614; x_wconf 89' lang='lat' dir='ltr'><strong>projecit</strong></span> <span class='ocrx_word' id='word_1_18' title='bbox 3266 541 3317 595; x_wconf 92' lang='lat' dir='ltr'><strong>in</strong></span> <span class='ocrx_word' id='word_1_19' title='bbox 3354 540 3576 596; x_wconf 81' lang='lat' dir='ltr'><strong>fluvium</strong></span> <span class='ocrx_word' id='word_1_20' title='bbox 3597 586 3611 605; x_wconf 94' lang='lat'><strong>,</strong></span> 
     </span>
    </p>
   </div>
   <div class='ocr_carea' id='block_1_5' title="bbox 346 629 1919 704">
    <p class='ocr_par' dir='ltr' id='par_1_5' title="bbox 346 629 1919 704">
     <span class='ocr_line' id='line_1_5' title="bbox 346 629 1919 704; baseline -0.006 -12"><span class='ocrx_word' id='word_1_21' title='bbox 346 638 378 692; x_wconf 90' lang='lat' dir='ltr'><strong>d</strong></span> <span class='ocrx_word' id='word_1_22' title='bbox 408 656 481 690; x_wconf 86' lang='lat' dir='ltr'><strong>nn</strong></span> <span class='ocrx_word' id='word_1_23' title='bbox 515 636 632 693; x_wconf 85' lang='lat' dir='ltr'><strong>tibi.</strong></span> <span class='ocrx_word' id='word_1_24' title='bbox 666 636 911 696; x_wconf 87' lang='lat' dir='ltr'><strong>domine,</strong></span> <span class='ocrx_word' id='word_1_25' title='bbox 936 635 1094 704; x_wconf 85' lang='lat' dir='ltr'><strong>cujus</strong></span> <span class='ocrx_word' id='word_1_26' title='bbox 1123 649 1217 688; x_wconf 90' lang='lat' dir='ltr'><strong>ore</strong></span> <span class='ocrx_word' id='word_1_27' title='bbox 1244 632 1540 688; x_wconf 81' lang='lat' dir='ltr'><strong>venerabili</strong></span> <span class='ocrx_word' id='word_1_28' title='bbox 1576 631 1801 701; x_wconf 73' lang='lat' dir='ltr'><strong>spiritus</strong></span> <span class='ocrx_word' id='word_1_29' title='bbox 1831 629 1919 684; x_wconf 91' lang='lat' dir='ltr'><strong>hic</strong></span> 
     </span>
    </p>
   </div>
   <div class='ocr_carea' id='block_1_6' title="bbox 350 725 1917 791">
    <p class='ocr_par' dir='ltr' id='par_1_6' title="bbox 350 725 1917 791">
     <span class='ocr_line' id='line_1_6' title="bbox 350 725 1917 791; baseline -0.004 -9"><span class='ocrx_word' id='word_1_30' title='bbox 350 746 508 784; x_wconf 76' lang='lat' dir='ltr'><strong>meus</strong></span> <span class='ocrx_word' id='word_1_31' title='bbox 544 729 801 789; x_wconf 89' lang='lat' dir='ltr'><strong>trahitur,</strong></span> <span class='ocrx_word' id='word_1_32' title='bbox 834 728 920 781; x_wconf 91' lang='lat' dir='ltr'><strong>vel</strong></span> <span class='ocrx_word' id='word_1_33' title='bbox 954 742 1075 781; x_wconf 92' lang='lat' dir='ltr'><strong>meo</strong></span> <span class='ocrx_word' id='word_1_34' title='bbox 1123 725 1294 780; x_wconf 80' lang='lat' dir='ltr'><strong>exitio</strong></span> <span class='ocrx_word' id='word_1_35' title='bbox 1335 725 1640 788; x_wconf 78' lang='lat' dir='ltr'><strong>consulam,</strong></span> <span class='ocrx_word' id='word_1_36' title='bbox 1681 739 1744 777; x_wconf 85' lang='lat' dir='ltr'><strong>ac</strong></span> <span class='ocrx_word' id='word_1_37' title='bbox 1777 738 1917 791; x_wconf 86' lang='lat' dir='ltr'><strong>quo-</strong></span> 
     </span>
    </p>
   </div>
   <div class='ocr_carea' id='block_1_7' title="bbox 346 815 1917 891">
    <p class='ocr_par' dir='ltr' id='par_1_7' title="bbox 346 815 1917 891">
     <span class='ocr_line' id='line_1_7' title="bbox 346 815 1917 891; baseline -0.007 -15"><span class='ocrx_word' id='word_1_38' title='bbox 346 837 567 891; x_wconf 80' lang='lat' dir='ltr'><strong>cunque</strong></span> <span class='ocrx_word' id='word_1_39' title='bbox 613 836 870 876; x_wconf 88' lang='lat' dir='ltr'><strong>successu</strong></span> <span class='ocrx_word' id='word_1_40' title='bbox 904 819 1120 889; x_wconf 89' lang='lat' dir='ltr'><strong>aperire</strong></span> <span class='ocrx_word' id='word_1_41' title='bbox 1149 818 1403 881; x_wconf 90' lang='lat' dir='ltr'><strong>audeam,</strong></span> <span class='ocrx_word' id='word_1_42' title='bbox 1432 832 1553 886; x_wconf 74' lang='lat' dir='ltr'><strong>qua:</strong></span> <span class='ocrx_word' id='word_1_43' title='bbox 1577 815 1680 871; x_wconf 85' lang='lat' dir='ltr'><strong>nisi</strong></span> <span class='ocrx_word' id='word_1_44' title='bbox 1702 829 1917 884; x_wconf 74' lang='lat' dir='ltr'><strong>przeno-</strong></span> 
     </span>
    </p>
   </div>
   <div class='ocr_carea' id='block_1_8' title="bbox 345 907 1920 978">
    <p class='ocr_par' dir='ltr' id='par_1_8' title="bbox 345 907 1920 978">
     <span class='ocr_line' id='line_1_8' title="bbox 345 907 1920 978; baseline -0.005 -12"><span class='ocrx_word' id='word_1_45' title='bbox 345 914 518 978; x_wconf 88' lang='lat' dir='ltr'><strong>veris,</strong></span> <span class='ocrx_word' id='word_1_46' title='bbox 545 913 792 967; x_wconf 88' lang='lat' dir='ltr'><strong>ultimam</strong></span> <span class='ocrx_word' id='word_1_47' title='bbox 816 928 844 964; x_wconf 86' lang='lat' dir='ltr'><strong>a</strong></span> <span class='ocrx_word' id='word_1_48' title='bbox 874 921 924 965; x_wconf 91' lang='lat' dir='ltr'><strong>te</strong></span> <span class='ocrx_word' id='word_1_49' title='bbox 952 910 1164 964; x_wconf 88' lang='lat' dir='ltr'><strong>cladem</strong></span> <span class='ocrx_word' id='word_1_50' title='bbox 1187 908 1285 976; x_wconf 86' lang='lat' dir='ltr'><strong>(dii</strong></span> <span class='ocrx_word' id='word_1_51' title='bbox 1308 924 1469 964; x_wconf 85' lang='lat' dir='ltr'><strong>omen</strong></span> <span class='ocrx_word' id='word_1_52' title='bbox 1490 916 1859 961; x_wconf 84' lang='lat' dir='ltr'><strong>averruncent</strong></span> <span class='ocrx_word' id='word_1_53' title='bbox 1882 907 1920 973; x_wconf 77' lang='grc' dir='ltr'><strong>ι)</strong></span> 
     </span>
    </p>
   </div>
   <div class='ocr_carea' id='block_1_9' title="bbox 344 996 1921 1070">
    <p class='ocr_par' dir='ltr' id='par_1_9' title="bbox 344 996 1921 1070">
     <span class='ocr_line' id='line_1_9' title="bbox 344 996 1921 1070; baseline -0.006 -14"><span class='ocrx_word' id='word_1_54' title='bbox 344 1004 550 1057; x_wconf 77' lang='lat' dir='ltr'><strong>frustra</strong></span> <span class='ocrx_word' id='word_1_55' title='bbox 570 1002 862 1058; x_wconf 77' lang='lat' dir='ltr'><strong>cooaheris</strong></span> <span class='ocrx_word' id='word_1_56' title='bbox 890 1001 1190 1070; x_wconf 77' lang='lat' dir='ltr'><strong>depellere.</strong></span> <span class='ocrx_word' id='word_1_57' title='bbox 1215 1000 1333 1053; x_wconf 85' lang='lat' dir='ltr'><strong>Erit</strong></span> <span class='ocrx_word' id='word_1_58' title='bbox 1363 999 1556 1053; x_wconf 84' lang='lat' dir='ltr'><strong>solatio</strong></span> <span class='ocrx_word' id='word_1_59' title='bbox 1581 996 1921 1051; x_wconf 79' lang='lat' dir='ltr'><strong>conscientia</strong></span> 
     </span>
    </p>
   </div>
   <div class='ocr_carea' id='block_1_10' title="bbox 344 1088 1924 1164">
    <p class='ocr_par' dir='ltr' id='par_1_10' title="bbox 344 1088 1924 1164">
     <span class='ocr_line' id='line_1_10' title="bbox 344 1088 1924 1164; baseline -0.005 -15"><span class='ocrx_word' id='word_1_60' title='bbox 344 1098 440 1149; x_wconf 84' lang='lat' dir='ltr'><strong>tali</strong></span> <span class='ocrx_word' id='word_1_61' title='bbox 485 1111 649 1151; x_wconf 87' lang='lat' dir='ltr'><strong>causa</strong></span> <span class='ocrx_word' id='word_1_62' title='bbox 694 1092 983 1164; x_wconf 83' lang='lat' dir='ltr'><strong>pereunti;</strong></span> <span class='ocrx_word' id='word_1_63' title='bbox 1030 1107 1133 1146; x_wconf 91' lang='lat' dir='ltr'><strong>nec</strong></span> <span class='ocrx_word' id='word_1_64' title='bbox 1165 1090 1507 1160; x_wconf 77' lang='lat' dir='ltr'><strong>generositas</strong></span> <span class='ocrx_word' id='word_1_65' title='bbox 1540 1088 1924 1159; x_wconf 73' lang='lat' dir='ltr'><strong>imprudentia:</strong></span> 
     </span>
    </p>
   </div>
   <div class='ocr_carea' id='block_1_11' title="bbox 342 1181 1921 1254">
    <p class='ocr_par' dir='ltr' id='par_1_11' title="bbox 342 1181 1921 1254">
     <span class='ocr_line' id='line_1_11' title="bbox 342 1181 1921 1254; baseline -0.004 -16"><span class='ocrx_word' id='word_1_66' title='bbox 342 1187 685 1254; x_wconf 74' lang='lat' dir='ltr'><strong>culpabitur,</strong></span> <span class='ocrx_word' id='word_1_67' title='bbox 715 1186 905 1253; x_wconf 90' lang='lat' dir='ltr'><strong>utique</strong></span> <span class='ocrx_word' id='word_1_68' title='bbox 926 1184 1316 1237; x_wconf 82' lang='lat' dir='ltr'><strong>auctoritatem</strong></span> <span class='ocrx_word' id='word_1_69' title='bbox 1367 1191 1553 1236; x_wconf 86' lang='lat' dir='ltr'><strong>secuta</strong></span> <span class='ocrx_word' id='word_1_70' title='bbox 1586 1181 1921 1249; x_wconf 83' lang='lat' dir='ltr'><strong>sapientum,</strong></span> 
     </span>
    </p>
   </div>
   <div class='ocr_carea' id='block_1_12' title="bbox 341 1271 1921 1346">
    <p class='ocr_par' dir='ltr' id='par_1_12' title="bbox 341 1271 1921 1346">
     <span class='ocr_line' id='line_1_12' title="bbox 341 1271 1921 1346; baseline -0.003 -17"><span class='ocrx_word' id='word_1_71' title='bbox 341 1293 583 1346; x_wconf 87' lang='lat' dir='ltr'><strong>quorum</strong></span> <span class='ocrx_word' id='word_1_72' title='bbox 632 1278 798 1345; x_wconf 95' lang='lat' dir='ltr'><strong>vulgo</strong></span> <span class='ocrx_word' id='word_1_73' title='bbox 848 1275 1067 1329; x_wconf 76' lang='lat' dir='ltr'><strong>celebre</strong></span> <span class='ocrx_word' id='word_1_74' title='bbox 1119 1275 1385 1342; x_wconf 83' lang='lat' dir='ltr'><strong>probatur</strong></span> <span class='ocrx_word' id='word_1_75' title='bbox 1431 1272 1640 1327; x_wconf 86' lang='lat' dir='ltr'><strong>dictum</strong></span> <span class='ocrx_word' id='word_1_76' title='bbox 1689 1289 1702 1325; x_wconf 76' lang='grc' dir='ltr'>ε</span> <span class='ocrx_word' id='word_1_77' title='bbox 1748 1271 1857 1325; x_wconf 83' lang='lat' dir='ltr'><strong>Nec</strong></span> <span class='ocrx_word' id='word_1_78' title='bbox 1892 1286 1921 1324; x_wconf 90' lang='lat' dir='ltr'><strong>a</strong></span> 
     </span>
    </p>
   </div>
   <div class='ocr_carea' id='block_1_13' title="bbox 342 1363 1923 1433">
    <p class='ocr_par' dir='ltr' id='par_1_13' title="bbox 342 1363 1923 1433">
     <span class='ocr_line' id='line_1_13' title="bbox 342 1363 1923 1433; baseline -0.002 -16"><span class='ocrx_word' id='word_1_79' title='bbox 342 1366 571 1419; x_wconf 75' lang='lat' dir='ltr'><strong>sulzdito</strong></span> <span class='ocrx_word' id='word_1_80' title='bbox 603 1366 1043 1421; x_wconf 71' lang='lat' dir='ltr'><strong>benevolentiam</strong></span> <span class='ocrx_word' id='word_1_81' title='bbox 1076 1364 1333 1433; x_wconf 84' lang='lat' dir='ltr'><strong>principi,</strong></span> <span class='ocrx_word' id='word_1_82' title='bbox 1372 1378 1473 1417; x_wconf 88' lang='lat' dir='ltr'><strong>nec</strong></span> <span class='ocrx_word' id='word_1_83' title='bbox 1503 1363 1571 1417; x_wconf 87' lang='lat' dir='ltr'><strong>ab</strong></span> <span class='ocrx_word' id='word_1_84' title='bbox 1602 1378 1749 1431; x_wconf 66' lang='lat' dir='ltr'><strong>aegro</strong></span> <span class='ocrx_word' id='word_1_85' title='bbox 1778 1377 1923 1415; x_wconf 80' lang='lat' dir='ltr'><strong>mor-</strong></span> 
     </span>
    </p>
   </div>
   <div class='ocr_carea' id='block_1_14' title="bbox 342 1451 1923 1524">
    <p class='ocr_par' dir='ltr' id='par_1_14' title="bbox 342 1451 1923 1524">
     <span class='ocr_line' id='line_1_14' title="bbox 342 1451 1923 1524; baseline -0.003 -17"><span class='ocrx_word' id='word_1_86' title='bbox 342 1454 475 1507; x_wconf 66' lang='lat' dir='ltr'><strong>Lum</strong></span> <span class='ocrx_word' id='word_1_87' title='bbox 508 1455 745 1518; x_wconf 88' lang='lat' dir='ltr'><strong>medico,</strong></span> <span class='ocrx_word' id='word_1_88' title='bbox 780 1470 881 1508; x_wconf 90' lang='lat' dir='ltr'><strong>nec</strong></span> <span class='ocrx_word' id='word_1_89' title='bbox 919 1471 947 1508; x_wconf 92' lang='lat' dir='ltr'><strong>a</strong></span> <span class='ocrx_word' id='word_1_90' title='bbox 994 1468 1238 1524; x_wconf 86' lang='lat' dir='ltr'><strong>paupere</strong></span> <span class='ocrx_word' id='word_1_91' title='bbox 1279 1453 1517 1521; x_wconf 86' lang='lat' dir='ltr'><strong>inopiam</strong></span> <span class='ocrx_word' id='word_1_92' title='bbox 1557 1452 1712 1507; x_wconf 82' lang='lat' dir='ltr'><strong>diviti</strong></span> <span class='ocrx_word' id='word_1_93' title='bbox 1748 1451 1923 1504; x_wconf 88' lang='lat' dir='ltr'><strong>amico</strong></span> 
     </span>
    </p>
   </div>
   <div class='ocr_carea' id='block_1_15' title="bbox 340 1545 1922 1617">
    <p class='ocr_par' dir='ltr' id='par_1_15' title="bbox 340 1545 1922 1617">
     <span class='ocr_line' id='line_1_15' title="bbox 340 1545 1922 1617; baseline -0.003 -16"><span class='ocrx_word' id='word_1_94' title='bbox 340 1546 607 1601; x_wconf 76' lang='lat' dir='ltr'><strong>abscondi</strong></span> <span class='ocrx_word' id='word_1_95' title='bbox 642 1562 882 1617; x_wconf 83' lang='lat' dir='ltr'><strong>unquam</strong></span> <span class='ocrx_word' id='word_1_96' title='bbox 916 1556 1197 1614; x_wconf 85' lang='lat' dir='ltr'><strong>oportere.</strong></span> <span class='ocrx_word' id='word_1_97' title='bbox 1252 1546 1449 1613; x_wconf 84' lang='lat' dir='ltr'><strong>Accepi</strong></span> <span class='ocrx_word' id='word_1_98' title='bbox 1495 1561 1596 1615; x_wconf 76' lang='lat' dir='ltr'><strong>ego</strong></span> <span class='ocrx_word' id='word_1_99' title='bbox 1627 1560 1655 1597; x_wconf 89' lang='lat' dir='ltr'><strong>a</strong></span> <span class='ocrx_word' id='word_1_100' title='bbox 1686 1545 1922 1614; x_wconf 85' lang='lat' dir='ltr'><strong>quodam</strong></span> 
     </span>
    </p>
   </div>
   <div class='ocr_carea' id='block_1_16' title="bbox 345 1638 1921 1709">
    <p class='ocr_par' dir='ltr' id='par_1_16' title="bbox 345 1638 1921 1709">
     <span class='ocr_line' id='line_1_16' title="bbox 345 1638 1921 1709; baseline -0.001 -17"><span class='ocrx_word' id='word_1_101' title='bbox 345 1640 452 1694; x_wconf 62' lang='lat' dir='ltr'><strong>fide</strong></span> <span class='ocrx_word' id='word_1_102' title='bbox 488 1640 679 1709; x_wconf 81' lang='lat' dir='ltr'><strong>digno,</strong></span> <span class='ocrx_word' id='word_1_103' title='bbox 720 1653 938 1695; x_wconf 89' lang='lat' dir='ltr'><strong>taurum</strong></span> <span class='ocrx_word' id='word_1_104' title='bbox 972 1640 1298 1707; x_wconf 87' lang='lat' dir='ltr'><strong>proceribus</strong></span> <span class='ocrx_word' id='word_1_105' title='bbox 1344 1638 1451 1693; x_wconf 83' lang='lat' dir='ltr'><strong>sibi</strong></span> <span class='ocrx_word' id='word_1_106' title='bbox 1494 1638 1750 1693; x_wconf 74' lang='lat' dir='ltr'><strong>obnoxiis</strong></span> <span class='ocrx_word' id='word_1_107' title='bbox 1785 1638 1921 1692; x_wconf 89' lang='lat' dir='ltr'><strong>clam</strong></span> 
     </span>
    </p>
   </div>
   <div class='ocr_carea' id='block_1_17' title="bbox 341 1728 1924 1800">
    <p class='ocr_par' dir='ltr' id='par_1_17' title="bbox 341 1728 1924 1800">
     <span class='ocr_line' id='line_1_17' title="bbox 341 1728 1924 1800; baseline 0.001 -17"><span class='ocrx_word' id='word_1_108' title='bbox 341 1728 666 1785; x_wconf 77' lang='lat' dir='ltr'><strong>convocatis</strong></span> <span class='ocrx_word' id='word_1_109' title='bbox 713 1730 916 1785; x_wconf 73' lang='lat' dir='ltr'><strong>dixisse</strong></span> <span class='ocrx_word' id='word_1_110' title='bbox 952 1748 964 1783; x_wconf 91' lang='lat'><strong>:</strong></span> <span class='ocrx_word' id='word_1_111' title='bbox 997 1731 1447 1799; x_wconf 75' lang='lat' dir='ltr'><strong>Experimentum</strong></span> <span class='ocrx_word' id='word_1_112' title='bbox 1482 1731 1600 1800; x_wconf 89' lang='lat' dir='ltr'><strong>cepi</strong></span> <span class='ocrx_word' id='word_1_113' title='bbox 1632 1741 1715 1784; x_wconf 85' lang='lat' dir='ltr'><strong>sat</strong></span> <span class='ocrx_word' id='word_1_114' title='bbox 1759 1730 1924 1797; x_wconf 74' lang='lat' dir='ltr'><strong>longo</strong></span> 
     </span>
    </p>
   </div>
   <div class='ocr_carea' id='block_1_18' title="bbox 341 1821 1923 1891">
    <p class='ocr_par' dir='ltr' id='par_1_18' title="bbox 341 1821 1923 1891">
     <span class='ocr_line' id='line_1_18' title="bbox 341 1821 1923 1891; baseline 0 -16"><span class='ocrx_word' id='word_1_115' title='bbox 341 1822 450 1891; x_wconf 86' lang='lat' dir='ltr'><strong>jam</strong></span> <span class='ocrx_word' id='word_1_116' title='bbox 509 1838 610 1877; x_wconf 90' lang='lat' dir='ltr'><strong>usu</strong></span> <span class='ocrx_word' id='word_1_117' title='bbox 647 1821 991 1876; x_wconf 79' lang='lat' dir='ltr'><strong>fortitudinis</strong></span> <span class='ocrx_word' id='word_1_118' title='bbox 1026 1831 1083 1876; x_wconf 90' lang='lat' dir='ltr'><strong>et</strong></span> <span class='ocrx_word' id='word_1_119' title='bbox 1124 1821 1429 1891; x_wconf 66' lang='lat' dir='ltr'><strong>prudentia:</strong></span> <span class='ocrx_word' id='word_1_120' title='bbox 1476 1821 1674 1886; x_wconf 84' lang='lat' dir='ltr'><strong>leonis,</strong></span> <span class='ocrx_word' id='word_1_121' title='bbox 1702 1836 1923 1890; x_wconf 83' lang='lat' dir='ltr'><strong>compe-</strong></span> 
     </span>
    </p>
   </div>
   <div class='ocr_carea' id='block_1_19' title="bbox 2036 630 3615 703">
    <p class='ocr_par' dir='ltr' id='par_1_19' title="bbox 2036 630 3615 703">
     <span class='ocr_line' id='line_1_19' title="bbox 2036 630 3615 703; baseline 0.002 -20"><span class='ocrx_word' id='word_1_122' title='bbox 2036 630 2129 683; x_wconf 90' lang='lat' dir='ltr'><strong>ubi</strong></span> <span class='ocrx_word' id='word_1_123' title='bbox 2173 630 2458 683; x_wconf 73' lang='lat' dir='ltr'><strong>confestim</strong></span> <span class='ocrx_word' id='word_1_124' title='bbox 2495 632 2783 687; x_wconf 56' lang='lat' dir='ltr'><strong>ille‘sociis</strong></span> <span class='ocrx_word' id='word_1_125' title='bbox 2814 634 3096 703; x_wconf 87' lang='lat' dir='ltr'><strong>gratulans</strong></span> <span class='ocrx_word' id='word_1_126' title='bbox 3132 634 3378 687; x_wconf 91' lang='lat' dir='ltr'><strong>narravit</strong></span> <span class='ocrx_word' id='word_1_127' title='bbox 3419 634 3615 687; x_wconf 90' lang='lat' dir='ltr'><strong>mortis</strong></span> 
     </span>
    </p>
   </div>
   <div class='ocr_carea' id='block_1_20' title="bbox 2030 722 3610 794">
    <p class='ocr_par' dir='ltr' id='par_1_20' title="bbox 2030 722 3610 794">
     <span class='ocr_line' id='line_1_20' title="bbox 2030 722 3610 794; baseline 0.001 -18"><span class='ocrx_word' id='word_1_128' title='bbox 2030 738 2088 776; x_wconf 85' lang='lat' dir='ltr'><strong>se</strong></span> <span class='ocrx_word' id='word_1_129' title='bbox 2121 722 2469 776; x_wconf 88' lang='lat' dir='ltr'><strong>simulatione</strong></span> <span class='ocrx_word' id='word_1_130' title='bbox 2500 725 2662 778; x_wconf 88' lang='lat' dir='ltr'><strong>vitam</strong></span> <span class='ocrx_word' id='word_1_131' title='bbox 2698 725 3017 781; x_wconf 88' lang='lat' dir='ltr'><strong>redemisse.</strong></span> <span class='ocrx_word' id='word_1_132' title='bbox 3056 726 3276 780; x_wconf 87' lang='lat' dir='ltr'><strong>Tertius</strong></span> <span class='ocrx_word' id='word_1_133' title='bbox 3308 725 3610 794; x_wconf 79' lang='lat' dir='ltr'><strong>implicitus</strong></span> 
     </span>
    </p>
   </div>
   <div class='ocr_carea' id='block_1_21' title="bbox 2032 811 3617 882">
    <p class='ocr_par' dir='ltr' id='par_1_21' title="bbox 2032 811 3617 882">
     <span class='ocr_line' id='line_1_21' title="bbox 2032 811 3617 882; baseline 0.001 -19"><span class='ocrx_word' id='word_1_134' title='bbox 2032 811 2135 865; x_wconf 88' lang='lat' dir='ltr'><strong>reti</strong></span> <span class='ocrx_word' id='word_1_135' title='bbox 2182 819 2387 866; x_wconf 91' lang='lat' dir='ltr'><strong>temere</strong></span> <span class='ocrx_word' id='word_1_136' title='bbox 2433 812 2739 882; x_wconf 90' lang='lat' dir='ltr'><strong>cespitans,</strong></span> <span class='ocrx_word' id='word_1_137' title='bbox 2779 829 2844 868; x_wconf 83' lang='lat' dir='ltr'><strong>ac.</strong></span> <span class='ocrx_word' id='word_1_138' title='bbox 2886 828 3102 869; x_wconf 85' lang='lat' dir='ltr'><strong>sursum</strong></span> <span class='ocrx_word' id='word_1_139' title='bbox 3148 815 3406 868; x_wconf 89' lang='lat' dir='ltr'><strong>deorsum</strong></span> <span class='ocrx_word' id='word_1_140' title='bbox 3451 814 3617 867; x_wconf 63' lang='lat' dir='ltr'><strong>caveis</strong></span> 
     </span>
    </p>
   </div>
   <div class='ocr_carea' id='block_1_22' title="bbox 2034 903 3617 974">
    <p class='ocr_par' dir='ltr' id='par_1_22' title="bbox 2034 903 3617 974">
     <span class='ocr_line' id='line_1_22' title="bbox 2034 903 3617 974; baseline 0.001 -19"><span class='ocrx_word' id='word_1_141' title='bbox 2034 903 2273 957; x_wconf 84' lang='lat' dir='ltr'><strong>motibus</strong></span> <span class='ocrx_word' id='word_1_142' title='bbox 2302 903 2632 974; x_wconf 83' lang='lat' dir='ltr'><strong>impingens,</strong></span> <span class='ocrx_word' id='word_1_143' title='bbox 2660 905 2908 960; x_wconf 67' lang='lat' dir='ltr'><strong>stultitia:</strong></span> <span class='ocrx_word' id='word_1_144' title='bbox 2937 921 3126 974; x_wconf 69' lang='lat' dir='ltr'><strong>poenas</strong></span> <span class='ocrx_word' id='word_1_145' title='bbox 3154 920 3267 959; x_wconf 72' lang='lat' dir='ltr'><strong>suae</strong></span> <span class='ocrx_word' id='word_1_146' title='bbox 3300 915 3495 974; x_wconf 83' lang='lat' dir='ltr'><strong>captus</strong></span> <span class='ocrx_word' id='word_1_147' title='bbox 3521 904 3617 957; x_wconf 70' lang='lat' dir='ltr'><strong>de‘</strong></span> 
     </span>
    </p>
   </div>
   <div class='ocr_carea' id='block_1_23' title="bbox 2032 994 3615 1067">
    <p class='ocr_par' dir='ltr' id='par_1_23' title="bbox 2032 994 3615 1067">
     <span class='ocr_line' id='line_1_23' title="bbox 2032 994 3615 1067; baseline 0.003 -20"><span class='ocrx_word' id='word_1_148' title='bbox 2032 994 2132 1050; x_wconf 88' lang='lat' dir='ltr'><strong>dit.</strong></span> <span class='ocrx_word' id='word_1_149' title='bbox 2158 994 2364 1050; x_wconf 79' lang='lat' dir='ltr'><strong>Similia</strong></span> <span class='ocrx_word' id='word_1_150' title='bbox 2394 998 2634 1065; x_wconf 85' lang='lat' dir='ltr'><strong>patietur</strong></span> <span class='ocrx_word' id='word_1_151' title='bbox 2654 998 2905 1067; x_wconf 84' lang='lat' dir='ltr'><strong>quisquis</strong></span> <span class='ocrx_word' id='word_1_152' title='bbox 2925 997 3247 1053; x_wconf 88' lang='lat' dir='ltr'><strong>denuntiato</strong></span> <span class='ocrx_word' id='word_1_153' title='bbox 3272 997 3615 1051; x_wconf 87' lang='lat' dir='ltr'><strong>indormiens</strong></span> 
     </span>
    </p>
   </div>
   <div class='ocr_carea' id='block_1_24' title="bbox 2033 1087 3613 1160">
    <p class='ocr_par' dir='ltr' id='par_1_24' title="bbox 2033 1087 3613 1160">
     <span class='ocr_line' id='line_1_24' title="bbox 2033 1087 3613 1160; baseline 0.001 -20"><span class='ocrx_word' id='word_1_154' title='bbox 2033 1087 2302 1156; x_wconf 89' lang='lat' dir='ltr'><strong>periculo,</strong></span> <span class='ocrx_word' id='word_1_155' title='bbox 2334 1088 2636 1156; x_wconf 75' lang='lat' dir='ltr'><strong>neglexerit</strong></span> <span class='ocrx_word' id='word_1_156' title='bbox 2668 1090 2751 1143; x_wconf 86' lang='lat' dir='ltr'><strong>vel</strong></span> <span class='ocrx_word' id='word_1_157' title='bbox 2784 1090 3107 1160; x_wconf 87' lang='lat' dir='ltr'><strong>tempestive</strong></span> <span class='ocrx_word' id='word_1_158' title='bbox 3140 1101 3491 1160; x_wconf 59' lang='lat' dir='ltr'><strong>praevertere,</strong></span> <span class='ocrx_word' id='word_1_159' title='bbox 3529 1090 3613 1141; x_wconf 87' lang='lat' dir='ltr'><strong>vel</strong></span> 
     </span>
    </p>
   </div>
   <div class='ocr_carea' id='block_1_25' title="bbox 2032 1179 3612 1251">
    <p class='ocr_par' dir='ltr' id='par_1_25' title="bbox 2032 1179 3612 1251">
     <span class='ocr_line' id='line_1_25' title="bbox 2032 1179 3612 1251; baseline 0.001 -20"><span class='ocrx_word' id='word_1_160' title='bbox 2032 1179 2263 1232; x_wconf 58' lang='lat' dir='ltr'><strong>solerter</strong></span> <span class='ocrx_word' id='word_1_161' title='bbox 2296 1181 2521 1235; x_wconf 90' lang='lat' dir='ltr'><strong>eludere</strong></span> <span class='ocrx_word' id='word_1_162' title='bbox 2563 1181 2793 1236; x_wconf 86' lang='lat' dir='ltr'><strong>insidias</strong></span> <span class='ocrx_word' id='word_1_163' title='bbox 2832 1183 2938 1235; x_wconf 80' lang='lat' dir='ltr'><strong>fido</strong></span> <span class='ocrx_word' id='word_1_164' title='bbox 2981 1182 3185 1236; x_wconf 91' lang='lat' dir='ltr'><strong>indicio</strong></span> <span class='ocrx_word' id='word_1_165' title='bbox 3226 1183 3612 1251; x_wconf 75' lang='lat' dir='ltr'><strong>przccognitas.</strong></span> 
     </span>
    </p>
   </div>
   <div class='ocr_carea' id='block_1_26' title="bbox 2101 1269 3616 1342">
    <p class='ocr_par' dir='ltr' id='par_1_26' title="bbox 2101 1269 3616 1342">
     <span class='ocr_line' id='line_1_26' title="bbox 2101 1269 3616 1342; baseline -0.001 -18"><span class='ocrx_word' id='word_1_166' title='bbox 2101 1269 2287 1326; x_wconf 80' lang='lat' dir='ltr'><strong>XVII].</strong></span> <span class='ocrx_word' id='word_1_167' title='bbox 2329 1272 2578 1340; x_wconf 88' lang='lat' dir='ltr'><strong>Percipio</strong></span> <span class='ocrx_word' id='word_1_168' title='bbox 2605 1274 2751 1341; x_wconf 89' lang='lat' dir='ltr'><strong>quod</strong></span> <span class='ocrx_word' id='word_1_169' title='bbox 2778 1273 2939 1337; x_wconf 86' lang='lat' dir='ltr'><strong>dicis,</strong></span> <span class='ocrx_word' id='word_1_170' title='bbox 2968 1274 3053 1327; x_wconf 89' lang='lat' dir='ltr'><strong>leo</strong></span> <span class='ocrx_word' id='word_1_171' title='bbox 3080 1276 3189 1338; x_wconf 86' lang='lat' dir='ltr'><strong>ait;</strong></span> <span class='ocrx_word' id='word_1_172' title='bbox 3219 1274 3313 1328; x_wconf 84' lang='lat' dir='ltr'><strong>sed</strong></span> <span class='ocrx_word' id='word_1_173' title='bbox 3344 1289 3450 1327; x_wconf 85' lang='lat' dir='ltr'><strong>non</strong></span> <span class='ocrx_word' id='word_1_174' title='bbox 3483 1284 3616 1342; x_wconf 88' lang='lat' dir='ltr'><strong>puto</strong></span> 
     </span>
    </p>
   </div>
   <div class='ocr_carea' id='block_1_27' title="bbox 2033 1363 3617 1433">
    <p class='ocr_par' dir='ltr' id='par_1_27' title="bbox 2033 1363 3617 1433">
     <span class='ocr_line' id='line_1_27' title="bbox 2033 1363 3617 1433; baseline 0 -18"><span class='ocrx_word' id='word_1_175' title='bbox 2033 1370 2253 1415; x_wconf 87' lang='lat' dir='ltr'><strong>taurum</strong></span> <span class='ocrx_word' id='word_1_176' title='bbox 2291 1363 2430 1416; x_wconf 86' lang='lat' dir='ltr'><strong>nihil</strong></span> <span class='ocrx_word' id='word_1_177' title='bbox 2482 1379 2511 1416; x_wconf 89' lang='lat' dir='ltr'><strong>a</strong></span> <span class='ocrx_word' id='word_1_178' title='bbox 2546 1379 2630 1418; x_wconf 90' lang='lat' dir='ltr'><strong>me</strong></span> <span class='ocrx_word' id='word_1_179' title='bbox 2666 1380 2885 1433; x_wconf 89' lang='lat' dir='ltr'><strong>passum</strong></span> <span class='ocrx_word' id='word_1_180' title='bbox 2919 1367 3082 1427; x_wconf 85' lang='lat' dir='ltr'><strong>mali,</strong></span> <span class='ocrx_word' id='word_1_181' title='bbox 3115 1365 3273 1419; x_wconf 84' lang='lat' dir='ltr'><strong>dolos</strong></span> <span class='ocrx_word' id='word_1_182' title='bbox 3302 1375 3493 1419; x_wconf 88' lang='lat' dir='ltr'><strong>contra</strong></span> <span class='ocrx_word' id='word_1_183' title='bbox 3532 1379 3617 1416; x_wconf 69' lang='lat' dir='ltr'><strong>me</strong></span> 
     </span>
    </p>
   </div>
   <div class='ocr_carea' id='block_1_28' title="bbox 2033 1436 3614 1526">
    <p class='ocr_par' dir='ltr' id='par_1_28' title="bbox 2033 1436 3614 1526">
     <span class='ocr_line' id='line_1_28' title="bbox 2033 1436 3614 1526; baseline 0 -18"><span class='ocrx_word' id='word_1_184' title='bbox 2033 1455 2234 1508; x_wconf 91' lang='lat' dir='ltr'><strong>moliri.</strong></span> <span class='ocrx_word' id='word_1_185' title='bbox 2261 1454 2465 1509; x_wconf 90' lang='lat' dir='ltr'><strong>Contra</strong></span> <span class='ocrx_word' id='word_1_186' title='bbox 2487 1454 2800 1522; x_wconf 78' lang='lat' dir='ltr'><strong>Vestigator</strong></span> <span class='ocrx_word' id='word_1_187' title='bbox 2827 1475 2839 1508; x_wconf 89' lang='lat'>:</span> <span class='ocrx_word' id='word_1_188' title='bbox 2872 1456 2983 1511; x_wconf 92' lang='lat' dir='ltr'><strong>lloc</strong></span> <span class='ocrx_word' id='word_1_189' title='bbox 3014 1456 3214 1526; x_wconf 89' lang='lat' dir='ltr'><strong>ipsum,</strong></span> <span class='ocrx_word' id='word_1_190' title='bbox 3246 1458 3443 1525; x_wconf 84' lang='lat' dir='ltr'><strong>inquit,</strong></span> <span class='ocrx_word' id='word_1_191' title='bbox 3471 1436 3614 1509; x_wconf 74' lang='lat' dir='ltr'><strong>nihi&#39;</strong></span> 
     </span>
    </p>
   </div>
   <div class='ocr_carea' id='block_1_29' title="bbox 2032 1547 3611 1617">
    <p class='ocr_par' dir='ltr' id='par_1_29' title="bbox 2032 1547 3611 1617">
     <span class='ocr_line' id='line_1_29' title="bbox 2032 1547 3611 1617; baseline 0 -20"><span class='ocrx_word' id='word_1_192' title='bbox 2032 1561 2061 1597; x_wconf 90' lang='lat' dir='ltr'><strong>a</strong></span> <span class='ocrx_word' id='word_1_193' title='bbox 2098 1554 2149 1599; x_wconf 91' lang='lat' dir='ltr'><strong>te</strong></span> <span class='ocrx_word' id='word_1_194' title='bbox 2187 1548 2312 1599; x_wconf 88' lang='lat' dir='ltr'><strong>mali</strong></span> <span class='ocrx_word' id='word_1_195' title='bbox 2357 1562 2577 1615; x_wconf 83' lang='lat' dir='ltr'><strong>passum</strong></span> <span class='ocrx_word' id='word_1_196' title='bbox 2614 1562 2735 1601; x_wconf 91' lang='lat' dir='ltr'><strong>esse</strong></span> <span class='ocrx_word' id='word_1_197' title='bbox 2773 1557 2992 1602; x_wconf 88' lang='lat' dir='ltr'><strong>taurum</strong></span> <span class='ocrx_word' id='word_1_198' title='bbox 3017 1588 3031 1613; x_wconf 94' lang='lat'><strong>,</strong></span> <span class='ocrx_word' id='word_1_199' title='bbox 3070 1548 3251 1617; x_wconf 85' lang='lat' dir='ltr'><strong>ipsum</strong></span> <span class='ocrx_word' id='word_1_200' title='bbox 3289 1547 3511 1617; x_wconf 90' lang='lat' dir='ltr'><strong>impulit</strong></span> <span class='ocrx_word' id='word_1_201' title='bbox 3546 1548 3611 1599; x_wconf 86' lang='lat' dir='ltr'><strong>ad</strong></span> 
     </span>
    </p>
   </div>
   <div class='ocr_carea' id='block_1_30' title="bbox 2032 1637 3615 1710">
    <p class='ocr_par' dir='ltr' id='par_1_30' title="bbox 2032 1637 3615 1710">
     <span class='ocr_line' id='line_1_30' title="bbox 2032 1637 3615 1710; baseline -0.001 -19"><span class='ocrx_word' id='word_1_202' title='bbox 2032 1637 2404 1692; x_wconf 88' lang='lat' dir='ltr'><strong>insidiandum</strong></span> <span class='ocrx_word' id='word_1_203' title='bbox 2454 1639 2552 1692; x_wconf 83' lang='lat' dir='ltr'><strong>tibi</strong></span> <span class='ocrx_word' id='word_1_204' title='bbox 2597 1657 2611 1692; x_wconf 93' lang='lat'><strong>:</strong></span> <span class='ocrx_word' id='word_1_205' title='bbox 2656 1655 2781 1693; x_wconf 90' lang='lat' dir='ltr'><strong>nam</strong></span> <span class='ocrx_word' id='word_1_206' title='bbox 2830 1639 2984 1693; x_wconf 91' lang='lat' dir='ltr'><strong>illum</strong></span> <span class='ocrx_word' id='word_1_207' title='bbox 3029 1656 3195 1710; x_wconf 82' lang='lat' dir='ltr'><strong>supra</strong></span> <span class='ocrx_word' id='word_1_208' title='bbox 3244 1656 3437 1694; x_wconf 90' lang='lat' dir='ltr'><strong>omnes</strong></span> <span class='ocrx_word' id='word_1_209' title='bbox 3483 1639 3615 1692; x_wconf 71' lang='lat' dir='ltr'><strong>effe-</strong></span> 
     </span>
    </p>
   </div>
   <div class='ocr_carea' id='block_1_31' title="bbox 2032 1730 3614 1802">
    <p class='ocr_par' dir='ltr' id='par_1_31' title="bbox 2032 1730 3614 1802">
     <span class='ocr_line' id='line_1_31' title="bbox 2032 1730 3614 1802; baseline -0.001 -18"><span class='ocrx_word' id='word_1_210' title='bbox 2032 1746 2183 1790; x_wconf 85' lang='lat' dir='ltr'><strong>rens,</strong></span> <span class='ocrx_word' id='word_1_211' title='bbox 2209 1730 2263 1784; x_wconf 90' lang='lat' dir='ltr'><strong>id</strong></span> <span class='ocrx_word' id='word_1_212' title='bbox 2288 1730 2467 1800; x_wconf 83' lang='lat' dir='ltr'><strong>egisti,</strong></span> <span class='ocrx_word' id='word_1_213' title='bbox 2498 1738 2555 1784; x_wconf 92' lang='lat' dir='ltr'><strong>ut</strong></span> <span class='ocrx_word' id='word_1_214' title='bbox 2582 1739 2634 1785; x_wconf 92' lang='lat' dir='ltr'><strong>te</strong></span> <span class='ocrx_word' id='word_1_215' title='bbox 2659 1732 2836 1785; x_wconf 87' lang='lat' dir='ltr'><strong>solum</strong></span> <span class='ocrx_word' id='word_1_216' title='bbox 2864 1732 3193 1793; x_wconf 87' lang='lat' dir='ltr'><strong>intueretur,</strong></span> <span class='ocrx_word' id='word_1_217' title='bbox 3221 1732 3425 1802; x_wconf 89' lang='lat' dir='ltr'><strong>quippe</strong></span> <span class='ocrx_word' id='word_1_218' title='bbox 3451 1745 3614 1800; x_wconf 79' lang='lat' dir='ltr'><strong>quem</strong></span> 
     </span>
    </p>
   </div>
   <div class='ocr_carea' id='block_1_32' title="bbox 2032 1823 3616 1894">
    <p class='ocr_par' dir='ltr' id='par_1_32' title="bbox 2032 1823 3616 1894">
     <span class='ocr_line' id='line_1_32' title="bbox 2032 1823 3616 1894; baseline 0.001 -19"><span class='ocrx_word' id='word_1_219' title='bbox 2032 1838 2202 1876; x_wconf 90' lang='lat' dir='ltr'><strong>unum</strong></span> <span class='ocrx_word' id='word_1_220' title='bbox 2235 1823 2462 1879; x_wconf 76' lang='lat' dir='ltr'><strong>haberet</strong></span> <span class='ocrx_word' id='word_1_221' title='bbox 2495 1838 2660 1891; x_wconf 87' lang='lat' dir='ltr'><strong>supra</strong></span> <span class='ocrx_word' id='word_1_222' title='bbox 2692 1838 2773 1885; x_wconf 90' lang='lat' dir='ltr'><strong>se,</strong></span> <span class='ocrx_word' id='word_1_223' title='bbox 2802 1824 3072 1894; x_wconf 75' lang='lat' dir='ltr'><strong>depositis</strong></span> <span class='ocrx_word' id='word_1_224' title='bbox 3105 1824 3248 1879; x_wconf 85' lang='lat' dir='ltr'><strong>infra</strong></span> <span class='ocrx_word' id='word_1_225' title='bbox 3281 1824 3499 1879; x_wconf 88' lang='lat' dir='ltr'><strong>cunctis</strong></span> <span class='ocrx_word' id='word_1_226' title='bbox 3529 1837 3616 1876; x_wconf 86' lang='lat' dir='ltr'><strong>rc-</strong></span> 
     </span>
    </p>
   </div>
   <div class='ocr_carea' id='block_1_33' title="bbox 343 1908 3608 1985">
    <p class='ocr_par' dir='ltr' id='par_1_33' title="bbox 343 1908 3608 1985">
     <span class='ocr_line' id='line_1_33' title="bbox 343 1908 3608 1985; baseline 0 -18"><span class='ocrx_word' id='word_1_227' title='bbox 343 1916 505 1983; x_wconf 89' lang='lat' dir='ltr'><strong>rique</strong></span> <span class='ocrx_word' id='word_1_228' title='bbox 531 1924 821 1984; x_wconf 86' lang='lat' dir='ltr'><strong>utramque</strong></span> <span class='ocrx_word' id='word_1_229' title='bbox 849 1914 1293 1978; x_wconf 90' lang='lat' dir='ltr'><strong>mediocrem,ne</strong></span> <span class='ocrx_word' id='word_1_230' title='bbox 1313 1914 1587 1968; x_wconf 88' lang='lat' dir='ltr'><strong>modicam</strong></span> <span class='ocrx_word' id='word_1_231' title='bbox 1615 1930 1680 1969; x_wconf 87' lang='lat' dir='ltr'><strong>ac</strong></span> <span class='ocrx_word' id='word_1_232' title='bbox 1712 1915 1919 1969; x_wconf 93' lang='lat' dir='ltr'><strong>nullam</strong></span> <span class='ocrx_word' id='word_1_233' title='bbox 1959 1908 1997 1961; x_wconf 76' lang='grc' dir='ltr'><strong>Β</strong></span> <span class='ocrx_word' id='word_1_234' title='bbox 2024 1914 2213 1983; x_wconf 90' lang='lat' dir='ltr'><strong>liquis.</strong></span> <span class='ocrx_word' id='word_1_235' title='bbox 2264 1913 2359 1970; x_wconf 83' lang='lat' dir='ltr'><strong>Est</strong></span> <span class='ocrx_word' id='word_1_236' title='bbox 2404 1924 2587 1969; x_wconf 89' lang='lat' dir='ltr'><strong>autem</strong></span> <span class='ocrx_word' id='word_1_237' title='bbox 2637 1924 2835 1969; x_wconf 85' lang='lat' dir='ltr'><strong>natura</strong></span> <span class='ocrx_word' id='word_1_238' title='bbox 2879 1916 3256 1985; x_wconf 90' lang='lat' dir='ltr'><strong>improbarum</strong></span> <span class='ocrx_word' id='word_1_239' title='bbox 3305 1917 3571 1969; x_wconf 88' lang='lat' dir='ltr'><strong>mentium</strong></span> <span class='ocrx_word' id='word_1_240' title='bbox 3596 1962 3608 1980; x_wconf 89' lang='grc'><em>,</em></span> 
     </span>
    </p>
   </div>
   <div class='ocr_carea' id='block_1_34' title="bbox 342 2003 1920 2075">
    <p class='ocr_par' dir='ltr' id='par_1_34' title="bbox 342 2003 1920 2075">
     <span class='ocr_line' id='line_1_34' title="bbox 342 2003 1920 2075; baseline 0 -17"><span class='ocrx_word' id='word_1_241' title='bbox 342 2007 534 2059; x_wconf 85' lang='lat' dir='ltr'><strong>verius</strong></span> <span class='ocrx_word' id='word_1_242' title='bbox 568 2006 772 2059; x_wconf 85' lang='lat' dir='ltr'><strong>dicam.</strong></span> <span class='ocrx_word' id='word_1_243' title='bbox 805 2005 885 2060; x_wconf 80' lang='lat' dir='ltr'><strong>Ex</strong></span> <span class='ocrx_word' id='word_1_244' title='bbox 915 2005 1020 2060; x_wconf 89' lang='lat' dir='ltr'><strong>hoc</strong></span> <span class='ocrx_word' id='word_1_245' title='bbox 1053 2006 1172 2075; x_wconf 85' lang='lat' dir='ltr'><strong>ejus</strong></span> <span class='ocrx_word' id='word_1_246' title='bbox 1193 2004 1420 2061; x_wconf 74' lang='lat' dir='ltr'><strong>exordio</strong></span> <span class='ocrx_word' id='word_1_247' title='bbox 1461 2003 1702 2060; x_wconf 87' lang='lat' dir='ltr'><strong>divinavi</strong></span> <span class='ocrx_word' id='word_1_248' title='bbox 1736 2005 1920 2060; x_wconf 88' lang='lat' dir='ltr'><strong>statim</strong></span> 
     </span>
    </p>
   </div>
   <div class='ocr_carea' id='block_1_35' title="bbox 342 2096 1917 2167">
    <p class='ocr_par' dir='ltr' id='par_1_35' title="bbox 342 2096 1917 2167">
     <span class='ocr_line' id='line_1_35' title="bbox 342 2096 1917 2167; baseline 0.002 -22"><span class='ocrx_word' id='word_1_249' title='bbox 342 2096 479 2163; x_wconf 83' lang='lat' dir='ltr'><strong>quid</strong></span> <span class='ocrx_word' id='word_1_250' title='bbox 510 2096 740 2151; x_wconf 85' lang='lat' dir='ltr'><strong>sceleris</strong></span> <span class='ocrx_word' id='word_1_251' title='bbox 776 2113 840 2152; x_wconf 90' lang='lat' dir='ltr'><strong>ac</strong></span> <span class='ocrx_word' id='word_1_252' title='bbox 878 2098 1109 2154; x_wconf 88' lang='lat' dir='ltr'><strong>monstri</strong></span> <span class='ocrx_word' id='word_1_253' title='bbox 1142 2098 1353 2167; x_wconf 90' lang='lat' dir='ltr'><strong>reliqua</strong></span> <span class='ocrx_word' id='word_1_254' title='bbox 1386 2098 1688 2167; x_wconf 87' lang='lat' dir='ltr'><strong>parturiret</strong></span> <span class='ocrx_word' id='word_1_255' title='bbox 1715 2098 1917 2153; x_wconf 87' lang='lat' dir='ltr'><strong>oratio.</strong></span> 
     </span>
    </p>
   </div>
   <div class='ocr_carea' id='block_1_36' title="bbox 345 2187 1922 2261">
    <p class='ocr_par' dir='ltr' id='par_1_36' title="bbox 345 2187 1922 2261">
     <span class='ocr_line' id='line_1_36' title="bbox 345 2187 1922 2261; baseline 0.003 -20"><span class='ocrx_word' id='word_1_256' title='bbox 345 2187 572 2242; x_wconf 79' lang='lat' dir='ltr'><strong>Minime</strong></span> <span class='ocrx_word' id='word_1_257' title='bbox 618 2189 881 2244; x_wconf 82' lang='lat' dir='ltr'><strong>videlicet</strong></span> <span class='ocrx_word' id='word_1_258' title='bbox 935 2189 1231 2245; x_wconf 91' lang='lat' dir='ltr'><strong>obscurum</strong></span> <span class='ocrx_word' id='word_1_259' title='bbox 1286 2199 1371 2246; x_wconf 87' lang='lat' dir='ltr'><strong>est</strong></span> <span class='ocrx_word' id='word_1_260' title='bbox 1418 2191 1558 2248; x_wconf 84' lang='lat' dir='ltr'><strong>banc</strong></span> <span class='ocrx_word' id='word_1_261' title='bbox 1588 2190 1708 2261; x_wconf 89' lang='lat' dir='ltr'><strong>ejus</strong></span> <span class='ocrx_word' id='word_1_262' title='bbox 1740 2191 1922 2258; x_wconf 46' lang='lat' dir='ltr'><strong>impu‘</strong></span> 
     </span>
    </p>
   </div>
   <div class='ocr_carea' id='block_1_37' title="bbox 346 2280 1923 2351">
    <p class='ocr_par' dir='ltr' id='par_1_37' title="bbox 346 2280 1923 2351">
     <span class='ocr_line' id='line_1_37' title="bbox 346 2280 1923 2351; baseline 0.001 -19"><span class='ocrx_word' id='word_1_263' title='bbox 346 2280 591 2333; x_wconf 87' lang='lat' dir='ltr'><strong>dentiam</strong></span> <span class='ocrx_word' id='word_1_264' title='bbox 619 2296 686 2335; x_wconf 88' lang='lat' dir='ltr'><strong>eo</strong></span> <span class='ocrx_word' id='word_1_265' title='bbox 708 2296 1090 2350; x_wconf 84' lang='lat' dir='ltr'><strong>prorumpere,</strong></span> <span class='ocrx_word' id='word_1_266' title='bbox 1124 2292 1185 2335; x_wconf 89' lang='lat' dir='ltr'><strong>ut</strong></span> <span class='ocrx_word' id='word_1_267' title='bbox 1216 2290 1287 2345; x_wconf 89' lang='lat' dir='ltr'><strong>te,</strong></span> <span class='ocrx_word' id='word_1_268' title='bbox 1321 2283 1413 2351; x_wconf 87' lang='lat' dir='ltr'><strong>qui</strong></span> <span class='ocrx_word' id='word_1_269' title='bbox 1439 2296 1563 2336; x_wconf 85' lang='lat' dir='ltr'><strong>eum</strong></span> <span class='ocrx_word' id='word_1_270' title='bbox 1590 2282 1834 2337; x_wconf 80' lang='lat' dir='ltr'><strong>extulisti</strong></span> <span class='ocrx_word' id='word_1_271' title='bbox 1868 2281 1923 2334; x_wconf 89' lang='lat' dir='ltr'><strong>in</strong></span> 
     </span>
    </p>
   </div>
   <div class='ocr_carea' id='block_1_38' title="bbox 347 2373 1925 2442">
    <p class='ocr_par' dir='ltr' id='par_1_38' title="bbox 347 2373 1925 2442">
     <span class='ocr_line' id='line_1_38' title="bbox 347 2373 1925 2442; baseline 0.004 -18"><span class='ocrx_word' id='word_1_272' title='bbox 347 2373 522 2426; x_wconf 82' lang='lat' dir='ltr'><strong>ferme</strong></span> <span class='ocrx_word' id='word_1_273' title='bbox 569 2388 758 2442; x_wconf 90' lang='lat' dir='ltr'><strong>parem</strong></span> <span class='ocrx_word' id='word_1_274' title='bbox 801 2374 902 2428; x_wconf 87' lang='lat' dir='ltr'><strong>tibi</strong></span> <span class='ocrx_word' id='word_1_275' title='bbox 953 2375 1245 2441; x_wconf 89' lang='lat' dir='ltr'><strong>honorem,</strong></span> <span class='ocrx_word' id='word_1_276' title='bbox 1283 2377 1491 2431; x_wconf 82' lang='lat' dir='ltr'><strong>nefarie</strong></span> <span class='ocrx_word' id='word_1_277' title='bbox 1520 2377 1818 2431; x_wconf 82' lang='lat' dir='ltr'><strong>deturbare</strong></span> <span class='ocrx_word' id='word_1_278' title='bbox 1856 2375 1925 2430; x_wconf 92' lang='lat' dir='ltr'><strong>de</strong></span> 
     </span>
    </p>
   </div>
   <div class='ocr_carea' id='block_1_39' title="bbox 346 2465 1924 2538">
    <p class='ocr_par' dir='ltr' id='par_1_39' title="bbox 346 2465 1924 2538">
     <span class='ocr_line' id='line_1_39' title="bbox 346 2465 1924 2538; baseline 0.003 -21"><span class='ocrx_word' id='word_1_279' title='bbox 346 2465 489 2518; x_wconf 85' lang='lat' dir='ltr'><strong>solio</strong></span> <span class='ocrx_word' id='word_1_280' title='bbox 525 2465 846 2532; x_wconf 86' lang='lat' dir='ltr'><strong>contendat,</strong></span> <span class='ocrx_word' id='word_1_281' title='bbox 887 2467 1099 2537; x_wconf 86' lang='lat' dir='ltr'><strong>tibique</strong></span> <span class='ocrx_word' id='word_1_282' title='bbox 1132 2477 1413 2523; x_wconf 82' lang='lat' dir='ltr'><strong>extortum</strong></span> <span class='ocrx_word' id='word_1_283' title='bbox 1455 2469 1748 2538; x_wconf 87' lang='lat' dir='ltr'><strong>imperium</strong></span> <span class='ocrx_word' id='word_1_284' title='bbox 1783 2470 1924 2523; x_wconf 87' lang='lat' dir='ltr'><strong>arri-</strong></span> 
     </span>
    </p>
   </div>
   <div class='ocr_carea' id='block_1_40' title="bbox 345 2556 1928 2633">
    <p class='ocr_par' dir='ltr' id='par_1_40' title="bbox 345 2556 1928 2633">
     <span class='ocr_line' id='line_1_40' title="bbox 345 2556 1928 2633; baseline 0.004 -24"><span class='ocrx_word' id='word_1_285' title='bbox 345 2572 502 2633; x_wconf 81' lang='lat' dir='ltr'><strong>pere.</strong></span> <span class='ocrx_word' id='word_1_286' title='bbox 564 2556 793 2627; x_wconf 77' lang='lat' dir='ltr'><strong>Oportet</strong></span> <span class='ocrx_word' id='word_1_287' title='bbox 839 2572 1028 2614; x_wconf 87' lang='lat' dir='ltr'><strong>autem</strong></span> <span class='ocrx_word' id='word_1_288' title='bbox 1090 2576 1248 2631; x_wconf 84' lang='lat' dir='ltr'><strong>reges</strong></span> <span class='ocrx_word' id='word_1_289' title='bbox 1297 2561 1481 2615; x_wconf 88' lang='lat' dir='ltr'><strong>subito</strong></span> <span class='ocrx_word' id='word_1_290' title='bbox 1533 2576 1597 2615; x_wconf 90' lang='lat' dir='ltr'><strong>ac</strong></span> <span class='ocrx_word' id='word_1_291' title='bbox 1651 2560 1928 2615; x_wconf 82' lang='lat' dir='ltr'><strong>senserint</strong></span> 
     </span>
    </p>
   </div>
   <div class='ocr_carea' id='block_1_41' title="bbox 350 2648 1925 2720">
    <p class='ocr_par' dir='ltr' id='par_1_41' title="bbox 350 2648 1925 2720">
     <span class='ocr_line' id='line_1_41' title="bbox 350 2648 1925 2720; baseline 0.003 -21"><span class='ocrx_word' id='word_1_292' title='bbox 350 2648 659 2704; x_wconf 81' lang='lat' dir='ltr'><strong>tuachinari</strong></span> <span class='ocrx_word' id='word_1_293' title='bbox 728 2650 943 2719; x_wconf 89' lang='lat' dir='ltr'><strong>aliquos</strong></span> <span class='ocrx_word' id='word_1_294' title='bbox 1017 2666 1245 2720; x_wconf 78' lang='lat' dir='ltr'><strong>regnum</strong></span> <span class='ocrx_word' id='word_1_295' title='bbox 1316 2652 1561 2720; x_wconf 87' lang='lat' dir='ltr'><strong>ipsorum</strong></span> <span class='ocrx_word' id='word_1_296' title='bbox 1644 2651 1925 2715; x_wconf 80' lang='lat' dir='ltr'><strong>invadere,</strong></span> 
     </span>
    </p>
   </div>
   <div class='ocr_carea' id='block_1_42' title="bbox 350 2742 1927 2813">
    <p class='ocr_par' dir='ltr' id='par_1_42' title="bbox 350 2742 1927 2813">
     <span class='ocr_line' id='line_1_42' title="bbox 350 2742 1927 2813; baseline 0.003 -21"><span class='ocrx_word' id='word_1_297' title='bbox 350 2755 740 2809; x_wconf 62' lang='lat' dir='ltr'><strong>praeoccupare</strong></span> <span class='ocrx_word' id='word_1_298' title='bbox 775 2752 998 2797; x_wconf 89' lang='lat' dir='ltr'><strong>strenue</strong></span> <span class='ocrx_word' id='word_1_299' title='bbox 1043 2742 1249 2797; x_wconf 79' lang='lat' dir='ltr'><strong>nefaria</strong></span> <span class='ocrx_word' id='word_1_300' title='bbox 1283 2744 1532 2809; x_wconf 88' lang='lat' dir='ltr'><strong>consilia,</strong></span> <span class='ocrx_word' id='word_1_301' title='bbox 1577 2743 1927 2813; x_wconf 85' lang='lat' dir='ltr'><strong>dejicereque</strong></span> 
     </span>
    </p>
   </div>
   <div class='ocr_carea' id='block_1_43' title="bbox 351 2820 1925 2905">
    <p class='ocr_par' dir='ltr' id='par_1_43' title="bbox 351 2820 1925 2905">
     <span class='ocr_line' id='line_1_43' title="bbox 351 2820 1925 2905; baseline 0.003 -20"><span class='ocrx_word' id='word_1_302' title='bbox 351 2841 567 2886; x_wconf 89' lang='lat' dir='ltr'><strong>mature</strong></span> <span class='ocrx_word' id='word_1_303' title='bbox 587 2831 845 2901; x_wconf 85' lang='lat' dir='ltr'><strong>perfidos,</strong></span> <span class='ocrx_word' id='word_1_304' title='bbox 878 2820 979 2887; x_wconf 67' lang='lat' dir='ltr'><strong>nec</strong></span> <span class='ocrx_word' id='word_1_305' title='bbox 1006 2835 1351 2889; x_wconf 90' lang='lat' dir='ltr'><strong>committere</strong></span> <span class='ocrx_word' id='word_1_306' title='bbox 1384 2836 1925 2905; x_wconf 81' lang='lat' dir='ltr'><strong>intempestivalcni-</strong></span> 
     </span>
    </p>
   </div>
   <div class='ocr_carea' id='block_1_44' title="bbox 352 2925 1929 2997">
    <p class='ocr_par' dir='ltr' id='par_1_44' title="bbox 352 2925 1929 2997">
     <span class='ocr_line' id='line_1_44' title="bbox 352 2925 1929 2997; baseline 0.004 -23"><span class='ocrx_word' id='word_1_307' title='bbox 352 2932 465 2976; x_wconf 88' lang='lat' dir='ltr'><strong>tate</strong></span> <span class='ocrx_word' id='word_1_308' title='bbox 497 2932 556 2977; x_wconf 91' lang='lat' dir='ltr'><strong>ut</strong></span> <span class='ocrx_word' id='word_1_309' title='bbox 590 2925 995 2980; x_wconf 72' lang='lat' dir='ltr'><strong>scclcstissimze</strong></span> <span class='ocrx_word' id='word_1_310' title='bbox 1043 2928 1359 2982; x_wconf 90' lang='lat' dir='ltr'><strong>molitiones</strong></span> <span class='ocrx_word' id='word_1_311' title='bbox 1409 2929 1601 2997; x_wconf 88' lang='lat' dir='ltr'><strong>ignava</strong></span> <span class='ocrx_word' id='word_1_312' title='bbox 1643 2929 1929 2981; x_wconf 74' lang='lat' dir='ltr'><strong>nutricatu:</strong></span> 
     </span>
    </p>
   </div>
   <div class='ocr_carea' id='block_1_45' title="bbox 355 3014 1929 3087">
    <p class='ocr_par' dir='ltr' id='par_1_45' title="bbox 355 3014 1929 3087">
     <span class='ocr_line' id='line_1_45' title="bbox 355 3014 1929 3087; baseline 0.004 -20"><span class='ocrx_word' id='word_1_313' title='bbox 355 3014 623 3082; x_wconf 84' lang='lat' dir='ltr'><strong>patientia</strong></span> <span class='ocrx_word' id='word_1_314' title='bbox 658 3016 957 3070; x_wconf 88' lang='lat' dir='ltr'><strong>valentium</strong></span> <span class='ocrx_word' id='word_1_315' title='bbox 997 3018 1288 3087; x_wconf 86' lang='lat' dir='ltr'><strong>principiis</strong></span> <span class='ocrx_word' id='word_1_316' title='bbox 1326 3018 1567 3081; x_wconf 88' lang='lat' dir='ltr'><strong>obstare,</strong></span> <span class='ocrx_word' id='word_1_317' title='bbox 1606 3020 1929 3073; x_wconf 75' lang='lat' dir='ltr'><strong>adolescant</strong></span> 
     </span>
    </p>
   </div>
   <div class='ocr_carea' id='block_1_46' title="bbox 356 3105 1927 3179">
    <p class='ocr_par' dir='ltr' id='par_1_46' title="bbox 356 3105 1927 3179">
     <span class='ocr_line' id='line_1_46' title="bbox 356 3105 1927 3179; baseline 0.007 -23"><span class='ocrx_word' id='word_1_318' title='bbox 356 3106 411 3159; x_wconf 92' lang='lat' dir='ltr'><strong>in</strong></span> <span class='ocrx_word' id='word_1_319' title='bbox 449 3105 556 3159; x_wconf 88' lang='lat' dir='ltr'><strong>vim</strong></span> <span class='ocrx_word' id='word_1_320' title='bbox 607 3106 806 3161; x_wconf 89' lang='lat' dir='ltr'><strong>deinde</strong></span> <span class='ocrx_word' id='word_1_321' title='bbox 855 3110 1140 3177; x_wconf 83' lang='lat' dir='ltr'><strong>majorem,</strong></span> <span class='ocrx_word' id='word_1_322' title='bbox 1176 3126 1340 3178; x_wconf 88' lang='lat' dir='ltr'><strong>quam</strong></span> <span class='ocrx_word' id='word_1_323' title='bbox 1370 3119 1430 3163; x_wconf 88' lang='lat' dir='ltr'><strong>ut</strong></span> <span class='ocrx_word' id='word_1_324' title='bbox 1470 3111 1520 3164; x_wconf 90' lang='lat' dir='ltr'><strong>ei</strong></span> <span class='ocrx_word' id='word_1_325' title='bbox 1578 3121 1836 3179; x_wconf 88' lang='lat' dir='ltr'><strong>apertum</strong></span> <span class='ocrx_word' id='word_1_326' title='bbox 1872 3112 1927 3167; x_wconf 89' lang='lat' dir='ltr'><strong>in</strong></span> 
     </span>
    </p>
   </div>
   <div class='ocr_carea' id='block_1_47' title="bbox 352 3202 1928 3273">
    <p class='ocr_par' dir='ltr' id='par_1_47' title="bbox 352 3202 1928 3273">
     <span class='ocr_line' id='line_1_47' title="bbox 352 3202 1928 3273; baseline 0.004 -23"><span class='ocrx_word' id='word_1_327' title='bbox 352 3207 613 3252; x_wconf 82' lang='lat' dir='ltr'><strong>conatum</strong></span> <span class='ocrx_word' id='word_1_328' title='bbox 649 3202 963 3270; x_wconf 85' lang='lat' dir='ltr'><strong>erumpenti</strong></span> <span class='ocrx_word' id='word_1_329' title='bbox 1010 3210 1176 3270; x_wconf 86' lang='lat' dir='ltr'><strong>queat</strong></span> <span class='ocrx_word' id='word_1_330' title='bbox 1207 3202 1421 3257; x_wconf 86' lang='lat' dir='ltr'><strong>obsisti.</strong></span> <span class='ocrx_word' id='word_1_331' title='bbox 1475 3204 1645 3273; x_wconf 88' lang='lat' dir='ltr'><strong>Cujus</strong></span> <span class='ocrx_word' id='word_1_332' title='bbox 1696 3205 1928 3258; x_wconf 74' lang='lat' dir='ltr'><strong>laudata:</strong></span> 
     </span>
    </p>
   </div>
   <div class='ocr_carea' id='block_1_48' title="bbox 354 3290 1963 3361">
    <p class='ocr_par' dir='ltr' id='par_1_48' title="bbox 354 3290 1963 3361">
     <span class='ocr_line' id='line_1_48' title="bbox 354 3290 1963 3361; baseline 0.005 -19"><span class='ocrx_word' id='word_1_333' title='bbox 354 3298 522 3358; x_wconf 87' lang='lat' dir='ltr'><strong>atque</strong></span> <span class='ocrx_word' id='word_1_334' title='bbox 550 3291 620 3345; x_wconf 90' lang='lat' dir='ltr'><strong>ad</strong></span> <span class='ocrx_word' id='word_1_335' title='bbox 658 3292 921 3360; x_wconf 89' lang='lat' dir='ltr'><strong>probrum</strong></span> <span class='ocrx_word' id='word_1_336' title='bbox 957 3293 1013 3347; x_wconf 90' lang='lat' dir='ltr'><strong>in</strong></span> <span class='ocrx_word' id='word_1_337' title='bbox 1055 3293 1359 3348; x_wconf 90' lang='lat' dir='ltr'><strong>infortunio</strong></span> <span class='ocrx_word' id='word_1_338' title='bbox 1386 3296 1666 3351; x_wconf 87' lang='lat' dir='ltr'><strong>vitandum</strong></span> <span class='ocrx_word' id='word_1_339' title='bbox 1706 3290 1963 3361; x_wconf 81' lang='lat' dir='ltr'><strong>prorsus</strong></span> 
     </span>
    </p>
   </div>
   <div class='ocr_carea' id='block_1_49' title="bbox 353 3384 1931 3458">
    <p class='ocr_par' dir='ltr' id='par_1_49' title="bbox 353 3384 1931 3458">
     <span class='ocr_line' id='line_1_49' title="bbox 353 3384 1931 3458; baseline 0.005 -23"><span class='ocrx_word' id='word_1_340' title='bbox 353 3384 686 3437; x_wconf 73' lang='lat' dir='ltr'><strong>necessariae</strong></span> <span class='ocrx_word' id='word_1_341' title='bbox 736 3386 1011 3439; x_wconf 90' lang='lat' dir='ltr'><strong>cautionis</strong></span> <span class='ocrx_word' id='word_1_342' title='bbox 1054 3386 1194 3441; x_wconf 90' lang='lat' dir='ltr'><strong>duos</strong></span> <span class='ocrx_word' id='word_1_343' title='bbox 1220 3388 1486 3454; x_wconf 90' lang='lat' dir='ltr'><strong>quosdam</strong></span> <span class='ocrx_word' id='word_1_344' title='bbox 1517 3389 1719 3458; x_wconf 88' lang='lat' dir='ltr'><strong>gradus</strong></span> <span class='ocrx_word' id='word_1_345' title='bbox 1748 3390 1931 3449; x_wconf 88' lang='lat' dir='ltr'><strong>video.</strong></span> 
     </span>
    </p>
   </div>
   <div class='ocr_carea' id='block_1_50' title="bbox 355 3473 1934 3541">
    <p class='ocr_par' dir='ltr' id='par_1_50' title="bbox 355 3473 1934 3541">
     <span class='ocr_line' id='line_1_50' title="bbox 355 3473 1934 3541; baseline 0.006 -16"><span class='ocrx_word' id='word_1_346' title='bbox 355 3473 689 3541; x_wconf 85' lang='lat' dir='ltr'><strong>provisionis</strong></span> <span class='ocrx_word' id='word_1_347' title='bbox 714 3475 998 3530; x_wconf 86' lang='lat' dir='ltr'><strong>celeritate</strong></span> <span class='ocrx_word' id='word_1_348' title='bbox 1030 3474 1368 3530; x_wconf 66' lang='lat' dir='ltr'><strong>didereutes.</strong></span> <span class='ocrx_word' id='word_1_349' title='bbox 1402 3478 1579 3541; x_wconf 90' lang='lat' dir='ltr'><strong>Prior,</strong></span> <span class='ocrx_word' id='word_1_350' title='bbox 1606 3481 1781 3534; x_wconf 86' lang='lat' dir='ltr'><strong>multo</strong></span> <span class='ocrx_word' id='word_1_351' title='bbox 1807 3491 1934 3535; x_wconf 87' lang='lat' dir='ltr'><strong>ante</strong></span> 
     </span>
    </p>
   </div>
   <div class='ocr_carea' id='block_1_51' title="bbox 354 3564 1937 3638">
    <p class='ocr_par' dir='ltr' id='par_1_51' title="bbox 354 3564 1937 3638">
     <span class='ocr_line' id='line_1_51' title="bbox 354 3564 1937 3638; baseline 0.006 -23"><span class='ocrx_word' id='word_1_352' title='bbox 354 3564 585 3617; x_wconf 83' lang='lat' dir='ltr'><strong>odorata</strong></span> <span class='ocrx_word' id='word_1_353' title='bbox 617 3566 949 3632; x_wconf 85' lang='lat' dir='ltr'><strong>periculum.</strong></span> <span class='ocrx_word' id='word_1_354' title='bbox 981 3567 1111 3621; x_wconf 90' lang='lat' dir='ltr'><strong>huic</strong></span> <span class='ocrx_word' id='word_1_355' title='bbox 1139 3568 1320 3621; x_wconf 91' lang='lat' dir='ltr'><strong>adhuc</strong></span> <span class='ocrx_word' id='word_1_356' title='bbox 1348 3569 1511 3638; x_wconf 88' lang='lat' dir='ltr'><strong>longe</strong></span> <span class='ocrx_word' id='word_1_357' title='bbox 1567 3571 1749 3633; x_wconf 87' lang='lat' dir='ltr'><strong>posito</strong></span> <span class='ocrx_word' id='word_1_358' title='bbox 1770 3587 1937 3626; x_wconf 89' lang='lat' dir='ltr'><strong>secu-</strong></span> 
     </span>
    </p>
   </div>
   <div class='ocr_carea' id='block_1_52' title="bbox 356 3655 1933 3731">
    <p class='ocr_par' dir='ltr' id='par_1_52' title="bbox 356 3655 1933 3731">
     <span class='ocr_line' id='line_1_52' title="bbox 356 3655 1933 3731; baseline 0.006 -24"><span class='ocrx_word' id='word_1_359' title='bbox 356 3671 480 3708; x_wconf 87' lang='lat' dir='ltr'><strong>rum</strong></span> <span class='ocrx_word' id='word_1_360' title='bbox 513 3655 778 3727; x_wconf 76' lang='lat' dir='ltr'><strong>effugium</strong></span> <span class='ocrx_word' id='word_1_361' title='bbox 814 3659 1299 3727; x_wconf 72' lang='lat' dir='ltr'><strong>praevertit;altera</strong></span> <span class='ocrx_word' id='word_1_362' title='bbox 1319 3662 1526 3726; x_wconf 84' lang='lat' dir='ltr'><strong>cautio,</strong></span> <span class='ocrx_word' id='word_1_363' title='bbox 1562 3664 1787 3731; x_wconf 88' lang='lat' dir='ltr'><strong>segnius</strong></span> <span class='ocrx_word' id='word_1_364' title='bbox 1821 3671 1933 3719; x_wconf 53' lang='lat' dir='ltr'><strong>sat.</strong></span> 
     </span>
    </p>
   </div>
   <div class='ocr_carea' id='block_1_53' title="bbox 354 3744 1937 3815">
    <p class='ocr_par' dir='ltr' id='par_1_53' title="bbox 354 3744 1937 3815">
     <span class='ocr_line' id='line_1_53' title="bbox 354 3744 1937 3815; baseline 0.001 -16"><span class='ocrx_word' id='word_1_365' title='bbox 354 3760 526 3814; x_wconf 80' lang='lat' dir='ltr'><strong>agens</strong></span> <span class='ocrx_word' id='word_1_366' title='bbox 562 3744 630 3799; x_wconf 89' lang='lat' dir='ltr'><strong>ad</strong></span> <span class='ocrx_word' id='word_1_367' title='bbox 669 3746 929 3800; x_wconf 89' lang='lat' dir='ltr'><strong>indicium</strong></span> <span class='ocrx_word' id='word_1_368' title='bbox 968 3746 1291 3800; x_wconf 85' lang='lat' dir='ltr'><strong>insidiarum</strong></span> <span class='ocrx_word' id='word_1_369' title='bbox 1330 3748 1569 3815; x_wconf 87' lang='lat' dir='ltr'><strong>primttm</strong></span> <span class='ocrx_word' id='word_1_370' title='bbox 1596 3788 1609 3806; x_wconf 91' lang='lat'><strong>.</strong></span> <span class='ocrx_word' id='word_1_371' title='bbox 1649 3749 1937 3803; x_wconf 88' lang='lat' dir='ltr'><strong>admoveri</strong></span> 
     </span>
    </p>
   </div>
   <div class='ocr_carea' id='block_1_54' title="bbox 357 3838 1942 3903">
    <p class='ocr_par' dir='ltr' id='par_1_54' title="bbox 357 3838 1942 3903">
     <span class='ocr_line' id='line_1_54' title="bbox 357 3838 1942 3903; baseline 0.001 -11"><span class='ocrx_word' id='word_1_372' title='bbox 357 3852 417 3892; x_wconf 88' lang='lat' dir='ltr'><strong>se</strong></span> <span class='ocrx_word' id='word_1_373' title='bbox 475 3838 611 3892; x_wconf 91' lang='lat' dir='ltr'><strong>sinit</strong></span> <span class='ocrx_word' id='word_1_374' title='bbox 667 3838 1006 3903; x_wconf 90' lang='lat' dir='ltr'><strong>discrimini;</strong></span> <span class='ocrx_word' id='word_1_375' title='bbox 1060 3847 1319 3893; x_wconf 73' lang='lat' dir='ltr'><strong>cmterum</strong></span> <span class='ocrx_word' id='word_1_376' title='bbox 1379 3839 1433 3892; x_wconf 90' lang='lat' dir='ltr'><strong>in</strong></span> <span class='ocrx_word' id='word_1_377' title='bbox 1486 3849 1698 3894; x_wconf 89' lang='lat' dir='ltr'><strong>arctum</strong></span> <span class='ocrx_word' id='word_1_378' title='bbox 1752 3851 1942 3895; x_wconf 72' lang='lat' dir='ltr'><strong>coacta</strong></span> 
     </span>
    </p>
   </div>
   <div class='ocr_carea' id='block_1_55' title="bbox 358 3929 1943 4001">
    <p class='ocr_par' dir='ltr' id='par_1_55' title="bbox 358 3929 1943 4001">
     <span class='ocr_line' id='line_1_55' title="bbox 358 3929 1943 4001; baseline 0.001 -17"><span class='ocrx_word' id='word_1_379' title='bbox 358 3944 580 3984; x_wconf 85' lang='lat' dir='ltr'><strong>summo</strong></span> <span class='ocrx_word' id='word_1_380' title='bbox 632 3929 855 3985; x_wconf 85' lang='lat' dir='ltr'><strong>tandem</strong></span> <span class='ocrx_word' id='word_1_381' title='bbox 899 3940 1100 3985; x_wconf 87' lang='lat' dir='ltr'><strong>conatu</strong></span> <span class='ocrx_word' id='word_1_382' title='bbox 1150 3931 1383 3986; x_wconf 88' lang='lat' dir='ltr'><strong>salutem</strong></span> <span class='ocrx_word' id='word_1_383' title='bbox 1434 3932 1677 4001; x_wconf 80' lang='lat' dir='ltr'><strong>expedit.</strong></span> <span class='ocrx_word' id='word_1_384' title='bbox 1722 3932 1805 3987; x_wconf 89' lang='lat' dir='ltr'><strong>Ab</strong></span> <span class='ocrx_word' id='word_1_385' title='bbox 1856 3932 1943 3986; x_wconf 89' lang='lat' dir='ltr'><strong>his</strong></span> 
     </span>
    </p>
   </div>
   <div class='ocr_carea' id='block_1_56' title="bbox 359 4010 1939 4093">
    <p class='ocr_par' dir='ltr' id='par_1_56' title="bbox 359 4010 1939 4093">
     <span class='ocr_line' id='line_1_56' title="bbox 359 4010 1939 4093; baseline 0.001 -19"><span class='ocrx_word' id='word_1_386' title='bbox 359 4023 524 4075; x_wconf 86' lang='lat' dir='ltr'><strong>tertia</strong></span> <span class='ocrx_word' id='word_1_387' title='bbox 559 4010 643 4076; x_wconf 85' lang='lat' dir='ltr'><strong>est</strong></span> <span class='ocrx_word' id='word_1_388' title='bbox 678 4023 911 4089; x_wconf 77' lang='lat' dir='ltr'><strong>ingloria</strong></span> <span class='ocrx_word' id='word_1_389' title='bbox 946 4023 1137 4077; x_wconf 89' lang='lat' dir='ltr'><strong>classis</strong></span> <span class='ocrx_word' id='word_1_390' title='bbox 1176 4023 1386 4077; x_wconf 72' lang='lat' dir='ltr'><strong>inertiae</strong></span> <span class='ocrx_word' id='word_1_391' title='bbox 1422 4024 1939 4093; x_wconf 54' lang='lat' dir='ltr'><strong>contemptissima,</strong></span> 
     </span>
    </p>
   </div>
   <div class='ocr_carea' id='block_1_57' title="bbox 360 4112 1943 4184">
    <p class='ocr_par' dir='ltr' id='par_1_57' title="bbox 360 4112 1943 4184">
     <span class='ocr_line' id='line_1_57' title="bbox 360 4112 1943 4184; baseline 0.001 -19"><span class='ocrx_word' id='word_1_392' title='bbox 360 4112 599 4181; x_wconf 86' lang='lat' dir='ltr'><strong>opprimi</strong></span> <span class='ocrx_word' id='word_1_393' title='bbox 634 4128 692 4167; x_wconf 91' lang='lat' dir='ltr'><strong>se</strong></span> <span class='ocrx_word' id='word_1_394' title='bbox 727 4129 825 4182; x_wconf 91' lang='lat' dir='ltr'><strong>per</strong></span> <span class='ocrx_word' id='word_1_395' title='bbox 858 4114 1277 4168; x_wconf 87' lang='lat' dir='ltr'><strong>somnolentiam</strong></span> <span class='ocrx_word' id='word_1_396' title='bbox 1314 4114 1662 4184; x_wconf 91' lang='lat' dir='ltr'><strong>patientium,</strong></span> <span class='ocrx_word' id='word_1_397' title='bbox 1700 4114 1943 4167; x_wconf 88' lang='lat' dir='ltr'><strong>immise-</strong></span> 
     </span>
    </p>
   </div>
   <div class='ocr_carea' id='block_1_58' title="bbox 362 4205 1945 4275">
    <p class='ocr_par' dir='ltr' id='par_1_58' title="bbox 362 4205 1945 4275">
     <span class='ocr_line' id='line_1_58' title="bbox 362 4205 1945 4275; baseline 0.001 -17"><span class='ocrx_word' id='word_1_398' title='bbox 362 4205 526 4259; x_wconf 84' lang='lat' dir='ltr'><strong>rahili</strong></span> <span class='ocrx_word' id='word_1_399' title='bbox 564 4205 707 4273; x_wconf 91' lang='lat' dir='ltr'><strong>apud</strong></span> <span class='ocrx_word' id='word_1_400' title='bbox 743 4220 935 4260; x_wconf 89' lang='lat' dir='ltr'><strong>omnes</strong></span> <span class='ocrx_word' id='word_1_401' title='bbox 967 4205 1308 4269; x_wconf 90' lang='lat' dir='ltr'><strong>conditione,</strong></span> <span class='ocrx_word' id='word_1_402' title='bbox 1333 4206 1537 4275; x_wconf 89' lang='lat' dir='ltr'><strong>quippe</strong></span> <span class='ocrx_word' id='word_1_403' title='bbox 1572 4206 1945 4275; x_wconf 75' lang='lat' dir='ltr'><strong>quorumexi—</strong></span> 
     </span>
    </p>
   </div>
   <div class='ocr_carea' id='block_1_59' title="bbox 364 4297 1946 4366">
    <p class='ocr_par' dir='ltr' id='par_1_59' title="bbox 364 4297 1946 4366">
     <span class='ocr_line' id='line_1_59' title="bbox 364 4297 1946 4366; baseline -0.001 -13"><span class='ocrx_word' id='word_1_404' title='bbox 364 4298 526 4361; x_wconf 88' lang='lat' dir='ltr'><strong>tium,</strong></span> <span class='ocrx_word' id='word_1_405' title='bbox 558 4297 825 4351; x_wconf 74' lang='lat' dir='ltr'><strong>dedecore</strong></span> <span class='ocrx_word' id='word_1_406' title='bbox 855 4298 1119 4353; x_wconf 84' lang='lat' dir='ltr'><strong>socordiae</strong></span> <span class='ocrx_word' id='word_1_407' title='bbox 1150 4299 1512 4361; x_wconf 90' lang='lat' dir='ltr'><strong>cumulatum,</strong></span> <span class='ocrx_word' id='word_1_408' title='bbox 1544 4313 1707 4353; x_wconf 92' lang='lat' dir='ltr'><strong>nemo</strong></span> <span class='ocrx_word' id='word_1_409' title='bbox 1736 4310 1821 4353; x_wconf 89' lang='lat' dir='ltr'><strong>est</strong></span> <span class='ocrx_word' id='word_1_410' title='bbox 1851 4300 1946 4366; x_wconf 89' lang='lat' dir='ltr'><strong>qui</strong></span> 
     </span>
    </p>
   </div>
   <div class='ocr_carea' id='block_1_60' title="bbox 363 4387 1946 4460">
    <p class='ocr_par' dir='ltr' id='par_1_60' title="bbox 363 4387 1946 4460">
     <span class='ocr_line' id='line_1_60' title="bbox 363 4387 1946 4460; baseline 0 -17"><span class='ocrx_word' id='word_1_411' title='bbox 363 4406 475 4443; x_wconf 88' lang='lat' dir='ltr'><strong>non</strong></span> <span class='ocrx_word' id='word_1_412' title='bbox 525 4387 659 4456; x_wconf 91' lang='lat' dir='ltr'><strong>ipsis</strong></span> <span class='ocrx_word' id='word_1_413' title='bbox 709 4388 906 4443; x_wconf 89' lang='lat' dir='ltr'><strong>merito</strong></span> <span class='ocrx_word' id='word_1_414' title='bbox 953 4389 1203 4443; x_wconf 90' lang='lat' dir='ltr'><strong>evenisse</strong></span> <span class='ocrx_word' id='word_1_415' title='bbox 1253 4388 1506 4443; x_wconf 87' lang='lat' dir='ltr'><strong>fateatur.</strong></span> <span class='ocrx_word' id='word_1_416' title='bbox 1534 4389 1847 4460; x_wconf 90' lang='lat' dir='ltr'><strong>&#39;lmaginem</strong></span> <span class='ocrx_word' id='word_1_417' title='bbox 1893 4389 1946 4449; x_wconf 87' lang='lat' dir='ltr'><strong>in</strong></span> 
     </span>
    </p>
   </div>
   <div class='ocr_carea' id='block_1_61' title="bbox 359 4479 1950 4550">
    <p class='ocr_par' dir='ltr' id='par_1_61' title="bbox 359 4479 1950 4550">
     <span class='ocr_line' id='line_1_61' title="bbox 359 4479 1950 4550; baseline -0.002 -15"><span class='ocrx_word' id='word_1_418' title='bbox 359 4481 619 4550; x_wconf 60' lang='lat' dir='ltr'><strong>exemplo</strong></span> <span class='ocrx_word' id='word_1_419' title='bbox 662 4494 967 4549; x_wconf 88' lang='lat' dir='ltr'><strong>proponam</strong></span> <span class='ocrx_word' id='word_1_420' title='bbox 1004 4479 1236 4550; x_wconf 77' lang='lat' dir='ltr'><strong>triplicis</strong></span> <span class='ocrx_word' id='word_1_421' title='bbox 1270 4480 1430 4535; x_wconf 87' lang='lat' dir='ltr'><strong>istius</strong></span> <span class='ocrx_word' id='word_1_422' title='bbox 1463 4479 1693 4534; x_wconf 90' lang='lat' dir='ltr'><strong>ordinis.</strong></span> <span class='ocrx_word' id='word_1_423' title='bbox 1732 4479 1950 4535; x_wconf 85' lang='lat' dir='ltr'><strong>Lacuna</strong></span> 
     </span>
    </p>
   </div>
   <div class='ocr_carea' id='block_1_62' title="bbox 2026 1999 3700 2078">
    <p class='ocr_par' dir='ltr' id='par_1_62' title="bbox 2026 1999 3700 2078">
     <span class='ocr_line' id='line_1_62' title="bbox 2026 1999 3700 2078; baseline 0.002 -21"><span class='ocrx_word' id='word_1_424' title='bbox 2026 2007 2329 2074; x_wconf 68' lang='lat' dir='ltr'><strong>praesertim</strong></span> <span class='ocrx_word' id='word_1_425' title='bbox 2358 2007 2658 2061; x_wconf 86' lang='lat' dir='ltr'><strong>ambitione</strong></span> <span class='ocrx_word' id='word_1_426' title='bbox 2687 2018 3109 2078; x_wconf 87' lang='lat' dir='ltr'><strong>corruptarum,</strong></span> <span class='ocrx_word' id='word_1_427' title='bbox 3140 2007 3404 2078; x_wconf 86' lang='lat' dir='ltr'><strong>quidquid</strong></span> <span class='ocrx_word' id='word_1_428' title='bbox 3438 2008 3615 2061; x_wconf 87' lang='lat' dir='ltr'><strong>oculis</strong></span> <span class='ocrx_word' id='word_1_429' title='bbox 3694 1999 3700 2008; x_wconf 83' lang='grc'><strong>’</strong></span> 
     </span>
    </p>
   </div>
   <div class='ocr_carea' id='block_1_63' title="bbox 2025 2098 3611 2170">
    <p class='ocr_par' dir='ltr' id='par_1_63' title="bbox 2025 2098 3611 2170">
     <span class='ocr_line' id='line_1_63' title="bbox 2025 2098 3611 2170; baseline 0.001 -17"><span class='ocrx_word' id='word_1_430' title='bbox 2025 2098 2287 2167; x_wconf 76' lang='lat' dir='ltr'><strong>obiicitur</strong></span> <span class='ocrx_word' id='word_1_431' title='bbox 2314 2099 2662 2169; x_wconf 84' lang='lat' dir='ltr'><strong>splendidum</strong></span> <span class='ocrx_word' id='word_1_432' title='bbox 2691 2100 2842 2155; x_wconf 88' lang='lat' dir='ltr'><strong>omni</strong></span> <span class='ocrx_word' id='word_1_433' title='bbox 2872 2101 2921 2153; x_wconf 86' lang='lat' dir='ltr'><strong>vi</strong></span> <span class='ocrx_word' id='word_1_434' title='bbox 2956 2116 3248 2170; x_wconf 84' lang='lat' dir='ltr'><strong>prensare,</strong></span> <span class='ocrx_word' id='word_1_435' title='bbox 3279 2116 3343 2155; x_wconf 85' lang='lat' dir='ltr'><strong>ac</strong></span> <span class='ocrx_word' id='word_1_436' title='bbox 3372 2102 3488 2155; x_wconf 83' lang='lat' dir='ltr'><strong>toto</strong></span> <span class='ocrx_word' id='word_1_437' title='bbox 3515 2114 3611 2154; x_wconf 93' lang='lat' dir='ltr'><strong>co-</strong></span> 
     </span>
    </p>
   </div>
   <div class='ocr_carea' id='block_1_64' title="bbox 2026 2191 3607 2263">
    <p class='ocr_par' dir='ltr' id='par_1_64' title="bbox 2026 2191 3607 2263">
     <span class='ocr_line' id='line_1_64' title="bbox 2026 2191 3607 2263; baseline 0.002 -19"><span class='ocrx_word' id='word_1_438' title='bbox 2026 2199 2155 2244; x_wconf 89' lang='lat' dir='ltr'><strong>natu</strong></span> <span class='ocrx_word' id='word_1_439' title='bbox 2200 2191 2416 2260; x_wconf 86' lang='lat' dir='ltr'><strong>insequi</strong></span> <span class='ocrx_word' id='word_1_440' title='bbox 2460 2202 2520 2247; x_wconf 91' lang='lat' dir='ltr'><strong>ut</strong></span> <span class='ocrx_word' id='word_1_441' title='bbox 2555 2193 2843 2263; x_wconf 84' lang='lat' dir='ltr'><strong>arripiant.</strong></span> <span class='ocrx_word' id='word_1_442' title='bbox 2883 2194 2963 2247; x_wconf 75' lang='lat' dir='ltr'><strong>Ex</strong></span> <span class='ocrx_word' id='word_1_443' title='bbox 3001 2193 3105 2247; x_wconf 91' lang='lat' dir='ltr'><strong>hoc</strong></span> <span class='ocrx_word' id='word_1_444' title='bbox 3144 2208 3343 2263; x_wconf 77' lang='lat' dir='ltr'><strong>genere</strong></span> <span class='ocrx_word' id='word_1_445' title='bbox 3384 2202 3607 2258; x_wconf 87' lang='lat' dir='ltr'><strong>taurus;</strong></span> 
     </span>
    </p>
   </div>
   <div class='ocr_carea' id='block_1_65' title="bbox 2025 2280 3614 2355">
    <p class='ocr_par' dir='ltr' id='par_1_65' title="bbox 2025 2280 3614 2355">
     <span class='ocr_line' id='line_1_65' title="bbox 2025 2280 3614 2355; baseline 0.001 -22"><span class='ocrx_word' id='word_1_446' title='bbox 2025 2280 2129 2334; x_wconf 82' lang='lat' dir='ltr'><strong>etsi</strong></span> <span class='ocrx_word' id='word_1_447' title='bbox 2172 2296 2271 2349; x_wconf 89' lang='lat' dir='ltr'><strong>per</strong></span> <span class='ocrx_word' id='word_1_448' title='bbox 2315 2292 2462 2336; x_wconf 86' lang='lat' dir='ltr'><strong>tuam</strong></span> <span class='ocrx_word' id='word_1_449' title='bbox 2507 2297 2774 2336; x_wconf 88' lang='lat' dir='ltr'><strong>summam</strong></span> <span class='ocrx_word' id='word_1_450' title='bbox 2823 2283 3217 2355; x_wconf 80' lang='lat' dir='ltr'><strong>indulgentiam</strong></span> <span class='ocrx_word' id='word_1_451' title='bbox 3267 2284 3463 2338; x_wconf 89' lang='lat' dir='ltr'><strong>solium</strong></span> <span class='ocrx_word' id='word_1_452' title='bbox 3502 2285 3614 2352; x_wconf 88' lang='lat' dir='ltr'><strong>jam</strong></span> 
     </span>
    </p>
   </div>
   <div class='ocr_carea' id='block_1_66' title="bbox 2028 2372 3616 2445">
    <p class='ocr_par' dir='ltr' id='par_1_66' title="bbox 2028 2372 3616 2445">
     <span class='ocr_line' id='line_1_66' title="bbox 2028 2372 3616 2445; baseline 0.001 -18"><span class='ocrx_word' id='word_1_453' title='bbox 2028 2372 2200 2427; x_wconf 83' lang='lat' dir='ltr'><strong>ferme</strong></span> <span class='ocrx_word' id='word_1_454' title='bbox 2229 2383 2383 2428; x_wconf 91' lang='lat' dir='ltr'><strong>tuum</strong></span> <span class='ocrx_word' id='word_1_455' title='bbox 2410 2375 2613 2445; x_wconf 88' lang='lat' dir='ltr'><strong>attigit,</strong></span> <span class='ocrx_word' id='word_1_456' title='bbox 2640 2391 2911 2444; x_wconf 62' lang='lat' dir='ltr'><strong>supremas</strong></span> <span class='ocrx_word' id='word_1_457' title='bbox 2940 2386 3044 2431; x_wconf 68' lang='lat' dir='ltr'><strong>tute</strong></span> <span class='ocrx_word' id='word_1_458' title='bbox 3072 2378 3419 2431; x_wconf 87' lang='lat' dir='ltr'><strong>auctoritatis</strong></span> <span class='ocrx_word' id='word_1_459' title='bbox 3449 2377 3616 2444; x_wconf 85' lang='lat' dir='ltr'><strong>parti-</strong></span> 
     </span>
    </p>
   </div>
   <div class='ocr_carea' id='block_1_67' title="bbox 2028 2465 3615 2533">
    <p class='ocr_par' dir='ltr' id='par_1_67' title="bbox 2028 2465 3615 2533">
     <span class='ocr_line' id='line_1_67' title="bbox 2028 2465 3615 2533; baseline 0 -14"><span class='ocrx_word' id='word_1_460' title='bbox 2028 2480 2159 2533; x_wconf 87' lang='lat' dir='ltr'><strong>ceps</strong></span> <span class='ocrx_word' id='word_1_461' title='bbox 2199 2465 2253 2518; x_wconf 88' lang='lat' dir='ltr'><strong>in</strong></span> <span class='ocrx_word' id='word_1_462' title='bbox 2299 2466 2471 2520; x_wconf 89' lang='lat' dir='ltr'><strong>libera</strong></span> <span class='ocrx_word' id='word_1_463' title='bbox 2517 2483 2701 2521; x_wconf 87' lang='lat' dir='ltr'><strong>rerum</strong></span> <span class='ocrx_word' id='word_1_464' title='bbox 2747 2468 3224 2522; x_wconf 75' lang='lat' dir='ltr'><strong>administratione</strong></span> <span class='ocrx_word' id='word_1_465' title='bbox 3270 2468 3466 2533; x_wconf 87' lang='lat' dir='ltr'><strong>factus,</strong></span> <span class='ocrx_word' id='word_1_466' title='bbox 3508 2474 3615 2521; x_wconf 80' lang='lat' dir='ltr'><strong>non</strong></span> 
     </span>
    </p>
   </div>
   <div class='ocr_carea' id='block_1_68' title="bbox 2030 2557 3616 2629">
    <p class='ocr_par' dir='ltr' id='par_1_68' title="bbox 2030 2557 3616 2629">
     <span class='ocr_line' id='line_1_68' title="bbox 2030 2557 3616 2629; baseline 0.001 -21"><span class='ocrx_word' id='word_1_467' title='bbox 2030 2566 2211 2611; x_wconf 88' lang='lat' dir='ltr'><strong>tamen</strong></span> <span class='ocrx_word' id='word_1_468' title='bbox 2248 2557 2301 2610; x_wconf 87' lang='lat' dir='ltr'><strong>id</strong></span> <span class='ocrx_word' id='word_1_469' title='bbox 2334 2558 2410 2612; x_wconf 87' lang='lat' dir='ltr'><strong>illi</strong></span> <span class='ocrx_word' id='word_1_470' title='bbox 2442 2558 2661 2622; x_wconf 70' lang='lat' dir='ltr'><strong>sufﬁcit,</strong></span> <span class='ocrx_word' id='word_1_471' title='bbox 2690 2560 2785 2613; x_wconf 79' lang='lat' dir='ltr'><strong>sed</strong></span> <span class='ocrx_word' id='word_1_472' title='bbox 2815 2569 2871 2613; x_wconf 88' lang='lat' dir='ltr'><strong>et</strong></span> <span class='ocrx_word' id='word_1_473' title='bbox 2902 2568 2952 2613; x_wconf 88' lang='lat' dir='ltr'><strong>te</strong></span> <span class='ocrx_word' id='word_1_474' title='bbox 2979 2560 3239 2629; x_wconf 83' lang='lat' dir='ltr'><strong>collegam</strong></span> <span class='ocrx_word' id='word_1_475' title='bbox 3273 2559 3616 2625; x_wconf 83' lang='lat' dir='ltr'><strong>indignatur,</strong></span> 
     </span>
    </p>
   </div>
   <div class='ocr_carea' id='block_1_69' title="bbox 2029 2649 3619 2719">
    <p class='ocr_par' dir='ltr' id='par_1_69' title="bbox 2029 2649 3619 2719">
     <span class='ocr_line' id='line_1_69' title="bbox 2029 2649 3619 2719; baseline -0.001 -17"><span class='ocrx_word' id='word_1_476' title='bbox 2029 2649 2290 2716; x_wconf 90' lang='lat' dir='ltr'><strong>solusque</strong></span> <span class='ocrx_word' id='word_1_477' title='bbox 2323 2649 2555 2717; x_wconf 87' lang='lat' dir='ltr'><strong>imperio</strong></span> <span class='ocrx_word' id='word_1_478' title='bbox 2585 2652 2746 2719; x_wconf 89' lang='lat' dir='ltr'><strong>potiri</strong></span> <span class='ocrx_word' id='word_1_479' title='bbox 2779 2653 3007 2704; x_wconf 86' lang='lat' dir='ltr'><strong>studens</strong></span> <span class='ocrx_word' id='word_1_480' title='bbox 3034 2652 3149 2703; x_wconf 85' lang='lat' dir='ltr'><strong>vias</strong></span> <span class='ocrx_word' id='word_1_481' title='bbox 3178 2652 3244 2704; x_wconf 92' lang='lat' dir='ltr'><strong>ad</strong></span> <span class='ocrx_word' id='word_1_482' title='bbox 3279 2651 3331 2704; x_wconf 89' lang='lat' dir='ltr'><strong>id</strong></span> <span class='ocrx_word' id='word_1_483' title='bbox 3364 2651 3619 2719; x_wconf 70' lang='lat' dir='ltr'><strong>obliqnm</strong></span> 
     </span>
    </p>
   </div>
   <div class='ocr_carea' id='block_1_70' title="bbox 2030 2736 3617 2808">
    <p class='ocr_par' dir='ltr' id='par_1_70' title="bbox 2030 2736 3617 2808">
     <span class='ocr_line' id='line_1_70' title="bbox 2030 2736 3617 2808; baseline 0.002 -20"><span class='ocrx_word' id='word_1_484' title='bbox 2030 2745 2212 2804; x_wconf 89' lang='lat' dir='ltr'><strong>parat,</strong></span> <span class='ocrx_word' id='word_1_485' title='bbox 2246 2737 2386 2790; x_wconf 88' lang='lat' dir='ltr'><strong>male</strong></span> <span class='ocrx_word' id='word_1_486' title='bbox 2416 2736 2520 2791; x_wconf 87' lang='lat' dir='ltr'><strong>sibi</strong></span> <span class='ocrx_word' id='word_1_487' title='bbox 2552 2737 2902 2793; x_wconf 86' lang='lat' dir='ltr'><strong>consciorum</strong></span> <span class='ocrx_word' id='word_1_488' title='bbox 2933 2754 3119 2801; x_wconf 90' lang='lat' dir='ltr'><strong>more,</strong></span> <span class='ocrx_word' id='word_1_489' title='bbox 3154 2754 3434 2808; x_wconf 90' lang='lat' dir='ltr'><strong>nunquam</strong></span> <span class='ocrx_word' id='word_1_490' title='bbox 3470 2746 3617 2791; x_wconf 89' lang='lat' dir='ltr'><strong>recta</strong></span> 
     </span>
    </p>
   </div>
   <div class='ocr_carea' id='block_1_71' title="bbox 2034 2827 3619 2897">
    <p class='ocr_par' dir='ltr' id='par_1_71' title="bbox 2034 2827 3619 2897">
     <span class='ocr_line' id='line_1_71' title="bbox 2034 2827 3619 2897; baseline -0.001 -17"><span class='ocrx_word' id='word_1_491' title='bbox 2034 2827 2417 2889; x_wconf 84' lang='lat' dir='ltr'><strong>tendentium,</strong></span> <span class='ocrx_word' id='word_1_492' title='bbox 2477 2843 2573 2895; x_wconf 89' lang='lat' dir='ltr'><strong>per</strong></span> <span class='ocrx_word' id='word_1_493' title='bbox 2624 2828 2903 2883; x_wconf 85' lang='lat' dir='ltr'><strong>anfractus</strong></span> <span class='ocrx_word' id='word_1_494' title='bbox 2960 2845 3179 2897; x_wconf 86' lang='lat' dir='ltr'><strong>semper</strong></span> <span class='ocrx_word' id='word_1_495' title='bbox 3231 2845 3295 2883; x_wconf 92' lang='lat' dir='ltr'><strong>ac</strong></span> <span class='ocrx_word' id='word_1_496' title='bbox 3349 2829 3619 2882; x_wconf 77' lang='lat' dir='ltr'><strong>circuitus</strong></span> 
     </span>
    </p>
   </div>
   <div class='ocr_carea' id='block_1_72' title="bbox 2031 2918 3617 2988">
    <p class='ocr_par' dir='ltr' id='par_1_72' title="bbox 2031 2918 3617 2988">
     <span class='ocr_line' id='line_1_72' title="bbox 2031 2918 3617 2988; baseline 0.001 -18"><span class='ocrx_word' id='word_1_497' title='bbox 2031 2918 2419 2988; x_wconf 78' lang='lat' dir='ltr'><strong>grassantium.</strong></span> <span class='ocrx_word' id='word_1_498' title='bbox 2468 2919 2547 2973; x_wconf 89' lang='lat' dir='ltr'><strong>Eo</strong></span> <span class='ocrx_word' id='word_1_499' title='bbox 2596 2919 2831 2973; x_wconf 88' lang='lat' dir='ltr'><strong>tendunt</strong></span> <span class='ocrx_word' id='word_1_500' title='bbox 2881 2922 3314 2974; x_wconf 86' lang='lat' dir='ltr'><strong>assentationqu</strong></span> <span class='ocrx_word' id='word_1_501' title='bbox 3365 2930 3511 2973; x_wconf 86' lang='lat' dir='ltr'><strong>artes</strong></span> <span class='ocrx_word' id='word_1_502' title='bbox 3562 2929 3617 2973; x_wconf 87' lang='lat' dir='ltr'><strong>et</strong></span> 
     </span>
    </p>
   </div>
   <div class='ocr_carea' id='block_1_73' title="bbox 2032 3008 3616 3082">
    <p class='ocr_par' dir='ltr' id='par_1_73' title="bbox 2032 3008 3616 3082">
     <span class='ocr_line' id='line_1_73' title="bbox 2032 3008 3616 3082; baseline 0 -19"><span class='ocrx_word' id='word_1_503' title='bbox 2032 3008 2286 3063; x_wconf 70' lang='lat' dir='ltr'><strong>aﬂectata</strong></span> <span class='ocrx_word' id='word_1_504' title='bbox 2322 3010 2600 3064; x_wconf 89' lang='lat' dir='ltr'><strong>simulatio</strong></span> <span class='ocrx_word' id='word_1_505' title='bbox 2633 3010 2912 3080; x_wconf 90' lang='lat' dir='ltr'><strong>obsequii,</strong></span> <span class='ocrx_word' id='word_1_506' title='bbox 2947 3028 3049 3066; x_wconf 90' lang='lat' dir='ltr'><strong>nec</strong></span> <span class='ocrx_word' id='word_1_507' title='bbox 3083 3028 3271 3082; x_wconf 81' lang='lat' dir='ltr'><strong>speres</strong></span> <span class='ocrx_word' id='word_1_508' title='bbox 3307 3012 3616 3081; x_wconf 67' lang='lat' dir='ltr'><strong>inexplebi-</strong></span> 
     </span>
    </p>
   </div>
   <div class='ocr_carea' id='block_1_74' title="bbox 2034 3100 3618 3174">
    <p class='ocr_par' dir='ltr' id='par_1_74' title="bbox 2034 3100 3618 3174">
     <span class='ocr_line' id='line_1_74' title="bbox 2034 3100 3618 3174; baseline 0.003 -21"><span class='ocrx_word' id='word_1_509' title='bbox 2034 3100 2104 3154; x_wconf 85' lang='lat' dir='ltr'><strong>lia</strong></span> <span class='ocrx_word' id='word_1_510' title='bbox 2138 3101 2412 3156; x_wconf 88' lang='lat' dir='ltr'><strong>desideria</strong></span> <span class='ocrx_word' id='word_1_511' title='bbox 2448 3104 2636 3157; x_wconf 90' lang='lat' dir='ltr'><strong>talium</strong></span> <span class='ocrx_word' id='word_1_512' title='bbox 2668 3104 2851 3158; x_wconf 90' lang='lat' dir='ltr'><strong>dando</strong></span> <span class='ocrx_word' id='word_1_513' title='bbox 2882 3105 3083 3159; x_wconf 80' lang='lat' dir='ltr'><strong>satiare</strong></span> <span class='ocrx_word' id='word_1_514' title='bbox 3115 3122 3128 3156; x_wconf 90' lang='lat'><strong>:</strong></span> <span class='ocrx_word' id='word_1_515' title='bbox 3160 3121 3271 3174; x_wconf 91' lang='lat' dir='ltr'><strong>quo</strong></span> <span class='ocrx_word' id='word_1_516' title='bbox 3300 3104 3455 3173; x_wconf 87' lang='lat' dir='ltr'><strong>plura</strong></span> <span class='ocrx_word' id='word_1_517' title='bbox 3489 3121 3618 3157; x_wconf 85' lang='lat' dir='ltr'><strong>con-</strong></span> 
     </span>
    </p>
   </div>
   <div class='ocr_carea' id='block_1_75' title="bbox 2035 3192 3619 3264">
    <p class='ocr_par' dir='ltr' id='par_1_75' title="bbox 2035 3192 3619 3264">
     <span class='ocr_line' id='line_1_75' title="bbox 2035 3192 3619 3264; baseline 0 -19"><span class='ocrx_word' id='word_1_518' title='bbox 2035 3192 2275 3261; x_wconf 87' lang='lat' dir='ltr'><strong>gesseris</strong></span> <span class='ocrx_word' id='word_1_519' title='bbox 2295 3232 2309 3256; x_wconf 95' lang='lat'><strong>,</strong></span> <span class='ocrx_word' id='word_1_520' title='bbox 2341 3193 2466 3262; x_wconf 91' lang='lat' dir='ltr'><strong>plus</strong></span> <span class='ocrx_word' id='word_1_521' title='bbox 2492 3202 2779 3262; x_wconf 87' lang='lat' dir='ltr'><strong>appetunt.</strong></span> <span class='ocrx_word' id='word_1_522' title='bbox 2815 3192 2883 3249; x_wconf 89' lang='lat' dir='ltr'><strong>Ut</strong></span> <span class='ocrx_word' id='word_1_523' title='bbox 2914 3195 3055 3264; x_wconf 82' lang='lat' dir='ltr'><strong>ignis</strong></span> <span class='ocrx_word' id='word_1_524' title='bbox 3088 3194 3146 3248; x_wconf 84' lang='lat' dir='ltr'><strong>fit</strong></span> <span class='ocrx_word' id='word_1_525' title='bbox 3177 3195 3429 3249; x_wconf 86' lang='lat' dir='ltr'><strong>voracior</strong></span> <span class='ocrx_word' id='word_1_526' title='bbox 3458 3210 3619 3249; x_wconf 82' lang='lat' dir='ltr'><strong>accn-</strong></span> 
     </span>
    </p>
   </div>
   <div class='ocr_carea' id='block_1_76' title="bbox 2036 3283 3618 3358">
    <p class='ocr_par' dir='ltr' id='par_1_76' title="bbox 2036 3283 3618 3358">
     <span class='ocr_line' id='line_1_76' title="bbox 2036 3283 3618 3358; baseline 0.002 -23"><span class='ocrx_word' id='word_1_527' title='bbox 2036 3283 2334 3341; x_wconf 85' lang='lat' dir='ltr'><strong>mulatione</strong></span> <span class='ocrx_word' id='word_1_528' title='bbox 2381 3286 2660 3350; x_wconf 64' lang='lat' dir='ltr'><strong>materiae;</strong></span> <span class='ocrx_word' id='word_1_529' title='bbox 2704 3302 2807 3340; x_wconf 88' lang='lat' dir='ltr'><strong>nec</strong></span> <span class='ocrx_word' id='word_1_530' title='bbox 2853 3298 2999 3341; x_wconf 89' lang='lat' dir='ltr'><strong>recta</strong></span> <span class='ocrx_word' id='word_1_531' title='bbox 3049 3287 3213 3358; x_wconf 85' lang='lat' dir='ltr'><strong>hujus</strong></span> <span class='ocrx_word' id='word_1_532' title='bbox 3258 3287 3489 3342; x_wconf 68' lang='lat' dir='ltr'><strong>flammm</strong></span> <span class='ocrx_word' id='word_1_533' title='bbox 3530 3286 3618 3339; x_wconf 81' lang='lat' dir='ltr'><strong>via</strong></span> 
     </span>
    </p>
   </div>
   <div class='ocr_carea' id='block_1_77' title="bbox 2033 3374 3622 3447">
    <p class='ocr_par' dir='ltr' id='par_1_77' title="bbox 2033 3374 3622 3447">
     <span class='ocr_line' id='line_1_77' title="bbox 2033 3374 3622 3447; baseline 0.001 -20"><span class='ocrx_word' id='word_1_534' title='bbox 2033 3383 2150 3436; x_wconf 88' lang='lat' dir='ltr'><strong>est,</strong></span> <span class='ocrx_word' id='word_1_535' title='bbox 2184 3374 2236 3428; x_wconf 93' lang='lat' dir='ltr'><strong>in</strong></span> <span class='ocrx_word' id='word_1_536' title='bbox 2268 3390 2488 3429; x_wconf 89' lang='lat' dir='ltr'><strong>omnem</strong></span> <span class='ocrx_word' id='word_1_537' title='bbox 2520 3386 2729 3444; x_wconf 89' lang='lat' dir='ltr'><strong>partem</strong></span> <span class='ocrx_word' id='word_1_538' title='bbox 2759 3376 2969 3429; x_wconf 84' lang='lat' dir='ltr'><strong>fumosa</strong></span> <span class='ocrx_word' id='word_1_539' title='bbox 3002 3392 3123 3431; x_wconf 89' lang='lat' dir='ltr'><strong>sese</strong></span> <span class='ocrx_word' id='word_1_540' title='bbox 3151 3376 3335 3432; x_wconf 82' lang='lat' dir='ltr'><strong>vibrat</strong></span> <span class='ocrx_word' id='word_1_541' title='bbox 3364 3392 3427 3429; x_wconf 91' lang='lat' dir='ltr'><strong>ac</strong></span> <span class='ocrx_word' id='word_1_542' title='bbox 3455 3375 3622 3447; x_wconf 89' lang='lat' dir='ltr'><strong>repli-</strong></span> 
     </span>
    </p>
   </div>
   <div class='ocr_carea' id='block_1_78' title="bbox 2036 3467 3619 3538">
    <p class='ocr_par' dir='ltr' id='par_1_78' title="bbox 2036 3467 3619 3538">
     <span class='ocr_line' id='line_1_78' title="bbox 2036 3467 3619 3538; baseline -0.001 -17"><span class='ocrx_word' id='word_1_543' title='bbox 2036 3476 2122 3521; x_wconf 89' lang='lat' dir='ltr'><strong>cat</strong></span> <span class='ocrx_word' id='word_1_544' title='bbox 2162 3482 2177 3520; x_wconf 83' lang='lat' dir='ltr'><strong>z</strong></span> <span class='ocrx_word' id='word_1_545' title='bbox 2222 3467 2301 3521; x_wconf 91' lang='lat' dir='ltr'><strong>sic</strong></span> <span class='ocrx_word' id='word_1_546' title='bbox 2346 3467 2479 3521; x_wconf 90' lang='lat' dir='ltr'><strong>istos</strong></span> <span class='ocrx_word' id='word_1_547' title='bbox 2524 3482 2720 3536; x_wconf 89' lang='lat' dir='ltr'><strong>pravos</strong></span> <span class='ocrx_word' id='word_1_548' title='bbox 2738 3478 3057 3538; x_wconf 69' lang='lat' dir='ltr'><strong>astutiisque</strong></span> <span class='ocrx_word' id='word_1_549' title='bbox 3106 3469 3328 3523; x_wconf 87' lang='lat' dir='ltr'><strong>assidue</strong></span> <span class='ocrx_word' id='word_1_550' title='bbox 3374 3468 3619 3521; x_wconf 79' lang='lat' dir='ltr'><strong>cireum-</strong></span> 
     </span>
    </p>
   </div>
   <div class='ocr_carea' id='block_1_79' title="bbox 2036 3557 3622 3627">
    <p class='ocr_par' dir='ltr' id='par_1_79' title="bbox 2036 3557 3622 3627">
     <span class='ocr_line' id='line_1_79' title="bbox 2036 3557 3622 3627; baseline -0.001 -17"><span class='ocrx_word' id='word_1_551' title='bbox 2036 3566 2203 3627; x_wconf 83' lang='lat' dir='ltr'><strong>aguut</strong></span> <span class='ocrx_word' id='word_1_552' title='bbox 2231 3557 2545 3627; x_wconf 62' lang='lat' dir='ltr'><strong>caliginosa:</strong></span> <span class='ocrx_word' id='word_1_553' title='bbox 2572 3558 2830 3625; x_wconf 68' lang='lat' dir='ltr'><strong>ambages</strong></span> <span class='ocrx_word' id='word_1_554' title='bbox 2860 3557 3082 3610; x_wconf 80' lang='lat' dir='ltr'><strong>malitia:</strong></span> <span class='ocrx_word' id='word_1_555' title='bbox 3108 3566 3374 3617; x_wconf 65' lang='lat' dir='ltr'><strong>versatae;</strong></span> <span class='ocrx_word' id='word_1_556' title='bbox 3408 3566 3465 3609; x_wconf 91' lang='lat' dir='ltr'><strong>ut</strong></span> <span class='ocrx_word' id='word_1_557' title='bbox 3493 3571 3622 3610; x_wconf 85' lang='lat' dir='ltr'><strong>cau-</strong></span> 
     </span>
    </p>
   </div>
   <div class='ocr_carea' id='block_1_80' title="bbox 2037 3646 3617 3718">
    <p class='ocr_par' dir='ltr' id='par_1_80' title="bbox 2037 3646 3617 3718">
     <span class='ocr_line' id='line_1_80' title="bbox 2037 3646 3617 3718; baseline 0.001 -18"><span class='ocrx_word' id='word_1_558' title='bbox 2037 3646 2162 3700; x_wconf 86' lang='lat' dir='ltr'><strong>dam</strong></span> <span class='ocrx_word' id='word_1_559' title='bbox 2195 3649 2350 3702; x_wconf 91' lang='lat' dir='ltr'><strong>canis</strong></span> <span class='ocrx_word' id='word_1_560' title='bbox 2386 3659 2581 3703; x_wconf 87' lang='lat' dir='ltr'><strong>natura</strong></span> <span class='ocrx_word' id='word_1_561' title='bbox 2620 3648 2893 3711; x_wconf 81' lang='lat' dir='ltr'><strong>inﬂexam,</strong></span> <span class='ocrx_word' id='word_1_562' title='bbox 2930 3650 2975 3703; x_wconf 91' lang='lat' dir='ltr'><strong>si</strong></span> <span class='ocrx_word' id='word_1_563' title='bbox 3013 3650 3136 3716; x_wconf 87' lang='lat' dir='ltr'><strong>quis</strong></span> <span class='ocrx_word' id='word_1_564' title='bbox 3173 3650 3264 3703; x_wconf 82' lang='lat' dir='ltr'><strong>filo</strong></span> <span class='ocrx_word' id='word_1_565' title='bbox 3303 3650 3521 3718; x_wconf 76' lang='lat' dir='ltr'><strong>ligatam</strong></span> <span class='ocrx_word' id='word_1_566' title='bbox 3563 3649 3617 3701; x_wconf 91' lang='lat' dir='ltr'><strong>iu</strong></span> 
     </span>
    </p>
   </div>
   <div class='ocr_carea' id='block_1_81' title="bbox 2038 3737 3620 3802">
    <p class='ocr_par' dir='ltr' id='par_1_81' title="bbox 2038 3737 3620 3802">
     <span class='ocr_line' id='line_1_81' title="bbox 2038 3737 3620 3802; baseline -0.001 -10"><span class='ocrx_word' id='word_1_567' title='bbox 2038 3737 2313 3793; x_wconf 86' lang='lat' dir='ltr'><strong>directum</strong></span> <span class='ocrx_word' id='word_1_568' title='bbox 2349 3740 2679 3802; x_wconf 82' lang='lat' dir='ltr'><strong>extendcrit,</strong></span> <span class='ocrx_word' id='word_1_569' title='bbox 2702 3740 2845 3794; x_wconf 89' lang='lat' dir='ltr'><strong>haud</strong></span> <span class='ocrx_word' id='word_1_570' title='bbox 2882 3740 3203 3795; x_wconf 86' lang='lat' dir='ltr'><strong>duraturam</strong></span> <span class='ocrx_word' id='word_1_571' title='bbox 3239 3741 3288 3795; x_wconf 90' lang='lat' dir='ltr'><strong>ei</strong></span> <span class='ocrx_word' id='word_1_572' title='bbox 3329 3741 3620 3795; x_wconf 86' lang='lat' dir='ltr'><strong>rectitudi-</strong></span> 
     </span>
    </p>
   </div>
   <div class='ocr_carea' id='block_1_82' title="bbox 2040 3830 3623 3891">
    <p class='ocr_par' dir='ltr' id='par_1_82' title="bbox 2040 3830 3623 3891">
     <span class='ocr_line' id='line_1_82' title="bbox 2040 3830 3623 3891; baseline 0.001 -10"><span class='ocrx_word' id='word_1_573' title='bbox 2040 3844 2164 3883; x_wconf 90' lang='lat' dir='ltr'><strong>nem</strong></span> <span class='ocrx_word' id='word_1_574' title='bbox 2213 3830 2489 3891; x_wconf 86' lang='lat' dir='ltr'><strong>tribuerit;</strong></span> <span class='ocrx_word' id='word_1_575' title='bbox 2532 3831 2621 3884; x_wconf 91' lang='lat' dir='ltr'><strong>illa</strong></span> <span class='ocrx_word' id='word_1_576' title='bbox 2663 3831 2809 3883; x_wconf 91' lang='lat' dir='ltr'><strong>enim</strong></span> <span class='ocrx_word' id='word_1_577' title='bbox 2855 3831 3037 3884; x_wconf 89' lang='lat' dir='ltr'><strong>statim</strong></span> <span class='ocrx_word' id='word_1_578' title='bbox 3085 3847 3147 3885; x_wconf 90' lang='lat' dir='ltr'><strong>ac</strong></span> <span class='ocrx_word' id='word_1_579' title='bbox 3193 3846 3251 3885; x_wconf 88' lang='lat' dir='ltr'><strong>se</strong></span> <span class='ocrx_word' id='word_1_580' title='bbox 3296 3831 3623 3885; x_wconf 83' lang='lat' dir='ltr'><strong>relaxaverit</strong></span> 
     </span>
    </p>
   </div>
   <div class='ocr_carea' id='block_1_83' title="bbox 2042 3922 3620 3991">
    <p class='ocr_par' dir='ltr' id='par_1_83' title="bbox 2042 3922 3620 3991">
     <span class='ocr_line' id='line_1_83' title="bbox 2042 3922 3620 3991; baseline -0.004 -12"><span class='ocrx_word' id='word_1_581' title='bbox 2042 3924 2325 3979; x_wconf 78' lang='lat' dir='ltr'><strong>contentio</strong></span> <span class='ocrx_word' id='word_1_582' title='bbox 2373 3922 2661 3985; x_wconf 81' lang='lat' dir='ltr'><strong>trahentis,</strong></span> <span class='ocrx_word' id='word_1_583' title='bbox 2703 3923 3013 3991; x_wconf 88' lang='lat' dir='ltr'><strong>obliquitati</strong></span> <span class='ocrx_word' id='word_1_584' title='bbox 3060 3940 3119 3977; x_wconf 88' lang='lat' dir='ltr'><strong>se</strong></span> <span class='ocrx_word' id='word_1_585' title='bbox 3167 3922 3360 3977; x_wconf 88' lang='lat' dir='ltr'><strong>reddet</strong></span> <span class='ocrx_word' id='word_1_586' title='bbox 3403 3924 3620 3978; x_wconf 79' lang='lat' dir='ltr'><strong>innatm.</strong></span> 
     </span>
    </p>
   </div>
   <div class='ocr_carea' id='block_1_84' title="bbox 2047 4012 3625 4082">
    <p class='ocr_par' dir='ltr' id='par_1_84' title="bbox 2047 4012 3625 4082">
     <span class='ocr_line' id='line_1_84' title="bbox 2047 4012 3625 4082; baseline -0.001 -16"><span class='ocrx_word' id='word_1_587' title='bbox 2047 4012 2237 4067; x_wconf 56' lang='lat' dir='ltr'><strong>Sentio</strong></span> <span class='ocrx_word' id='word_1_588' title='bbox 2273 4013 2420 4082; x_wconf 89' lang='lat' dir='ltr'><strong>quod</strong></span> <span class='ocrx_word' id='word_1_589' title='bbox 2458 4013 2614 4067; x_wconf 89' lang='lat' dir='ltr'><strong>initio</strong></span> <span class='ocrx_word' id='word_1_590' title='bbox 2656 4013 3049 4081; x_wconf 64' lang='lat' dir='ltr'><strong>pris-videram,</strong></span> <span class='ocrx_word' id='word_1_591' title='bbox 3089 4014 3231 4066; x_wconf 87' lang='lat' dir='ltr'><strong>haud</strong></span> <span class='ocrx_word' id='word_1_592' title='bbox 3272 4012 3367 4067; x_wconf 89' lang='lat' dir='ltr'><strong>tibi</strong></span> <span class='ocrx_word' id='word_1_593' title='bbox 3408 4014 3625 4079; x_wconf 81' lang='lat' dir='ltr'><strong>placere</strong></span> 
     </span>
    </p>
   </div>
   <div class='ocr_carea' id='block_1_85' title="bbox 2045 4102 3628 4172">
    <p class='ocr_par' dir='ltr' id='par_1_85' title="bbox 2045 4102 3628 4172">
     <span class='ocr_line' id='line_1_85' title="bbox 2045 4102 3628 4172; baseline 0.001 -16"><span class='ocrx_word' id='word_1_594' title='bbox 2045 4118 2166 4171; x_wconf 71' lang='lat' dir='ltr'><strong>qua:</strong></span> <span class='ocrx_word' id='word_1_595' title='bbox 2202 4114 2468 4158; x_wconf 90' lang='lat' dir='ltr'><strong>memoro.</strong></span> <span class='ocrx_word' id='word_1_596' title='bbox 2501 4102 2774 4158; x_wconf 58' lang='lat' dir='ltr'><strong>Caeterum</strong></span> <span class='ocrx_word' id='word_1_597' title='bbox 2813 4120 2915 4158; x_wconf 88' lang='lat' dir='ltr'><strong>nec</strong></span> <span class='ocrx_word' id='word_1_598' title='bbox 2949 4104 3243 4172; x_wconf 83' lang='lat' dir='ltr'><strong>pliarmaca</strong></span> <span class='ocrx_word' id='word_1_599' title='bbox 3276 4112 3478 4167; x_wconf 60' lang='lat' dir='ltr'><strong>antroto</strong></span> <span class='ocrx_word' id='word_1_600' title='bbox 3514 4104 3628 4171; x_wconf 83' lang='lat' dir='ltr'><strong>pla-</strong></span> 
     </span>
    </p>
   </div>
   <div class='ocr_carea' id='block_1_86' title="bbox 2046 4195 3628 4265">
    <p class='ocr_par' dir='ltr' id='par_1_86' title="bbox 2046 4195 3628 4265">
     <span class='ocr_line' id='line_1_86' title="bbox 2046 4195 3628 4265; baseline 0.002 -19"><span class='ocrx_word' id='word_1_601' title='bbox 2046 4202 2174 4246; x_wconf 90' lang='lat' dir='ltr'><strong>cent</strong></span> <span class='ocrx_word' id='word_1_602' title='bbox 2201 4209 2215 4245; x_wconf 90' lang='lat'><strong>:</strong></span> <span class='ocrx_word' id='word_1_603' title='bbox 2249 4203 2427 4248; x_wconf 90' lang='lat' dir='ltr'><strong>tamen</strong></span> <span class='ocrx_word' id='word_1_604' title='bbox 2461 4196 2563 4249; x_wconf 88' lang='lat' dir='ltr'><strong>nisi</strong></span> <span class='ocrx_word' id='word_1_605' title='bbox 2596 4210 2660 4249; x_wconf 91' lang='lat' dir='ltr'><strong>ea</strong></span> <span class='ocrx_word' id='word_1_606' title='bbox 2691 4195 3028 4265; x_wconf 85' lang='lat' dir='ltr'><strong>deglutierit,</strong></span> <span class='ocrx_word' id='word_1_607' title='bbox 3059 4196 3171 4249; x_wconf 88' lang='lat' dir='ltr'><strong>vita</strong></span> <span class='ocrx_word' id='word_1_608' title='bbox 3201 4196 3448 4258; x_wconf 79' lang='lat' dir='ltr'><strong>excidet;</strong></span> <span class='ocrx_word' id='word_1_609' title='bbox 3479 4205 3628 4249; x_wconf 71' lang='lat' dir='ltr'><strong>eato~</strong></span> 
     </span>
    </p>
   </div>
   <div class='ocr_carea' id='block_1_87' title="bbox 2048 4286 3628 4353">
    <p class='ocr_par' dir='ltr' id='par_1_87' title="bbox 2048 4286 3628 4353">
     <span class='ocr_line' id='line_1_87' title="bbox 2048 4286 3628 4353; baseline 0 -16"><span class='ocrx_word' id='word_1_610' title='bbox 2048 4300 2263 4353; x_wconf 90' lang='lat' dir='ltr'><strong>nusque</strong></span> <span class='ocrx_word' id='word_1_611' title='bbox 2310 4286 2384 4339; x_wconf 91' lang='lat' dir='ltr'><strong>illi</strong></span> <span class='ocrx_word' id='word_1_612' title='bbox 2434 4286 2736 4340; x_wconf 89' lang='lat' dir='ltr'><strong>benevolus</strong></span> <span class='ocrx_word' id='word_1_613' title='bbox 2778 4296 2863 4340; x_wconf 87' lang='lat' dir='ltr'><strong>est</strong></span> <span class='ocrx_word' id='word_1_614' title='bbox 2909 4286 3177 4348; x_wconf 87' lang='lat' dir='ltr'><strong>medicus,</strong></span> <span class='ocrx_word' id='word_1_615' title='bbox 3221 4294 3494 4353; x_wconf 87' lang='lat' dir='ltr'><strong>quatenus</strong></span> <span class='ocrx_word' id='word_1_616' title='bbox 3546 4286 3628 4338; x_wconf 80' lang='lat' dir='ltr'><strong>in-</strong></span> 
     </span>
    </p>
   </div>
   <div class='ocr_carea' id='block_1_88' title="bbox 2050 4376 3625 4447">
    <p class='ocr_par' dir='ltr' id='par_1_88' title="bbox 2050 4376 3625 4447">
     <span class='ocr_line' id='line_1_88' title="bbox 2050 4376 3625 4447; baseline -0.001 -19"><span class='ocrx_word' id='word_1_617' title='bbox 2050 4388 2201 4447; x_wconf 83' lang='lat' dir='ltr'><strong>grata</strong></span> <span class='ocrx_word' id='word_1_618' title='bbox 2236 4376 2504 4445; x_wconf 75' lang='lat' dir='ltr'><strong>przecipit,</strong></span> <span class='ocrx_word' id='word_1_619' title='bbox 2537 4378 2719 4447; x_wconf 85' lang='lat' dir='ltr'><strong>qualia</strong></span> <span class='ocrx_word' id='word_1_620' title='bbox 2747 4379 3028 4447; x_wconf 82' lang='lat' dir='ltr'><strong>languenti</strong></span> <span class='ocrx_word' id='word_1_621' title='bbox 3056 4377 3300 4431; x_wconf 90' lang='lat' dir='ltr'><strong>salubria</strong></span> <span class='ocrx_word' id='word_1_622' title='bbox 3330 4377 3445 4431; x_wconf 77' lang='lat' dir='ltr'><strong>sola</strong></span> <span class='ocrx_word' id='word_1_623' title='bbox 3476 4388 3625 4430; x_wconf 83' lang='lat' dir='ltr'><strong>sunt.</strong></span> 
     </span>
    </p>
   </div>
   <div class='ocr_carea' id='block_1_89' title="bbox 2054 4470 3625 4539">
    <p class='ocr_par' dir='ltr' id='par_1_89' title="bbox 2054 4470 3625 4539">
     <span class='ocr_line' id='line_1_89' title="bbox 2054 4470 3625 4539; baseline -0.003 -14"><span class='ocrx_word' id='word_1_624' title='bbox 2054 4471 2129 4525; x_wconf 84' lang='lat' dir='ltr'><strong>Ac</strong></span> <span class='ocrx_word' id='word_1_625' title='bbox 2160 4470 2237 4523; x_wconf 92' lang='lat' dir='ltr'><strong>sic</strong></span> <span class='ocrx_word' id='word_1_626' title='bbox 2269 4470 2410 4524; x_wconf 88' lang='lat' dir='ltr'><strong>habe</strong></span> <span class='ocrx_word' id='word_1_627' title='bbox 2432 4511 2447 4533; x_wconf 92' lang='lat'><strong>,</strong></span> <span class='ocrx_word' id='word_1_628' title='bbox 2481 4471 2752 4538; x_wconf 81' lang='lat' dir='ltr'><strong>Optimum</strong></span> <span class='ocrx_word' id='word_1_629' title='bbox 2783 4485 2905 4526; x_wconf 87' lang='lat' dir='ltr'><strong>esse</strong></span> <span class='ocrx_word' id='word_1_630' title='bbox 2937 4470 3259 4535; x_wconf 88' lang='lat' dir='ltr'><strong>subditum,</strong></span> <span class='ocrx_word' id='word_1_631' title='bbox 3292 4470 3387 4539; x_wconf 89' lang='lat' dir='ltr'><strong>qui</strong></span> <span class='ocrx_word' id='word_1_632' title='bbox 3421 4485 3527 4525; x_wconf 88' lang='lat' dir='ltr'><strong>non</strong></span> <span class='ocrx_word' id='word_1_633' title='bbox 3559 4471 3625 4522; x_wconf 89' lang='lat' dir='ltr'><strong>ad</strong></span> 
     </span>
    </p>
   </div>
   <div class='ocr_carea' id='block_1_90' title="bbox 362 4562 3625 4641">
    <p class='ocr_par' dir='ltr' id='par_1_90' title="bbox 362 4562 3625 4641">
     <span class='ocr_line' id='line_1_90' title="bbox 362 4562 3625 4641; baseline -0.004 -14"><span class='ocrx_word' id='word_1_634' title='bbox 362 4582 485 4627; x_wconf 89' lang='lat' dir='ltr'><strong>erat</strong></span> <span class='ocrx_word' id='word_1_635' title='bbox 518 4572 722 4635; x_wconf 89' lang='lat' dir='ltr'><strong>brevis,</strong></span> <span class='ocrx_word' id='word_1_636' title='bbox 751 4571 899 4625; x_wconf 90' lang='lat' dir='ltr'><strong>amni</strong></span> <span class='ocrx_word' id='word_1_637' title='bbox 928 4571 1109 4625; x_wconf 91' lang='lat' dir='ltr'><strong>vicino</strong></span> <span class='ocrx_word' id='word_1_638' title='bbox 1140 4570 1456 4635; x_wconf 86' lang='lat' dir='ltr'><strong>commissa,</strong></span> <span class='ocrx_word' id='word_1_639' title='bbox 1490 4570 1543 4624; x_wconf 92' lang='lat' dir='ltr'><strong>in</strong></span> <span class='ocrx_word' id='word_1_640' title='bbox 1574 4585 1683 4641; x_wconf 91' lang='lat' dir='ltr'><strong>qua</strong></span> <span class='ocrx_word' id='word_1_641' title='bbox 1712 4580 1821 4625; x_wconf 91' lang='lat' dir='ltr'><strong>tres</strong></span> <span class='ocrx_word' id='word_1_642' title='bbox 1853 4570 1946 4624; x_wconf 84' lang='lat' dir='ltr'><strong>ha-</strong></span> <span class='ocrx_word' id='word_1_643' title='bbox 1978 4578 2022 4632; x_wconf 78' lang='grc' dir='ltr'><strong>ι)</strong></span> <span class='ocrx_word' id='word_1_644' title='bbox 2052 4562 2281 4631; x_wconf 81' lang='lat' dir='ltr'><strong>gratiam</strong></span> <span class='ocrx_word' id='word_1_645' title='bbox 2331 4562 2537 4628; x_wconf 87' lang='lat' dir='ltr'><strong>servit;</strong></span> <span class='ocrx_word' id='word_1_646' title='bbox 2590 4562 2827 4619; x_wconf 87' lang='lat' dir='ltr'><strong>amicum</strong></span> <span class='ocrx_word' id='word_1_647' title='bbox 2884 4564 2978 4633; x_wconf 92' lang='lat' dir='ltr'><strong>qui</strong></span> <span class='ocrx_word' id='word_1_648' title='bbox 3033 4564 3218 4626; x_wconf 87' lang='lat' dir='ltr'><strong>utilia,</strong></span> <span class='ocrx_word' id='word_1_649' title='bbox 3272 4580 3379 4619; x_wconf 89' lang='lat' dir='ltr'><strong>non</strong></span> <span class='ocrx_word' id='word_1_650' title='bbox 3429 4563 3625 4616; x_wconf 80' lang='lat' dir='ltr'><strong>blanda</strong></span> 
     </span>
    </p>
   </div>
   <div class='ocr_carea' id='block_1_91' title="bbox 365 4661 1932 4731">
    <p class='ocr_par' dir='ltr' id='par_1_91' title="bbox 365 4661 1932 4731">
     <span class='ocr_line' id='line_1_91' title="bbox 365 4661 1932 4731; baseline -0.001 -14"><span class='ocrx_word' id='word_1_651' title='bbox 365 4664 620 4719; x_wconf 88' lang='lat' dir='ltr'><strong>hitabant</strong></span> <span class='ocrx_word' id='word_1_652' title='bbox 662 4662 946 4717; x_wconf 89' lang='lat' dir='ltr'><strong>dissimilis</strong></span> <span class='ocrx_word' id='word_1_653' title='bbox 986 4662 1129 4716; x_wconf 89' lang='lat' dir='ltr'><strong>inter</strong></span> <span class='ocrx_word' id='word_1_654' title='bbox 1163 4677 1221 4716; x_wconf 89' lang='lat' dir='ltr'><strong>se</strong></span> <span class='ocrx_word' id='word_1_655' title='bbox 1262 4662 1544 4731; x_wconf 89' lang='lat' dir='ltr'><strong>qualitatis</strong></span> <span class='ocrx_word' id='word_1_656' title='bbox 1585 4661 1783 4731; x_wconf 87' lang='lat' dir='ltr'><strong>pisces.</strong></span> <span class='ocrx_word' id='word_1_657' title='bbox 1823 4662 1932 4715; x_wconf 83' lang='lat' dir='ltr'><strong>Pri-</strong></span> 
     </span>
    </p>
   </div>
   <div class='ocr_carea' id='block_1_92' title="bbox 366 4754 1940 4824">
    <p class='ocr_par' dir='ltr' id='par_1_92' title="bbox 366 4754 1940 4824">
     <span class='ocr_line' id='line_1_92' title="bbox 366 4754 1940 4824; baseline -0.003 -13"><span class='ocrx_word' id='word_1_658' title='bbox 366 4772 490 4811; x_wconf 82' lang='lat' dir='ltr'><strong>tnus</strong></span> <span class='ocrx_word' id='word_1_659' title='bbox 511 4766 639 4811; x_wconf 74' lang='lat' dir='ltr'><strong>erat</strong></span> <span class='ocrx_word' id='word_1_660' title='bbox 672 4754 1153 4824; x_wconf 87' lang='lat' dir='ltr'><strong>prudentissimus,</strong></span> <span class='ocrx_word' id='word_1_661' title='bbox 1185 4754 1323 4807; x_wconf 88' lang='lat' dir='ltr'><strong>alter</strong></span> <span class='ocrx_word' id='word_1_662' title='bbox 1351 4769 1460 4809; x_wconf 90' lang='lat' dir='ltr'><strong>non</strong></span> <span class='ocrx_word' id='word_1_663' title='bbox 1493 4769 1719 4822; x_wconf 91' lang='lat' dir='ltr'><strong>prorsus</strong></span> <span class='ocrx_word' id='word_1_664' title='bbox 1751 4754 1940 4819; x_wconf 85' lang='lat' dir='ltr'><strong>behes,</strong></span> 
     </span>
    </p>
   </div>
   <div class='ocr_carea' id='block_1_93' title="bbox 365 4844 1945 4914">
    <p class='ocr_par' dir='ltr' id='par_1_93' title="bbox 365 4844 1945 4914">
     <span class='ocr_line' id='line_1_93' title="bbox 365 4844 1945 4914; baseline -0.002 -14"><span class='ocrx_word' id='word_1_665' title='bbox 365 4846 569 4900; x_wconf 86' lang='lat' dir='ltr'><strong>tertius</strong></span> <span class='ocrx_word' id='word_1_666' title='bbox 601 4845 971 4900; x_wconf 68' lang='lat' dir='ltr'><strong>SlOIldlSSllllCB</strong></span> <span class='ocrx_word' id='word_1_667' title='bbox 1004 4853 1319 4914; x_wconf 82' lang='lat' dir='ltr'><strong>compertus</strong></span> <span class='ocrx_word' id='word_1_668' title='bbox 1356 4844 1604 4899; x_wconf 73' lang='lat' dir='ltr'><strong>inscitiae.</strong></span> <span class='ocrx_word' id='word_1_669' title='bbox 1638 4845 1945 4899; x_wconf 86' lang='lat' dir='ltr'><strong>Piscatores</strong></span> 
     </span>
    </p>
   </div>
   <div class='ocr_carea' id='block_1_94' title="bbox 364 4936 1941 5005">
    <p class='ocr_par' dir='ltr' id='par_1_94' title="bbox 364 4936 1941 5005">
     <span class='ocr_line' id='line_1_94' title="bbox 364 4936 1941 5005; baseline -0.004 -11"><span class='ocrx_word' id='word_1_670' title='bbox 364 4939 435 4994; x_wconf 89' lang='lat' dir='ltr'><strong>ad</strong></span> <span class='ocrx_word' id='word_1_671' title='bbox 467 4941 674 4993; x_wconf 67' lang='lat' dir='ltr'><strong>lacuna:</strong></span> <span class='ocrx_word' id='word_1_672' title='bbox 698 4945 849 4992; x_wconf 82' lang='lat' dir='ltr'><strong>oram</strong></span> <span class='ocrx_word' id='word_1_673' title='bbox 877 4936 1049 4993; x_wconf 87' lang='lat' dir='ltr'><strong>auditi</strong></span> <span class='ocrx_word' id='word_1_674' title='bbox 1079 4936 1146 4991; x_wconf 90' lang='lat' dir='ltr'><strong>ab</strong></span> <span class='ocrx_word' id='word_1_675' title='bbox 1175 4937 1430 4992; x_wconf 90' lang='lat' dir='ltr'><strong>omnibus</strong></span> <span class='ocrx_word' id='word_1_676' title='bbox 1458 4946 1585 4989; x_wconf 89' lang='lat' dir='ltr'><strong>sunt</strong></span> <span class='ocrx_word' id='word_1_677' title='bbox 1609 4952 1733 4990; x_wconf 89' lang='lat' dir='ltr'><strong>cum</strong></span> <span class='ocrx_word' id='word_1_678' title='bbox 1765 4937 1941 5005; x_wconf 87' lang='lat' dir='ltr'><strong>palam</strong></span> 
     </span>
    </p>
   </div>
   <div class='ocr_carea' id='block_1_95' title="bbox 363 5024 1941 5094">
    <p class='ocr_par' dir='ltr' id='par_1_95' title="bbox 363 5024 1941 5094">
     <span class='ocr_line' id='line_1_95' title="bbox 363 5024 1941 5094; baseline -0.003 -12"><span class='ocrx_word' id='word_1_679' title='bbox 363 5029 721 5083; x_wconf 83' lang='lat' dir='ltr'><strong>eondiCerent</strong></span> <span class='ocrx_word' id='word_1_680' title='bbox 754 5029 938 5081; x_wconf 88' lang='lat' dir='ltr'><strong>horam</strong></span> <span class='ocrx_word' id='word_1_681' title='bbox 973 5037 1176 5080; x_wconf 90' lang='lat' dir='ltr'><strong>certam</strong></span> <span class='ocrx_word' id='word_1_682' title='bbox 1209 5042 1312 5094; x_wconf 89' lang='lat' dir='ltr'><strong>qua</strong></span> <span class='ocrx_word' id='word_1_683' title='bbox 1342 5025 1647 5080; x_wconf 90' lang='lat' dir='ltr'><strong>everriculo</strong></span> <span class='ocrx_word' id='word_1_684' title='bbox 1681 5024 1941 5093; x_wconf 79' lang='lat' dir='ltr'><strong>piscinam</strong></span> 
     </span>
    </p>
   </div>
   <div class='ocr_carea' id='block_1_96' title="bbox 368 5117 1945 5183">
    <p class='ocr_par' dir='ltr' id='par_1_96' title="bbox 368 5117 1945 5183">
     <span class='ocr_line' id='line_1_96' title="bbox 368 5117 1945 5183; baseline -0.004 -8"><span class='ocrx_word' id='word_1_685' title='bbox 368 5132 541 5175; x_wconf 88' lang='lat' dir='ltr'><strong>totam</strong></span> <span class='ocrx_word' id='word_1_686' title='bbox 588 5129 988 5174; x_wconf 88' lang='lat' dir='ltr'><strong>scrutarentur.</strong></span> <span class='ocrx_word' id='word_1_687' title='bbox 1033 5118 1361 5173; x_wconf 80' lang='lat' dir='ltr'><strong>Admonitus</strong></span> <span class='ocrx_word' id='word_1_688' title='bbox 1413 5117 1502 5172; x_wconf 89' lang='lat' dir='ltr'><strong>illa</strong></span> <span class='ocrx_word' id='word_1_689' title='bbox 1551 5131 1681 5170; x_wconf 77' lang='lat' dir='ltr'><strong>voce</strong></span> <span class='ocrx_word' id='word_1_690' title='bbox 1735 5118 1945 5183; x_wconf 87' lang='lat' dir='ltr'><strong>primus</strong></span> 
     </span>
    </p>
   </div>
   <div class='ocr_carea' id='block_1_97' title="bbox 367 5207 1944 5283">
    <p class='ocr_par' dir='ltr' id='par_1_97' title="bbox 367 5207 1944 5283">
     <span class='ocr_line' id='line_1_97' title="bbox 367 5207 1944 5283; baseline -0.006 -18"><span class='ocrx_word' id='word_1_691' title='bbox 367 5215 569 5283; x_wconf 76' lang='lat' dir='ltr'><strong>piscis,</strong></span> <span class='ocrx_word' id='word_1_692' title='bbox 599 5212 905 5281; x_wconf 89' lang='lat' dir='ltr'><strong>periculosa</strong></span> <span class='ocrx_word' id='word_1_693' title='bbox 938 5209 1121 5263; x_wconf 91' lang='lat' dir='ltr'><strong>subito</strong></span> <span class='ocrx_word' id='word_1_694' title='bbox 1152 5209 1422 5263; x_wconf 79' lang='lat' dir='ltr'><strong>excedens</strong></span> <span class='ocrx_word' id='word_1_695' title='bbox 1453 5208 1720 5269; x_wconf 80' lang='lat' dir='ltr'><strong>statione,</strong></span> <span class='ocrx_word' id='word_1_696' title='bbox 1756 5208 1809 5259; x_wconf 89' lang='lat' dir='ltr'><strong>in</strong></span> <span class='ocrx_word' id='word_1_697' title='bbox 1845 5207 1944 5259; x_wconf 78' lang='lat' dir='ltr'><strong>ilo.-</strong></span> 
     </span>
    </p>
   </div>
   <div class='ocr_carea' id='block_1_98' title="bbox 367 5302 1943 5359">
    <p class='ocr_par' dir='ltr' id='par_1_98' title="bbox 367 5302 1943 5359">
     <span class='ocr_line' id='line_1_98' title="bbox 367 5302 1943 5359; baseline -0.004 -1"><span class='ocrx_word' id='word_1_698' title='bbox 367 5308 518 5358; x_wconf 86' lang='lat' dir='ltr'><strong>vium</strong></span> <span class='ocrx_word' id='word_1_699' title='bbox 553 5320 610 5359; x_wconf 89' lang='lat' dir='ltr'><strong>se</strong></span> <span class='ocrx_word' id='word_1_700' title='bbox 645 5304 943 5359; x_wconf 89' lang='lat' dir='ltr'><strong>transtulit.</strong></span> <span class='ocrx_word' id='word_1_701' title='bbox 980 5302 1267 5356; x_wconf 88' lang='lat' dir='ltr'><strong>Secundus</strong></span> <span class='ocrx_word' id='word_1_702' title='bbox 1302 5318 1482 5355; x_wconf 91' lang='lat' dir='ltr'><strong>moras</strong></span> <span class='ocrx_word' id='word_1_703' title='bbox 1519 5302 1697 5355; x_wconf 89' lang='lat' dir='ltr'><strong>adhuc</strong></span> <span class='ocrx_word' id='word_1_704' title='bbox 1734 5302 1785 5353; x_wconf 91' lang='lat' dir='ltr'><strong>in</strong></span> <span class='ocrx_word' id='word_1_705' title='bbox 1820 5302 1943 5357; x_wconf 79' lang='lat' dir='ltr'><strong>loco</strong></span> 
     </span>
    </p>
   </div>
   <div class='ocr_carea' id='block_1_99' title="bbox 369 5394 1941 5465">
    <p class='ocr_par' dir='ltr' id='par_1_99' title="bbox 369 5394 1941 5465">
     <span class='ocr_line' id='line_1_99' title="bbox 369 5394 1941 5465; baseline -0.001 -14"><span class='ocrx_word' id='word_1_706' title='bbox 369 5397 573 5460; x_wconf 75' lang='lat' dir='ltr'><strong>traxit,</strong></span> <span class='ocrx_word' id='word_1_707' title='bbox 609 5394 900 5464; x_wconf 81' lang='lat' dir='ltr'><strong>quamdam</strong></span> <span class='ocrx_word' id='word_1_708' title='bbox 936 5394 1267 5462; x_wconf 85' lang='lat' dir='ltr'><strong>voluptatem</strong></span> <span class='ocrx_word' id='word_1_709' title='bbox 1311 5410 1545 5463; x_wconf 84' lang='lat' dir='ltr'><strong>sequens</strong></span> <span class='ocrx_word' id='word_1_710' title='bbox 1568 5434 1581 5457; x_wconf 89' lang='lat'><strong>,</strong></span> <span class='ocrx_word' id='word_1_711' title='bbox 1616 5398 1793 5464; x_wconf 87' lang='lat' dir='ltr'><strong>quoad</strong></span> <span class='ocrx_word' id='word_1_712' title='bbox 1831 5398 1941 5465; x_wconf 84' lang='lat' dir='ltr'><strong>jam</strong></span> 
     </span>
    </p>
   </div>
   <div class='ocr_carea' id='block_1_100' title="bbox 366 5484 1943 5557">
    <p class='ocr_par' dir='ltr' id='par_1_100' title="bbox 366 5484 1943 5557">
     <span class='ocr_line' id='line_1_100' title="bbox 366 5484 1943 5557; baseline -0.001 -15"><span class='ocrx_word' id='word_1_713' title='bbox 366 5488 642 5557; x_wconf 63' lang='lat' dir='ltr'><strong>capeditis</strong></span> <span class='ocrx_word' id='word_1_714' title='bbox 676 5487 887 5540; x_wconf 89' lang='lat' dir='ltr'><strong>retibus</strong></span> <span class='ocrx_word' id='word_1_715' title='bbox 923 5484 1098 5541; x_wconf 89' lang='lat' dir='ltr'><strong>adorti</strong></span> <span class='ocrx_word' id='word_1_716' title='bbox 1139 5487 1415 5555; x_wconf 81' lang='lat' dir='ltr'><strong>negotium</strong></span> <span class='ocrx_word' id='word_1_717' title='bbox 1452 5487 1749 5555; x_wconf 79' lang='lat' dir='ltr'><strong>piscatores</strong></span> <span class='ocrx_word' id='word_1_718' title='bbox 1783 5505 1943 5557; x_wconf 77' lang='lat' dir='ltr'><strong>agere</strong></span> 
     </span>
    </p>
   </div>
   <div class='ocr_carea' id='block_1_101' title="bbox 364 5574 1943 5647">
    <p class='ocr_par' dir='ltr' id='par_1_101' title="bbox 364 5574 1943 5647">
     <span class='ocr_line' id='line_1_101' title="bbox 364 5574 1943 5647; baseline -0.001 -15"><span class='ocrx_word' id='word_1_719' title='bbox 364 5579 626 5647; x_wconf 76' lang='lat' dir='ltr'><strong>ferreque</strong></span> <span class='ocrx_word' id='word_1_720' title='bbox 656 5578 906 5631; x_wconf 90' lang='lat' dir='ltr'><strong>lacunam</strong></span> <span class='ocrx_word' id='word_1_721' title='bbox 940 5585 1218 5644; x_wconf 79' lang='lat' dir='ltr'><strong>ceperant.</strong></span> <span class='ocrx_word' id='word_1_722' title='bbox 1257 5574 1411 5632; x_wconf 85' lang='lat' dir='ltr'><strong>Tunc</strong></span> <span class='ocrx_word' id='word_1_723' title='bbox 1443 5576 1554 5638; x_wconf 89' lang='lat' dir='ltr'><strong>ille,</strong></span> <span class='ocrx_word' id='word_1_724' title='bbox 1588 5578 1671 5630; x_wconf 84' lang='lat' dir='ltr'><strong>ve!</strong></span> <span class='ocrx_word' id='word_1_725' title='bbox 1704 5593 1827 5631; x_wconf 90' lang='lat' dir='ltr'><strong>sero</strong></span> <span class='ocrx_word' id='word_1_726' title='bbox 1860 5596 1943 5630; x_wconf 81' lang='lat' dir='ltr'><strong>sa-</strong></span> 
     </span>
    </p>
   </div>
   <div class='ocr_carea' id='block_1_102' title="bbox 367 5670 1943 5743">
    <p class='ocr_par' dir='ltr' id='par_1_102' title="bbox 367 5670 1943 5743">
     <span class='ocr_line' id='line_1_102' title="bbox 367 5670 1943 5743; baseline -0.001 -20"><span class='ocrx_word' id='word_1_727' title='bbox 367 5673 548 5743; x_wconf 81' lang='lat' dir='ltr'><strong>piens,</strong></span> <span class='ocrx_word' id='word_1_728' title='bbox 597 5670 898 5724; x_wconf 85' lang='lat' dir='ltr'><strong>intercluso</strong></span> <span class='ocrx_word' id='word_1_729' title='bbox 938 5670 1047 5737; x_wconf 85' lang='lat' dir='ltr'><strong>jam</strong></span> <span class='ocrx_word' id='word_1_730' title='bbox 1092 5670 1239 5721; x_wconf 68' lang='lat' dir='ltr'><strong>cvitu</strong></span> <span class='ocrx_word' id='word_1_731' title='bbox 1288 5671 1340 5721; x_wconf 91' lang='lat' dir='ltr'><strong>in</strong></span> <span class='ocrx_word' id='word_1_732' title='bbox 1389 5670 1613 5731; x_wconf 85' lang='lat' dir='ltr'><strong>flumen,</strong></span> <span class='ocrx_word' id='word_1_733' title='bbox 1666 5682 1943 5723; x_wconf 87' lang='lat' dir='ltr'><strong>mortuum</strong></span> 
     </span>
    </p>
   </div>
   <div class='ocr_carea' id='block_1_103' title="bbox 367 5758 1944 5829">
    <p class='ocr_par' dir='ltr' id='par_1_103' title="bbox 367 5758 1944 5829">
     <span class='ocr_line' id='line_1_103' title="bbox 367 5758 1944 5829; baseline -0.003 -11"><span class='ocrx_word' id='word_1_734' title='bbox 367 5764 657 5823; x_wconf 85' lang='lat' dir='ltr'><strong>simulans,</strong></span> <span class='ocrx_word' id='word_1_735' title='bbox 691 5761 985 5829; x_wconf 88' lang='lat' dir='ltr'><strong>resupinus</strong></span> <span class='ocrx_word' id='word_1_736' title='bbox 1016 5758 1269 5820; x_wconf 83' lang='lat' dir='ltr'><strong>ﬂuitavit,</strong></span> <span class='ocrx_word' id='word_1_737' title='bbox 1301 5774 1555 5812; x_wconf 80' lang='lat' dir='ltr'><strong>successu</strong></span> <span class='ocrx_word' id='word_1_738' title='bbox 1590 5770 1944 5826; x_wconf 73' lang='lat' dir='ltr'><strong>Stratztgctna~</strong></span> 
     </span>
    </p>
   </div>
   <div class='ocr_carea' id='block_1_104' title="bbox 370 5850 1945 5920">
    <p class='ocr_par' dir='ltr' id='par_1_104' title="bbox 370 5850 1945 5920">
     <span class='ocr_line' id='line_1_104' title="bbox 370 5850 1945 5920; baseline -0.004 -12"><span class='ocrx_word' id='word_1_739' title='bbox 370 5855 442 5920; x_wconf 81' lang='lat' dir='ltr'><strong>tis</strong></span> <span class='ocrx_word' id='word_1_740' title='bbox 472 5869 579 5908; x_wconf 76' lang='lat' dir='ltr'><strong>non</strong></span> <span class='ocrx_word' id='word_1_741' title='bbox 602 5854 863 5918; x_wconf 74' lang='lat' dir='ltr'><strong>infausto;</strong></span> <span class='ocrx_word' id='word_1_742' title='bbox 894 5868 1014 5905; x_wconf 89' lang='lat' dir='ltr'><strong>nam</strong></span> <span class='ocrx_word' id='word_1_743' title='bbox 1035 5850 1361 5909; x_wconf 80' lang='lat' dir='ltr'><strong>exstinctum</strong></span> <span class='ocrx_word' id='word_1_744' title='bbox 1389 5866 1512 5905; x_wconf 89' lang='lat' dir='ltr'><strong>cum</strong></span> <span class='ocrx_word' id='word_1_745' title='bbox 1544 5866 1685 5909; x_wconf 88' lang='lat' dir='ltr'><strong>unus</strong></span> <span class='ocrx_word' id='word_1_746' title='bbox 1716 5854 1945 5920; x_wconf 73' lang='lat' dir='ltr'><strong>piseato-</strong></span> 
     </span>
    </p>
   </div>
   <div class='ocr_carea' id='block_1_105' title="bbox 2046 4653 3624 4723">
    <p class='ocr_par' dir='ltr' id='par_1_105' title="bbox 2046 4653 3624 4723">
     <span class='ocr_line' id='line_1_105' title="bbox 2046 4653 3624 4723; baseline -0.002 -15"><span class='ocrx_word' id='word_1_747' title='bbox 2046 4653 2322 4715; x_wconf 88' lang='lat' dir='ltr'><strong>consulit;</strong></span> <span class='ocrx_word' id='word_1_748' title='bbox 2375 4654 2653 4723; x_wconf 84' lang='lat' dir='ltr'><strong>negotium</strong></span> <span class='ocrx_word' id='word_1_749' title='bbox 2706 4654 2854 4723; x_wconf 82' lang='lat' dir='ltr'><strong>quod</strong></span> <span class='ocrx_word' id='word_1_750' title='bbox 2911 4654 3058 4709; x_wconf 81' lang='lat' dir='ltr'><strong>felici</strong></span> <span class='ocrx_word' id='word_1_751' title='bbox 3109 4659 3256 4710; x_wconf 74' lang='lat' dir='ltr'><strong>exitu</strong></span> <span class='ocrx_word' id='word_1_752' title='bbox 3312 4654 3624 4714; x_wconf 84' lang='lat' dir='ltr'><strong>clauditur;</strong></span> 
     </span>
    </p>
   </div>
   <div class='ocr_carea' id='block_1_106' title="bbox 2047 4745 3627 4815">
    <p class='ocr_par' dir='ltr' id='par_1_106' title="bbox 2047 4745 3627 4815">
     <span class='ocr_line' id='line_1_106' title="bbox 2047 4745 3627 4815; baseline -0.002 -16"><span class='ocrx_word' id='word_1_753' title='bbox 2047 4745 2264 4800; x_wconf 89' lang='lat' dir='ltr'><strong>laudem</strong></span> <span class='ocrx_word' id='word_1_754' title='bbox 2298 4759 2419 4814; x_wconf 68' lang='lat' dir='ltr'><strong>qua:</strong></span> <span class='ocrx_word' id='word_1_755' title='bbox 2452 4760 2483 4799; x_wconf 89' lang='lat' dir='ltr'><strong>a</strong></span> <span class='ocrx_word' id='word_1_756' title='bbox 2518 4745 2677 4799; x_wconf 76' lang='lat' dir='ltr'><strong>bonis</strong></span> <span class='ocrx_word' id='word_1_757' title='bbox 2711 4745 2904 4811; x_wconf 88' lang='lat' dir='ltr'><strong>datur;</strong></span> <span class='ocrx_word' id='word_1_758' title='bbox 2939 4746 3243 4815; x_wconf 81' lang='lat' dir='ltr'><strong>principem</strong></span> <span class='ocrx_word' id='word_1_759' title='bbox 3279 4745 3627 4814; x_wconf 69' lang='lat' dir='ltr'><strong>prmsidentia</strong></span> 
     </span>
    </p>
   </div>
   <div class='ocr_carea' id='block_1_107' title="bbox 2048 4835 3623 4905">
    <p class='ocr_par' dir='ltr' id='par_1_107' title="bbox 2048 4835 3623 4905">
     <span class='ocr_line' id='line_1_107' title="bbox 2048 4835 3623 4905; baseline -0.001 -16"><span class='ocrx_word' id='word_1_760' title='bbox 2048 4851 2157 4889; x_wconf 92' lang='lat' dir='ltr'><strong>non</strong></span> <span class='ocrx_word' id='word_1_761' title='bbox 2201 4835 2517 4905; x_wconf 81' lang='lat' dir='ltr'><strong>turgidum;</strong></span> <span class='ocrx_word' id='word_1_762' title='bbox 2560 4835 2787 4889; x_wconf 87' lang='lat' dir='ltr'><strong>divitem</strong></span> <span class='ocrx_word' id='word_1_763' title='bbox 2831 4851 2939 4890; x_wconf 92' lang='lat' dir='ltr'><strong>non</strong></span> <span class='ocrx_word' id='word_1_764' title='bbox 2986 4836 3153 4890; x_wconf 90' lang='lat' dir='ltr'><strong>nimis</strong></span> <span class='ocrx_word' id='word_1_765' title='bbox 3195 4844 3464 4890; x_wconf 84' lang='lat' dir='ltr'><strong>attentum</strong></span> <span class='ocrx_word' id='word_1_766' title='bbox 3510 4836 3623 4897; x_wconf 85' lang='lat' dir='ltr'><strong>rei;</strong></span> 
     </span>
    </p>
   </div>
   <div class='ocr_carea' id='block_1_108' title="bbox 2047 4925 3628 4993">
    <p class='ocr_par' dir='ltr' id='par_1_108' title="bbox 2047 4925 3628 4993">
     <span class='ocr_line' id='line_1_108' title="bbox 2047 4925 3628 4993; baseline -0.003 -12"><span class='ocrx_word' id='word_1_767' title='bbox 2047 4926 2290 4981; x_wconf 84' lang='lat' dir='ltr'><strong>sodalem</strong></span> <span class='ocrx_word' id='word_1_768' title='bbox 2320 4941 2430 4981; x_wconf 92' lang='lat' dir='ltr'><strong>non</strong></span> <span class='ocrx_word' id='word_1_769' title='bbox 2460 4927 2890 4981; x_wconf 87' lang='lat' dir='ltr'><strong>contentiosum.</strong></span> <span class='ocrx_word' id='word_1_770' title='bbox 2922 4925 3133 4981; x_wconf 91' lang='lat' dir='ltr'><strong>Dicitur</strong></span> <span class='ocrx_word' id='word_1_771' title='bbox 3158 4935 3213 4981; x_wconf 91' lang='lat' dir='ltr'><strong>et</strong></span> <span class='ocrx_word' id='word_1_772' title='bbox 3239 4926 3344 4980; x_wconf 89' lang='lat' dir='ltr'><strong>hoc</strong></span> <span class='ocrx_word' id='word_1_773' title='bbox 3372 4925 3534 4993; x_wconf 82' lang='lat' dir='ltr'><strong>vulgo</strong></span> <span class='ocrx_word' id='word_1_774' title='bbox 3563 4940 3628 4977; x_wconf 90' lang='lat' dir='ltr'><strong>ac</strong></span> 
     </span>
    </p>
   </div>
   <div class='ocr_carea' id='block_1_109' title="bbox 2048 5020 3623 5089">
    <p class='ocr_par' dir='ltr' id='par_1_109' title="bbox 2048 5020 3623 5089">
     <span class='ocr_line' id='line_1_109' title="bbox 2048 5020 3623 5089; baseline 0.001 -18"><span class='ocrx_word' id='word_1_775' title='bbox 2048 5033 2177 5073; x_wconf 89' lang='lat' dir='ltr'><strong>vere</strong></span> <span class='ocrx_word' id='word_1_776' title='bbox 2197 5058 2212 5082; x_wconf 89' lang='lat'><strong>,</strong></span> <span class='ocrx_word' id='word_1_777' title='bbox 2247 5020 2548 5089; x_wconf 90' lang='lat' dir='ltr'><strong>optabilius</strong></span> <span class='ocrx_word' id='word_1_778' title='bbox 2576 5035 2697 5075; x_wconf 84' lang='lat' dir='ltr'><strong>esse</strong></span> <span class='ocrx_word' id='word_1_779' title='bbox 2726 5035 2891 5089; x_wconf 89' lang='lat' dir='ltr'><strong>supra</strong></span> <span class='ocrx_word' id='word_1_780' title='bbox 2924 5035 3125 5089; x_wconf 90' lang='lat' dir='ltr'><strong>prunas</strong></span> <span class='ocrx_word' id='word_1_781' title='bbox 3149 5021 3337 5075; x_wconf 78' lang='lat' dir='ltr'><strong>cinere</strong></span> <span class='ocrx_word' id='word_1_782' title='bbox 3365 5027 3588 5088; x_wconf 86' lang='lat' dir='ltr'><strong>opertas</strong></span> <span class='ocrx_word' id='word_1_783' title='bbox 3608 5057 3623 5078; x_wconf 92' lang='lat'><strong>.</strong></span> 
     </span>
    </p>
   </div>
   <div class='ocr_carea' id='block_1_110' title="bbox 2048 5110 3625 5181">
    <p class='ocr_par' dir='ltr' id='par_1_110' title="bbox 2048 5110 3625 5181">
     <span class='ocr_line' id='line_1_110' title="bbox 2048 5110 3625 5181; baseline 0 -18"><span class='ocrx_word' id='word_1_784' title='bbox 2048 5120 2143 5164; x_wconf 88' lang='lat' dir='ltr'><strong>aut</strong></span> <span class='ocrx_word' id='word_1_785' title='bbox 2173 5126 2335 5179; x_wconf 91' lang='lat' dir='ltr'><strong>super</strong></span> <span class='ocrx_word' id='word_1_786' title='bbox 2354 5112 2571 5181; x_wconf 87' lang='lat' dir='ltr'><strong>viperas</strong></span> <span class='ocrx_word' id='word_1_787' title='bbox 2602 5111 2879 5177; x_wconf 88' lang='lat' dir='ltr'><strong>incedere,</strong></span> <span class='ocrx_word' id='word_1_788' title='bbox 2913 5128 3076 5181; x_wconf 87' lang='lat' dir='ltr'><strong>quam</strong></span> <span class='ocrx_word' id='word_1_789' title='bbox 3110 5112 3314 5167; x_wconf 89' lang='lat' dir='ltr'><strong>habere</strong></span> <span class='ocrx_word' id='word_1_790' title='bbox 3343 5110 3397 5166; x_wconf 91' lang='lat' dir='ltr'><strong>in</strong></span> <span class='ocrx_word' id='word_1_791' title='bbox 3425 5122 3625 5164; x_wconf 80' lang='lat' dir='ltr'><strong>contu-</strong></span> 
     </span>
    </p>
   </div>
   <div class='ocr_carea' id='block_1_111' title="bbox 2049 5202 2945 5259">
    <p class='ocr_par' dir='ltr' id='par_1_111' title="bbox 2049 5202 2945 5259">
     <span class='ocr_line' id='line_1_111' title="bbox 2049 5202 2945 5259; baseline 0.003 -3"><span class='ocrx_word' id='word_1_792' title='bbox 2049 5202 2243 5256; x_wconf 90' lang='lat' dir='ltr'><strong>bernio</strong></span> <span class='ocrx_word' id='word_1_793' title='bbox 2276 5202 2625 5258; x_wconf 89' lang='lat' dir='ltr'><strong>insidiantem</strong></span> <span class='ocrx_word' id='word_1_794' title='bbox 2658 5205 2781 5258; x_wconf 71' lang='lat' dir='ltr'><strong>vita:</strong></span> <span class='ocrx_word' id='word_1_795' title='bbox 2812 5219 2945 5259; x_wconf 68' lang='lat' dir='ltr'><strong>suae.</strong></span> 
     </span>
    </p>
   </div>
   <div class='ocr_carea' id='block_1_112' title="bbox 2124 5291 3625 5362">
    <p class='ocr_par' dir='ltr' id='par_1_112' title="bbox 2124 5291 3625 5362">
     <span class='ocr_line' id='line_1_112' title="bbox 2124 5291 3625 5362; baseline 0.001 -17"><span class='ocrx_word' id='word_1_796' title='bbox 2124 5291 2264 5346; x_wconf 64' lang='lat' dir='ltr'><strong>XIX.</strong></span> <span class='ocrx_word' id='word_1_797' title='bbox 2310 5292 2433 5346; x_wconf 72' lang='lat' dir='ltr'><strong>llaec</strong></span> <span class='ocrx_word' id='word_1_798' title='bbox 2470 5307 2665 5362; x_wconf 85' lang='lat' dir='ltr'><strong>magno</strong></span> <span class='ocrx_word' id='word_1_799' title='bbox 2697 5293 2896 5347; x_wconf 90' lang='lat' dir='ltr'><strong>ardore</strong></span> <span class='ocrx_word' id='word_1_800' title='bbox 2931 5294 3294 5349; x_wconf 85' lang='lat' dir='ltr'><strong>disserentem</strong></span> <span class='ocrx_word' id='word_1_801' title='bbox 3323 5292 3625 5361; x_wconf 80' lang='lat' dir='ltr'><strong>Vestigato-</strong></span> 
     </span>
    </p>
   </div>
   <div class='ocr_carea' id='block_1_113' title="bbox 2050 5385 3626 5454">
    <p class='ocr_par' dir='ltr' id='par_1_113' title="bbox 2050 5385 3626 5454">
     <span class='ocr_line' id='line_1_113' title="bbox 2050 5385 3626 5454; baseline 0.001 -16"><span class='ocrx_word' id='word_1_802' title='bbox 2050 5402 2164 5439; x_wconf 91' lang='lat' dir='ltr'><strong>rem</strong></span> <span class='ocrx_word' id='word_1_803' title='bbox 2200 5385 2419 5440; x_wconf 90' lang='lat' dir='ltr'><strong>intuens</strong></span> <span class='ocrx_word' id='word_1_804' title='bbox 2452 5385 2661 5454; x_wconf 89' lang='lat' dir='ltr'><strong>placide</strong></span> <span class='ocrx_word' id='word_1_805' title='bbox 2694 5386 2780 5441; x_wconf 91' lang='lat' dir='ltr'><strong>leo</strong></span> <span class='ocrx_word' id='word_1_806' title='bbox 2814 5402 2828 5443; x_wconf 86' lang='lat'><strong>:</strong></span> <span class='ocrx_word' id='word_1_807' title='bbox 2862 5386 3381 5441; x_wconf 85' lang='lat' dir='ltr'><strong>Benevolentissimc</strong></span> <span class='ocrx_word' id='word_1_808' title='bbox 3414 5396 3468 5440; x_wconf 91' lang='lat' dir='ltr'><strong>tu</strong></span> <span class='ocrx_word' id='word_1_809' title='bbox 3498 5385 3626 5454; x_wconf 87' lang='lat' dir='ltr'><strong>qui-</strong></span> 
     </span>
    </p>
   </div>
   <div class='ocr_carea' id='block_1_114' title="bbox 2049 5479 3623 5548">
    <p class='ocr_par' dir='ltr' id='par_1_114' title="bbox 2049 5479 3623 5548">
     <span class='ocr_line' id='line_1_114' title="bbox 2049 5479 3623 5548; baseline 0.001 -17"><span class='ocrx_word' id='word_1_810' title='bbox 2049 5480 2194 5541; x_wconf 79' lang='lat' dir='ltr'><strong>dem,</strong></span> <span class='ocrx_word' id='word_1_811' title='bbox 2222 5481 2317 5539; x_wconf 88' lang='lat' dir='ltr'><strong>ait,</strong></span> <span class='ocrx_word' id='word_1_812' title='bbox 2347 5493 2535 5531; x_wconf 88' lang='lat' dir='ltr'><strong>verum</strong></span> <span class='ocrx_word' id='word_1_813' title='bbox 2566 5479 2737 5533; x_wconf 84' lang='lat' dir='ltr'><strong>cruda</strong></span> <span class='ocrx_word' id='word_1_814' title='bbox 2764 5480 3013 5548; x_wconf 58' lang='lat' dir='ltr'><strong>quasdam</strong></span> <span class='ocrx_word' id='word_1_815' title='bbox 3044 5488 3098 5533; x_wconf 88' lang='lat' dir='ltr'><strong>et</strong></span> <span class='ocrx_word' id='word_1_816' title='bbox 3128 5480 3317 5535; x_wconf 81' lang='lat' dir='ltr'><strong>auditu</strong></span> <span class='ocrx_word' id='word_1_817' title='bbox 3350 5479 3485 5533; x_wconf 89' lang='lat' dir='ltr'><strong>dura</strong></span> <span class='ocrx_word' id='word_1_818' title='bbox 3522 5480 3623 5533; x_wconf 82' lang='lat' dir='ltr'><strong>ista</strong></span> 
     </span>
    </p>
   </div>
   <div class='ocr_carea' id='block_1_115' title="bbox 2051 5566 3621 5632">
    <p class='ocr_par' dir='ltr' id='par_1_115' title="bbox 2051 5566 3621 5632">
     <span class='ocr_line' id='line_1_115' title="bbox 2051 5566 3621 5632; baseline 0.001 -10"><span class='ocrx_word' id='word_1_819' title='bbox 2051 5583 2341 5623; x_wconf 86' lang='lat' dir='ltr'><strong>memoras.</strong></span> <span class='ocrx_word' id='word_1_820' title='bbox 2380 5566 2486 5622; x_wconf 75' lang='lat' dir='ltr'><strong>Sed</strong></span> <span class='ocrx_word' id='word_1_821' title='bbox 2522 5568 2716 5623; x_wconf 86' lang='lat' dir='ltr'><strong>demus</strong></span> <span class='ocrx_word' id='word_1_822' title='bbox 2750 5571 2821 5625; x_wconf 86' lang='lat' dir='ltr'><strong>ita</strong></span> <span class='ocrx_word' id='word_1_823' title='bbox 2857 5587 2977 5625; x_wconf 79' lang='lat' dir='ltr'><strong>esse</strong></span> <span class='ocrx_word' id='word_1_824' title='bbox 3013 5570 3081 5625; x_wconf 90' lang='lat' dir='ltr'><strong>de</strong></span> <span class='ocrx_word' id='word_1_825' title='bbox 3134 5581 3317 5632; x_wconf 87' lang='lat' dir='ltr'><strong>tauro,</strong></span> <span class='ocrx_word' id='word_1_826' title='bbox 3354 5579 3412 5623; x_wconf 90' lang='lat' dir='ltr'><strong>ut</strong></span> <span class='ocrx_word' id='word_1_827' title='bbox 3447 5567 3621 5624; x_wconf 84' lang='lat' dir='ltr'><strong>refers</strong></span> 
     </span>
    </p>
   </div>
   <div class='ocr_carea' id='block_1_116' title="bbox 2053 5661 3625 5732">
    <p class='ocr_par' dir='ltr' id='par_1_116' title="bbox 2053 5661 3625 5732">
     <span class='ocr_line' id='line_1_116' title="bbox 2053 5661 3625 5732; baseline 0.001 -20"><span class='ocrx_word' id='word_1_828' title='bbox 2053 5671 2231 5717; x_wconf 86' lang='lat' dir='ltr'><strong>tamen</strong></span> <span class='ocrx_word' id='word_1_829' title='bbox 2266 5661 2558 5719; x_wconf 79' lang='lat' dir='ltr'><strong>herbivora</strong></span> <span class='ocrx_word' id='word_1_830' title='bbox 2591 5663 2761 5718; x_wconf 80' lang='lat' dir='ltr'><strong>bestia</strong></span> <span class='ocrx_word' id='word_1_831' title='bbox 2789 5664 2917 5732; x_wconf 86' lang='lat' dir='ltr'><strong>quid</strong></span> <span class='ocrx_word' id='word_1_832' title='bbox 2949 5679 3146 5717; x_wconf 86' lang='lat' dir='ltr'><strong>nocere</strong></span> <span class='ocrx_word' id='word_1_833' title='bbox 3177 5663 3307 5718; x_wconf 87' lang='lat' dir='ltr'><strong>mihi</strong></span> <span class='ocrx_word' id='word_1_834' title='bbox 3337 5662 3625 5719; x_wconf 88' lang='lat' dir='ltr'><strong>carnivoro</strong></span> 
     </span>
    </p>
   </div>
   <div class='ocr_carea' id='block_1_117' title="bbox 2052 5752 3622 5826">
    <p class='ocr_par' dir='ltr' id='par_1_117' title="bbox 2052 5752 3622 5826">
     <span class='ocr_line' id='line_1_117' title="bbox 2052 5752 3622 5826; baseline -0.003 -19"><span class='ocrx_word' id='word_1_835' title='bbox 2052 5756 2289 5823; x_wconf 70' lang='lat' dir='ltr'><strong>poterit?</strong></span> <span class='ocrx_word' id='word_1_836' title='bbox 2324 5754 2525 5807; x_wconf 83' lang='lat' dir='ltr'><strong>Natura</strong></span> <span class='ocrx_word' id='word_1_837' title='bbox 2564 5756 2714 5809; x_wconf 89' lang='lat' dir='ltr'><strong>illum</strong></span> <span class='ocrx_word' id='word_1_838' title='bbox 2754 5773 2885 5811; x_wconf 77' lang='lat' dir='ltr'><strong>mete</strong></span> <span class='ocrx_word' id='word_1_839' title='bbox 2919 5756 3056 5826; x_wconf 74' lang='lat' dir='ltr'><strong>gula:</strong></span> <span class='ocrx_word' id='word_1_840' title='bbox 3093 5756 3408 5825; x_wconf 84' lang='lat' dir='ltr'><strong>vectigalem</strong></span> <span class='ocrx_word' id='word_1_841' title='bbox 3443 5752 3573 5806; x_wconf 83' lang='lat' dir='ltr'><strong>fecit</strong></span> <span class='ocrx_word' id='word_1_842' title='bbox 3609 5769 3622 5803; x_wconf 87' lang='lat'><strong>:</strong></span> 
     </span>
    </p>
   </div>
   <div class='ocr_carea' id='block_1_118' title="bbox 2051 5843 3625 5919">
    <p class='ocr_par' dir='ltr' id='par_1_118' title="bbox 2051 5843 3625 5919">
     <span class='ocr_line' id='line_1_118' title="bbox 2051 5843 3625 5919; baseline -0.002 -24"><span class='ocrx_word' id='word_1_843' title='bbox 2051 5864 2169 5919; x_wconf 65' lang='lat' dir='ltr'><strong>ego,</strong></span> <span class='ocrx_word' id='word_1_844' title='bbox 2215 5848 2317 5901; x_wconf 85' lang='lat' dir='ltr'><strong>nisi</strong></span> <span class='ocrx_word' id='word_1_845' title='bbox 2360 5847 2569 5905; x_wconf 83' lang='lat' dir='ltr'><strong>lactuca</strong></span> <span class='ocrx_word' id='word_1_846' title='bbox 2616 5850 2737 5907; x_wconf 85' lang='lat' dir='ltr'><strong>tiam</strong></span> <span class='ocrx_word' id='word_1_847' title='bbox 2778 5860 2871 5906; x_wconf 85' lang='lat' dir='ltr'><strong>aut</strong></span> <span class='ocrx_word' id='word_1_848' title='bbox 2914 5850 3107 5911; x_wconf 84' lang='lat' dir='ltr'><strong>malva,</strong></span> <span class='ocrx_word' id='word_1_849' title='bbox 3148 5852 3339 5904; x_wconf 79' lang='lat' dir='ltr'><strong>dentes</strong></span> <span class='ocrx_word' id='word_1_850' title='bbox 3380 5844 3523 5899; x_wconf 85' lang='lat' dir='ltr'><strong>illius</strong></span> <span class='ocrx_word' id='word_1_851' title='bbox 3559 5843 3625 5903; x_wconf 64' lang='lat' dir='ltr'><strong>ti.</strong></span> 
     </span>
    </p>
   </div>
  </div>
