4016 6528
424 435 560 503 1207

1825 437 2241 503 APPENDIX.

3553 428 3698 497 1208

423 573 574 614 mere
606 557 937 633 nondebeo.
971 557 1067 614 llic
1093 560 1403 627 Vestigator
1438 574 1450 611 :
1479 557 1557 613 Nc
1584 572 1754 622 erres,
1784 555 1984 628 inquit,
2016 558 2063 615 Α
2093 553 2395 625 praeferens
2434 550 2866 609 moestitudinem
2900 549 3083 604 vultus
3120 555 3174 602 et
3213 545 3413 602 indicia
3454 550 3689 615 aegritu-

428 645 672 709 damine,
713 646 855 700 haud
904 648 1131 702 solidam
1182 647 1349 703 habet
1399 648 1569 702 basim
1619 647 1719 702 ista
1768 645 1991 702 fiducia.

428 733 584 789 Ultro
624 734 798 788 fateor
833 744 1047 789 taurum
1090 750 1189 805 per
1222 751 1281 791 se
1321 736 1466 790 haud
1533 736 1789 792 idoneum
1827 736 1895 790 ad
1938 743 1993 791 te

427 825 828 881 deturbandum
858 842 980 882 esse
1006 844 1020 882 :
1049 842 1236 883 verum
1264 828 1409 897 quod
1441 843 1539 897 per
1564 844 1621 883 se
1648 843 1754 882 non
1786 830 1993 898 potest,

427 931 526 985 per
558 917 696 973 alios
735 918 930 982 faciet;
968 928 1062 973 aut
1103 920 1169 973 de
1212 919 1479 974 industria
1519 920 1796 973 concitans
1841 918 1895 972 iu
1939 926 1991 974 te

423 1010 709 1077 populum.
736 1019 830 1064 aut
853 1010 1196 1065 occasionem
1226 1010 1508 1065 rebellioni
1538 1011 1805 1080 praebens,
1833 1009 1993 1064 odio-

423 1114 545 1152 sum
596 1106 648 1153 te
698 1099 1002 1153 reddendo.
1053 1098 1209 1154 Sicut
1258 1098 1551 1167 aliquando
1601 1099 1764 1166 pulex
1812 1098 1993 1152 acrius

423 1203 674 1258 pungcns
714 1169 1275 1257 sopitum‘homiuem
1318 1204 1481 1244 causa
1525 1188 1791 1258 pereundi
1838 1188 1993 1257 pedi-

424 1278 550 1332 rulo
586 1279 691 1333 fuit
726 1282 881 1348 juxta
924 1280 1100 1350 ipsum
1140 1280 1441 1335 modestius
1479 1296 1545 1335 ex
1582 1280 1778 1335 eodem
1824 1279 1993 1333 ubere

421 1373 659 1439 augenti.
694 1370 1011 1440 Experrecti
1047 1374 1194 1426 enim
1232 1386 1426 1425 manus
1459 1387 1525 1425 eo
1559 1384 1852 1425 accurrens
1885 1386 1994 1439 quo

424 1475 620 1514 sensus
652 1459 859 1515 doloris
893 1460 1083 1524 traxit,
1122 1460 1357 1529 pulicem
1394 1459 1614 1529 quidem
1649 1459 1818 1514 celeri
1852 1460 1991 1512 saltu

421 1551 729 1606 evolantem
769 1550 1052 1620 corripere
1089 1566 1197 1604 non
1239 1550 1439 1619 potuit,
1475 1551 1643 1604 alium
1688 1550 1838 1604 illum
1884 1558 1994 1602 tar-

422 1640 657 1700 diorem.
686 1656 788 1695 nec
815 1657 1030 1696 morsus
1056 1656 1310 1696 somnum
1336 1643 1667 1697 excutientis
1689 1652 1993 1702 auctorem,

419 1734 610 1789 aliena.
645 1732 858 1802 injuria:
890 1733 1105 1803 piaculo
1135 1734 1411 1787 mactavit.
1444 1734 1501 1787 lu
1535 1750 1745 1787 summa
1775 1733 1855 1787 sic
1884 1732 1998 1786 col-

421 1826 530 1894 ligo
568 1844 583 1878 :
626 1825 992 1895 peregrinanti
1029 1841 1129 1895 per
1162 1827 1399 1896 ignotam
1437 1826 1716 1896 regionem
1749 1824 1997 1880 certissi-

422 1917 529 1975 tuis
557 1918 883 1987 pignoribus
915 1917 1120 1973 debere
1153 1926 1407 1973 constare
1440 1917 1510 1971 de
1550 1917 1654 1970 fide
1688 1933 1751 1971 ac
1785 1916 1998 1971 sincera

422 2010 803 2067 benevolentia
830 2010 952 2080 ejus
980 2011 1070 2065 cui
1096 2025 1156 2065 se
1183 2009 1521 2063 duetandum
1556 2011 1740 2064 tradit.
1766 2011 2003 2064 Persua-

421 2116 518 2157 sus
549 2102 636 2157 his
665 2101 1013 2159 sermonibus
1039 2101 1127 2156 leo
1157 2119 1172 2155 :
1203 2101 1343 2168 Quid
1376 2101 1565 2170 igitur,
1599 2101 1799 2171 inquit,
1832 2115 2002 2171 agen-

421 2191 553 2247 dum
597 2193 715 2247 est?
759 2192 859 2248 Cui
901 2193 1210 2262 Vestigator
1256 2211 1271 2247 :
1317 2193 1464 2249 Dens
1504 2193 1848 2262 putrefactus
1890 2207 2000 2246 non

420 2284 582 2345 aliter
617 2285 802 2339 curari
837 2300 1001 2353 quam
1035 2285 1320 2339 evulsione
1356 2293 1556 2353 potest,
1588 2295 1646 2338 et
1680 2283 1838 2339 cibus
1872 2298 2001 2337 cor-

423 2386 621 2447 ruptus
663 2392 900 2445 gravans
942 2377 1311 2441 stomachum,
1354 2377 1461 2434 nisi
1512 2378 1715 2430 vomitu
1760 2377 2001 2447 ejicitur,

423 2467 646 2522 occidit.
683 2468 867 2523 Dicam
908 2467 1076 2536 igitur
1108 2477 1289 2532 tauro,
1324 2470 1411 2522 leo
1450 2469 1645 2538 inquit,
1684 2478 1744 2521 ut
1783 2470 2003 2522 recedat

425 2576 538 2630 quo
571 2561 787 2615 libitum
820 2560 1008 2614 fuerit.
1042 2561 1257 2628 Apage,
1288 2559 1363 2613 ait
1389 2559 1697 2627 Vestigator
1726 2564 2001 2628 (metuens

426 2669 496 2707 ne
525 2667 822 2721 congressu
861 2651 999 2705 tauri
1026 2666 1150 2705 cum
1177 2651 1337 2705 leone
1362 2666 1459 2704 sua
1484 2651 1689 2705 malitia
1716 2652 2000 2720 detegere-

430 2746 565 2811 tur),
588 2760 725 2799 cave
751 2742 965 2797 feceris.
999 2742 1090 2795 Ille
1114 2742 1320 2809 quippe
1351 2742 1441 2796 tali
1474 2753 1566 2796 tuo
1589 2757 1843 2796 sermone
1872 2758 1997 2796 scn-

432 2838 574 2894 tiens
611 2836 922 2894 sulmiuisse
962 2834 1061 2890 tibi
1100 2834 1382 2904 quidpiam
1422 2835 1490 2888 de
1526 2834 1745 2889 areanis
1782 2837 1903 2901 ejus
1944 2837 1996 2890 in

429 2940 480 2990 te
527 2930 944 2994 moiitiouibus,
981 2928 1297 2996 properabit
1336 2929 1560 2997 exsequi
1603 2928 1753 2999 quod
1794 2929 1995 2984 sensim

429 3022 842 3078 machinabatur
890 3039 903 3077 :
947 3037 1071 3091 quas
1114 3036 1277 3075 causa
1319 3021 1764 3089 prudentissimis
1808 3038 1995 3090 regum

427 3124 532 3177 est,
564 3113 781 3181 publice
808 3113 1030 3182 quidem
1064 3112 1326 3181 puniendi
1359 3113 1537 3181 palam
1565 3114 1848 3167 convictos
1878 3130 1997 3169 sce-

2098 646 2242 701 dinis
2285 646 2540 715 ingentis.
2581 642 2808 713 Excepit
2850 640 3005 697 illum
3044 655 3147 710 pro
3188 640 3357 694 veteri
3399 638 3673 701 amicitia,

2096 752 2228 793 sane
2264 734 2631 800 familiariter,
2670 733 2809 789 nihil
2848 732 3060 788 sinistri
3095 731 3386 801 suspicans
3426 738 3620 784 taurus
3666 748 3684 784 :

2099 828 2282 883 licus!
2308 836 2386 892 tu,
2410 825 2688 896 inquiens,
2715 838 2749 880 o
2773 825 2939 887 bone,
2965 821 3061 876 ubi
3090 830 3301 876 tantum
3329 835 3391 875 es
3414 819 3694 873 moratus?

2095 921 2356 976 saeculum
2390 926 2475 975 est
2506 934 2573 973 ex
2608 933 2718 988 quo
2752 916 2986 971 invicem
3021 930 3131 969 non
3162 913 3443 978 vidimus;
3478 911 3576 965 sed
3613 926 3687 964 eo

2097 1028 2182 1067 me
2231 1012 2486 1067 consolor
2533 1011 2677 1080 quod
2728 1017 3093 1079 qutestuosam
3145 1004 3242 1061 tibi
3290 1004 3462 1059 fuisse
3513 1015 3688 1057 morae

2095 1118 2315 1159 causam
2345 1117 2526 1173 spero.
2554 1101 2648 1157 Dic
2677 1099 2871 1170 agesis.
2898 1097 3030 1167 quid
3055 1095 3125 1150 ab
3153 1095 3348 1150 ultimo
3373 1107 3679 1163 congressu

2098 1205 2288 1250 nostro
2327 1194 2574 1248 lucratus
2612 1192 2740 1247 boni
2790 1189 2892 1245 es?
2928 1188 3009 1241 Ad
3050 1202 3116 1242 ea
3147 1185 3481 1269 Vestigator,
3524 1181 3687 1238 nullo

2097 1287 2272 1341 arrisu
2299 1284 2574 1339 tristitiam
2612 1292 2956 1350 temperans:
2989 1278 3125 1333 Nam
3161 1276 3292 1346 quid
3315 1316 3330 1340 ,
3361 1275 3461 1341 ait,
3496 1281 3685 1344 potest

2101 1377 2227 1432 boui
2260 1376 2579 1444 contingere
2612 1372 2902 1428 arbitrium
2937 1369 3021 1424 sui
3058 1382 3165 1423 non
3203 1366 3448 1431 babenti,
3483 1363 3582 1419 sed
3614 1378 3681 1416 ex

2099 1466 2306 1522 domini
2337 1467 2643 1535 arrogantis
2668 1470 2724 1517 et
2754 1461 2906 1515 infidi
2940 1470 3076 1515 nutu
3107 1458 3346 1513 instabili
3381 1468 3689 1525 suspensas

2101 1561 2223 1613 vitae
2245 1574 2307 1613 ac
2329 1565 2506 1612 status
2529 1556 2728 1610 misere
2755 1551 2994 1607 trahenti
3019 1549 3294 1605 rationes?
3319 1547 3467 1602 Bona
3492 1545 3687 1607 verba,

2102 1664 2293 1705 taurus
2334 1649 2555 1717 inquit;
2603 1663 2670 1701 an
2714 1659 2907 1715 passus
2943 1659 3004 1698 es
3041 1639 3248 1710 aliquid
3288 1638 3437 1710 quod
3478 1636 3693 1692 nolles?

2099 1744 2199 1797 ede
2234 1741 2366 1810 quid
2400 1756 2557 1793 novae
2591 1738 2667 1791 rei
2703 1745 2806 1791 est.
2835 1736 2935 1789 Hic
2967 1733 3273 1805 Vestigator
3302 1748 3317 1783 :
3346 1729 3480 1796 Quis
3510 1727 3690 1781 vitare

2101 1845 2268 1903 queat
2307 1833 2458 1889 fatali
2503 1832 2832 1886 necessitate
2882 1830 3145 1897 ingruens
3188 1825 3414 1887 malum,
3450 1829 3551 1877 aut
3591 1820 3686 1876 cui

2108 1928 2299 1982 aulica:
2341 1924 2625 1981 servitutis
2667 1924 2721 1977 in
2766 1922 3034 1990 obsequio
3082 1918 3393 1990 principum
3443 1911 3692 1969 trahenti

2104 2019 2319 2089 jugum.
2350 2031 2459 2072 non
2495 2016 2680 2070 evenit
2715 2013 2974 2083 denique,
3008 2012 3129 2065 vice
3165 2006 3375 2078 praemii
3410 2006 3692 2067 laborum,

2106 2111 2301 2179 ingens
2340 2108 2664 2165 calamitas?
2704 2106 2836 2160 Nam
2883 2105 2973 2159 isti
3019 2101 3243 2171 superbi
3286 2096 3533 2157 domini,
3573 2092 3695 2150 suis

2106 2203 2267 2259 unice
2295 2201 2495 2257 intenti
2525 2198 2831 2255 commodis
2850 2238 2864 2263 ,
2893 2197 3031 2251 alios
3060 2196 3305 2261 aliosque
3333 2190 3689 2245 subditorum

2103 2297 2500 2366 experiuntur;
2539 2307 2747 2361 eosque
2788 2290 2880 2344 ubi
2918 2304 2985 2343 ex
3024 2289 3104 2343 eis
3150 2281 3500 2357 perceperint
3537 2278 3689 2349 quod

2097 2392 2273 2460 juvat,
2309 2389 2542 2443 miseros
2573 2385 2973 2441 obliviscuntur
3000 2381 3354 2453 abjectosque
3390 2380 3686 2446 spernunt,

2104 2480 2243 2535 nihil
2271 2478 2427 2548 pensi
2458 2478 2747 2543 habentes,
2778 2475 2917 2529 male
2944 2488 3011 2526 an
3044 2474 3182 2526 bene
3212 2478 3406 2540 agatur
3428 2480 3554 2520 cum
3587 2462 3690 2517 mi-

2106 2572 2293 2628 nistris
2320 2571 2619 2632 veteribus,
2648 2569 2778 2623 dum
2813 2566 2936 2621 novi
2968 2571 3261 2633 suppetant
3291 2560 3384 2629 qui
3417 2571 3547 2613 suas
3580 2554 3690 2609 illis

2102 2664 2399 2719 conficiant
2451 2662 2795 2731 voluptates;
2853 2657 3061 2712 similes
3113 2654 3469 2707 meretricum
3522 2646 3686 2700 inex-

2102 2757 2259 2825 pleta:
2285 2753 2550 2815 libidinis,
2578 2767 2700 2822 qua:
2724 2752 2859 2804 alios
2883 2758 3048 2817 atque
3071 2746 3226 2808 alios,
3256 2740 3515 2796 fastiditis
3539 2752 3688 2793 sem-

2103 2863 2201 2917 per
2243 2846 2542 2919 prioribus,
2587 2852 2860 2899 amatores
2904 2848 3202 2911 appetunt;
3251 2843 3347 2890 aut
3390 2831 3684 2901 magistro.

2100 2958 2221 2995 rum
2251 2956 2472 3012 operam
2502 2937 2733 2992 docendi
2762 2937 3013 2989 mercede
3037 2929 3417 2990 vendentium,
3443 2938 3682 2994 quorum

2100 3050 2269 3087 unmn
2299 3041 2483 3085 votum
2512 3041 2592 3082 est
2622 3029 2843 3097 plenum
2874 3025 3061 3079 videre
3089 3021 3278 3076 ludum
3311 3017 3513 3072 aflluxu
3542 3028 3688 3075 pra:-

2099 3130 2434 3178 textato‘rum
2470 3119 2735 3173 minerva!
2769 3116 3085 3180 ferentium,
3122 3107 3491 3167 securissimis
3516 3104 3679 3172 ipsis;

428 3205 642 3269 lerunt,
694 3213 1009 3272 compertos
1058 3213 1243 3259 autem
1298 3204 1596 3259 coitiouum
1650 3207 1989 3262 occultarum
2022 3230 2067 3291 ρ
2103 3214 2390 3285 proﬁciant
2433 3227 2606 3267 necne
2648 3209 2837 3281 pueri,
2874 3214 2968 3261 aut
3004 3203 3229 3259 omnino
3269 3198 3401 3269 quid
3441 3195 3511 3250 iis
3550 3195 3685 3258 fiat,

428 3298 568 3353 clam
645 3298 714 3351 de
766 3297 946 3352 medio
998 3298 1244 3351 tollendi.
1294 3299 1492 3366 Atqui,
1540 3301 1825 3369 respondit
1894 3305 2001 3369 leo,

430 3384 688 3465 princeps
711 3389 804 3453 qui
831 3401 894 3440 ex
923 3386 1236 3454 suspicione
1263 3388 1593 3456 supplicium
1623 3401 2001 3459 repraesentat,

430 3479 475 3532 si
526 3488 714 3545 postea
759 3478 1039 3532 enotuerit
1086 3477 1207 3532 sine
1257 3494 1421 3533 causa
1467 3492 1785 3547 suspectum
1833 3484 2004 3540 fuisse

430 3584 595 3637 quem
628 3571 767 3624 male
799 3571 1143 3634 multaverit,
1197 3586 1445 3640 magnam
1493 3573 1770 3643 injustitia:
1797 3575 2004 3630 subibit

435 3661 716 3717 invidiam.
751 3663 829 3717 Ne
866 3665 1114 3719 timueris
1148 3665 1253 3720 hoc
1285 3666 1506 3735 quidem
1528 3706 1544 3730 ,
1576 3671 1792 3737 reponit
1820 3669 2000 3723 Vestio

433 3767 620 3825 gator;
649 3764 758 3810 tam
787 3755 954 3811 certis
981 3757 1129 3811 enim
1160 3756 1379 3812 indiciis
1413 3758 1554 3812 tauri
1589 3760 1848 3814 malitiam
1882 3777 2004 3829 per-

432 3848 653 3917 spicies.
688 3856 747 3903 ut
782 3849 1086 3917 periculum
1120 3851 1330 3904 nullum
1364 3851 1437 3904 sit
1469 3867 1537 3906 ne
1573 3853 1619 3906 is
1653 3852 2003 3913 circumven-

435 3947 527 3991 tus
574 3953 673 4006 per
719 3940 1047 3993 calumniam
1097 3941 1271 3995 videri
1322 3941 1579 4011 cuiquam
1628 3944 1820 4012 possit.
1858 3942 2001 3999 Voca

436 4030 600 4084 modo
628 4029 778 4084 illum
809 4039 864 4084 et
891 4030 1128 4085 observa
1156 4041 1325 4086 nutus
1349 4033 1472 4103 ejus
1500 4033 1837 4101 ohtutusque
1865 4051 1880 4088 :
1909 4035 2005 4090 de-

436 4121 742 4187 prehendes
765 4121 915 4175 vultu
943 4123 1227 4190 pallidum,
1253 4131 1574 4179 trementem
1601 4125 1729 4180 totis
1750 4125 1999 4192 artubus,

437 4212 649 4271 incerto
678 4213 809 4269 laeva
839 4214 1139 4282 dextraque
1170 4213 1571 4282 circumspectu
1590 4253 1606 4279 ,
1640 4223 1792 4270 motu
1819 4215 2001 4270 inten-

435 4315 604 4375 tuque
636 4319 902 4359 cornuum
939 4312 1149 4358 tantum
1185 4319 1296 4358 non
1331 4304 1477 4359 clare
1511 4305 1834 4374 prodentem
1869 4308 2000 4377 quid

436 4394 658 4450 sceleris
687 4396 871 4449 animo
902 4393 1191 4461 parturiat.
1222 4392 1278 4448 Si
1309 4393 1424 4448 haec
1451 4408 1574 4464 quae
1598 4395 1757 4461 dicis,
1786 4397 1861 4452 ait
1892 4397 1999 4463 leo,

434 4486 587 4553 signa
631 4485 865 4548 videam,
908 4485 1123 4552 plenam
1164 4484 1329 4539 fidem
1368 4485 1603 4551 tribuam
1643 4487 1831 4541 verbis
1870 4488 1997 4542 tuis.

437 4575 662 4630 Volebat
685 4576 768 4629 his
783 4575 984 4630 auditis
1007 4576 1310 4646 Vestigator
1343 4577 1493 4631 adire
1527 4586 1745 4631 taurum
1782 4578 1847 4630 ad
1885 4578 1970 4633 dis
2037 4563 2081 4619 υ

442 4668 753 4737 ponendum
787 4682 913 4721 cum
975 4676 1140 4736 prout
1166 4681 1308 4736 opus
1332 4677 1469 4733 erat,
1497 4667 1712 4735 injectis
1741 4668 2009 4737 suspicio-

440 4760 605 4813 nibus
634 4768 691 4814 et
717 4758 830 4813 odii
860 4758 1165 4813 seminibus
1196 4758 1248 4812 in
1279 4759 1531 4823 leonem;
1563 4759 1658 4814 sed
1692 4760 1795 4814 hoc
1826 4761 2006 4814 facere

439 4851 557 4905 sine
597 4850 933 4905 conscientia
968 4865 1347 4919 consensuque
1380 4851 1555 4904 leonis
1588 4865 1697 4904 non
1733 4851 2003 4916 audebat,

439 4959 506 4996 ne
550 4942 686 4996 forte
719 4942 938 4996 aliunde
972 4942 1322 4997 innotescens
1358 4941 1435 4999 illi
1468 4942 1866 4996 clandestinum
1908 4944 2005 4996 de-

440 5034 634 5118 latoris
661 5049 788 5089 eum
816 5034 1001 5089 delato
1030 5034 1390 5102 colloquium,
1419 5032 1630 5087 fraudis
1658 5049 1723 5087 ac
1752 5035 2010 5089 collusio-

443 5128 530 5182 nis
577 5128 722 5182 inter
768 5127 916 5196 ipsos
963 5126 1331 5196 suspicionem
1381 5135 1657 5189 moveret,
1704 5134 1801 5181 aut
1847 5127 2006 5180 aliam

438 5218 681 5288 aliquam
732 5217 874 5271 viam
929 5217 1192 5285 panderet
1243 5216 1459 5271 technis
1507 5216 1727 5271 artificii
1784 5217 2005 5288 maligni

439 5308 776 5379 detegendis.
799 5308 888 5363 Ait
929 5309 1095 5379 igitur
1136 5309 1299 5364 nimis
1337 5310 1561 5364 credulo
1596 5310 1741 5365 leoni
1788 5328 1801 5364 :
1842 5311 2006 5378 Quin,

441 5402 696 5464 domine,
733 5401 777 5456 si
808 5401 997 5472 jubes,
1030 5402 1353 5456 conveniam
1386 5417 1487 5472 ego
1521 5402 1637 5471 ipse
1671 5404 2005 5458 machinato-

441 5507 559 5547 rem
593 5492 847 5547 fraudum
868 5532 883 5557 ,
917 5494 1369 5563 observaboque,
1402 5505 1458 5549 et
1489 5494 1705 5549 eliciam
1740 5495 1879 5551 forte
1912 5496 2007 5549 ali-

440 5589 589 5656 quod
640 5586 905 5641 indicium
962 5586 1340 5643 abstrusorum
1393 5588 1512 5656 ejus
1565 5602 1846 5642 sensuum.
1897 5589 2008 5658 Age

439 5694 593 5736 uane.
641 5678 818 5746 inquit
863 5678 971 5742 leo,
1014 5678 1401 5747 explorataque
1445 5679 1511 5733 ad
1562 5694 1660 5733 nos
1703 5680 1846 5733 refer
1886 5697 2008 5751 qua:

442 5768 890 5833 deprehenderis.

518 5859 611 5921 XX
670 5860 781 5915 Sub
809 5861 924 5915 hzec
950 5861 1080 5915 adiit
1109 5862 1408 5925 Vcst‘gator
1437 5869 1670 5927 taurum,
1700 5861 2006 5918 affectatum

2115 3306 2209 3360 ubi
2243 3302 2575 3359 recesserint
2606 3299 2913 3356 mercedula
2949 3302 3252 3351 numerata.
3287 3290 3411 3344 Haec
3442 3286 3518 3341 ita
3547 3299 3687 3341 con-

2108 3398 2341 3452 fidenter
2366 3408 2549 3449 tecum
2581 3393 2802 3447 fabulor
2830 3390 3003 3445 fretus
3030 3385 3203 3441 veteri
3237 3380 3479 3437 amicitia
3504 3420 3518 3444 ,
3549 3385 3609 3432 et
3636 3375 3685 3430 si

2104 3489 2291 3543 dicere
2324 3501 2410 3540 me
2441 3487 2595 3549 sinis,
2624 3480 2959 3538 conscientia
2992 3475 3241 3533 benevoli
3274 3471 3459 3536 officii,
3490 3484 3602 3539 quo
3630 3478 3686 3523 to

2107 3581 2159 3633 iu
2192 3579 2367 3633 leonis
2394 3577 2622 3645 gratiam
2653 3572 2950 3635 insinuavi,
2979 3580 3252 3636 causaque
3280 3565 3375 3620 tibi
3409 3563 3486 3617 fui
3520 3560 3687 3629 hujus

2104 3685 2211 3740 qua
2259 3669 2470 3723 emines
2518 3664 2799 3737 patentius,
2848 3676 3012 3733 quam
3062 3659 3270 3714 utinam
3326 3655 3423 3710 tibi
3470 3659 3684 3709 certam

2106 3761 2495 3830 propriamque
2537 3759 2613 3813 dii
2660 3764 2913 3818 servent;
2959 3754 3138 3808 nescis
3179 3750 3328 3804 enim
3370 3756 3581 3817 quanto
3627 3742 3685 3797 in

2104 3854 2351 3925 periculo
2383 3851 2641 3916 verseris,
2672 3850 2830 3918 cujus
2857 3862 2960 3914 ego
2991 3844 3247 3899 conscius
3279 3840 3456 3895 celare
3487 3848 3542 3892 te
3572 3852 3685 3891 non

2104 3961 2362 4017 possum,
2391 3945 2535 4000 salva
2566 3938 2993 3998 necessitudinis
3024 3938 3148 3991 fide.
3182 3935 3273 3990 Sic
3304 3934 3472 4003 igitur
3499 3930 3643 3984 habe
3664 3968 3681 3993 ,

2105 4047 2449 4109 compertum
2495 4035 2627 4091 mihi
2669 4050 2734 4089 ex
2778 4043 2915 4087 teste
2958 4030 3172 4094 aurito,
3216 4024 3489 4081 excidisse
3533 4020 3685 4075 leoni

2103 4130 2248 4201 apud
2281 4129 2581 4184 familiares
2610 4127 2751 4182 hanc
2778 4140 2967 4180 vocem
3000 4142 3014 4178 :
3045 4120 3226 4178 Cerno
3257 4119 3404 4173 hunc
3432 4127 3686 4170 nostrum

2106 4232 2323 4278 taurum
2356 4220 2731 4292 prapinguem
2760 4218 2869 4289 jam
2900 4231 3051 4279 esse,
3083 4226 3363 4284 nunquam
3396 4208 3687 4279 tempesti-

2103 4315 2224 4368 vior
2254 4313 2320 4368 ad
2355 4313 2546 4382 epulas
2579 4311 2745 4367 fuerit
2777 4328 2791 4365 :
2825 4310 2949 4364 volo
2982 4321 3111 4385 eunt
3141 4303 3552 4375 quamprimum
3590 4301 3687 4354 de-

2107 4421 2319 4460 vorare.
2350 4404 2551 4459 Horrui
2585 4401 2799 4465 auditu,
2833 4400 3099 4454 miserans
3130 4394 3289 4451 amici
3322 4404 3530 4448 sortem
3588 4405 3688 4444 ac-

2108 4498 2367 4567 currique
2408 4496 2472 4550 ad
2520 4506 2591 4559 te,
2630 4506 2692 4549 ut
2734 4491 3099 4549 communiter
3132 4488 3420 4542 videamus
3478 4483 3684 4553 ecquid

2108 4588 2351 4658 expediri
2382 4586 2595 4641 consilii
2630 4585 2801 4655 possit
2831 4583 2980 4638 utilis
3005 4579 3312 4635 ad‘cladem
3346 4583 3686 4648 przevcrten-

2109 4685 2253 4735 dam.
2287 4680 2697 4743 Conturbatus,
2732 4686 2792 4731 ut
2826 4690 2922 4745 par
2952 4682 3104 4736 erat,
3137 4672 3228 4726 tali
3265 4684 3521 4724 sermone
3555 4676 3684 4721 tau-

2110 4788 2206 4827 rus
2244 4790 2257 4823 :
2293 4771 2434 4839 Quid
2473 4770 2574 4826 feci
2612 4777 2704 4823 aut
2737 4768 2869 4838 quid
2906 4766 3015 4821 dixi
3052 4765 3236 4829 miser,
3274 4763 3491 4834 inquit,
3529 4762 3682 4831 quod

2110 4866 2235 4919 talia
2271 4864 2338 4919 de
2374 4878 2459 4917 me
2494 4861 2767 4932 cogitandi
2812 4874 2998 4914 ansam
3044 4866 3139 4911 aut
3178 4865 3500 4927 prtetextum
3534 4855 3681 4909 leoni

2109 4955 2442 5028 praebuerit?
2477 4967 2673 5022 nempe
2707 4953 2791 5006 hae
2826 4961 2953 5004 sunt
2986 4959 3131 5003 artes
3166 4946 3544 5016 improborum
3580 4947 3679 5014 qui

2113 5066 2198 5103 mc
2225 5048 2374 5102 falsis
2398 5046 2539 5115 apud
2565 5060 2688 5097 eum
2715 5041 3035 5096 criminibus
3062 5039 3464 5093 infamaverint.
3489 5037 3685 5106 Suspi.

2114 5140 2280 5196 cahar
2308 5137 2627 5209 jamdudum
2672 5133 2930 5187 invidiam
2972 5132 3335 5199 malignorum
3377 5145 3517 5198 quos
3557 5144 3678 5182 mea

2112 5229 2342 5284 felicitas
2368 5228 2563 5280 urebat
2584 5268 2597 5288 ,
2630 5240 2729 5279 nec
2756 5223 2989 5277 obscura
3021 5222 3216 5287 horum
3249 5220 3443 5274 livoris
3474 5219 3680 5273 indicia

2113 5321 2314 5375 notavi.
2358 5317 2721 5386 Nunquamne
2759 5314 2828 5368 ab
2869 5313 3085 5368 insidiis
3121 5312 3517 5368 sceleratorum
3561 5321 3677 5366 tuta

2111 5413 2216 5466 erit
2264 5409 2611 5466 innocentia?
2657 5407 2799 5461 'l'um
2838 5405 3147 5475 Vestigator
3179 5403 3411 5468 :Erras,
3462 5404 3679 5472 inquit,

2114 5501 2243 5553 dum
2273 5499 2409 5554 alios
2435 5512 2683 5553 accusas.
2714 5497 2847 5551 Tota
2882 5497 2935 5549 in
2969 5495 3123 5549 leone
3152 5494 3308 5564 culpa
3337 5506 3442 5549 est.
3473 5495 3680 5561 Scires,

2114 5592 2157 5644 si
2194 5603 2319 5643 cum
2355 5602 2574 5652 nosses,
2609 5596 2670 5642 ut
2705 5601 2803 5641 nos
2835 5585 2928 5655 qui
2965 5583 3173 5638 diutius
3206 5584 3348 5652 apud
3389 5583 3537 5637 hunc
3569 5585 3681 5638 tui-

2112 5698 2253 5736 mus.
2285 5681 2461 5733 Crede
2491 5679 2612 5733 fidis
2640 5687 2696 5732 et
2723 5679 2965 5748 expertis
2987 5719 3003 5742 ,
3035 5677 3170 5731 nihil
3205 5677 3300 5731 illo
3328 5675 3641 5731 instabilius
3661 5718 3675 5739 ,

2113 5772 2462 5841 perfidiosius
2483 5811 2497 5834 ,
2530 5770 2810 5824 crudelius
2840 5778 2942 5823 est.
2978 5768 3141 5822 Initio
3176 5770 3267 5822 ille
3301 5770 3523 5838 quidem
3560 5769 3677 5837 pla-

2112 5865 2331 5919 ciditate
2382 5865 2614 5934 quadam
2669 5863 2868 5927 allicit,
2919 5863 3298 5917 accedentium
3349 5865 3669 5936 sanguinem
