4016 6524
412 424 549 485 1269

1284 431 1663 491 SPECIMEN
1699 430 2127 491 SAPIENTIJE
2175 430 2529 491 [NDORUM
2568 430 2735 490 VET.

3522 421 3659 485 1270

405 541 591 592 statim
620 537 735 592 sitit
767 554 1063 609 paremque
1095 541 1349 610 rependit
1380 541 1658 595 duleemni
1688 542 1973 596 admissio-
2008 537 2045 600 A'
2079 543 2145 595 ad
2179 542 2282 611 ipsi
2316 540 2552 597 ofﬁciose
2588 548 2922 609 apparentes
2956 553 3098 609 quos
3130 538 3242 594 dixi
3276 538 3523 593 aulicos:
3562 540 3666 590 Vos

403 628 492 683 nis
510 629 696 697 prima:
726 630 929 682 ultimae
953 632 1329 699 catastroplics
1359 634 1667 685 amaritiem
1692 631 1977 685 acerbissi-

405 737 573 774 mam.
601 721 762 783 Vera,
798 724 975 791 inquit
1006 734 1217 787 taurus,
1250 740 1547 785 memoras;
1580 738 1635 778 et
1664 740 1763 794 ego
1796 724 1985 776 infelix

402 812 689 882 degustata
727 814 815 867 illa
852 816 1023 883 priori
1062 816 1335 870 suavitate
1359 856 1373 878 ,
1409 832 1553 869 nunc
1588 834 1654 869 eo
1688 815 1886 869 deveni
1925 824 1986 867 ut

403 904 731 957 amarissimi
759 906 909 959 exitii
938 904 1081 961 feces
1127 908 1345 961 haurire
1371 908 1532 961 modo
1557 907 1806 962 debeam.
1832 907 1876 963 Ο
1902 922 1986 962 me
2026 894 2029 897 ’

404 998 809 1064 imprudentem
839 999 933 1068 qui
968 1010 1075 1052 tam
1105 1001 1198 1053 diu
1232 1000 1320 1054 hic
1350 1001 1603 1054 haeserint
1631 1004 1642 1054 ι
1682 1016 1783 1055 nec
1818 1015 1987 1067 repu-

406 1088 591 1151 larim,
626 1090 772 1158 quod
808 1091 949 1143 ratio
981 1092 1259 1155 monebat,
1298 1093 1440 1146 haud
1477 1103 1648 1147 tutam
1682 1108 1803 1147 esse
1833 1107 1984 1145 com-

404 1177 766 1231 morationem
797 1180 1012 1248 longam
1041 1180 1351 1236 herbivora:
1376 1181 1669 1237 animantis
1693 1182 1838 1251 apud
1866 1197 1985 1235 car-

406 1269 654 1320 nivoram
667 1266 916 1322 .Tvlodum
933 1272 1219 1339 oportebat
1238 1289 1321 1326 me
1338 1282 1579 1327 statuere
1595 1274 1981 1329 consuetudini

402 1367 703 1423 suspectae,
744 1367 1068 1428 matureque
1108 1377 1137 1415 a
1184 1363 1414 1417 macello
1460 1364 1739 1419 recedere.
1785 1364 1985 1417 Fraudi

404 1458 490 1500 est
529 1447 767 1502 incautis
810 1451 1045 1505 aviditas
1083 1467 1203 1516 sua,
1244 1453 1373 1506 dum
1416 1471 1558 1524 aegre
1601 1456 1922 1509 avelluntur
1958 1472 1985 1508 a

406 1538 785 1604 placentibus,
820 1542 963 1611 passi
999 1544 1145 1612 quod
1181 1546 1424 1613 apiculas
1461 1548 1832 1616 imprudentes
1866 1563 1989 1616 per-

406 1628 521 1690 dit,
558 1645 678 1697 qua:
714 1631 843 1685 dum
878 1634 1157 1689 mordicus
1193 1635 1459 1691 inherent
1492 1637 1752 1693 dulcibus
1788 1638 1988 1693 ﬂoscu-

406 1718 496 1780 lis,
529 1719 811 1773 volucrum
843 1723 1118 1790 rapacium
1149 1725 1331 1793 prteda
1358 1726 1518 1791 ﬁunt,
1546 1737 1637 1780 ant
1663 1728 1986 1796 superlapso

407 1811 550 1863 forte
586 1813 828 1881 pondere
852 1856 866 1878 ,
906 1815 959 1868 in
996 1817 1286 1885 complexu
1325 1818 1762 1888 intemperanter
1794 1829 1987 1873 amata:

405 1902 706 1970 voluptatis
748 1905 1162 1973 opprimuntur.
1208 1908 1475 1963 Decuerat
1523 1912 1711 1979 paucis
1753 1920 1989 1965 conten-

408 2001 547 2055 tum,
584 2010 705 2062 qua:
742 1996 915 2063 prima
981 1998 1190 2053 modica
1225 2000 1367 2055 bona
1406 2018 1760 2074 perceperam
1798 1991 1991 2074 procul

407 2092 525 2137 tuto
573 2087 805 2141 fruenda
851 2088 1181 2158 deportare,
1228 2108 1329 2147 nec
1377 2095 1677 2163 periclitari
1725 2113 1793 2150 ex
1838 2099 1994 2151 inex-

406 2176 553 2251 pleta
586 2178 911 2246 gnlositate,
948 2196 1259 2236 muscarum
1294 2185 1569 2249 similem,
1602 2188 1804 2256 quibus
1833 2188 1989 2253 quasi

407 2286 514 2321 non
560 2269 793 2324 sufﬁciat
831 2270 1090 2340 pabulum
1136 2275 1280 2344 quod
1326 2276 1531 2331 aﬂatim
1575 2280 1629 2332 in
1672 2280 1985 2339 frondibus.

408 2361 462 2413 in
506 2359 797 2426 fructibus,
835 2362 889 2415 in
929 2365 1079 2418 omni
1124 2380 1305 2419 rerum
1344 2368 1635 2437 superficie
1670 2371 1817 2438 jacet
1858 2371 1991 2439 ipsis

404 2453 741 2520 rspositum,
800 2454 965 2507 etiam
1008 2457 1201 2511 sordes
1257 2458 1601 2512 leoninarum
1644 2460 1861 2514 aurium
1903 2476 1993 2514 ca-

404 2554 585 2611 ptant,
615 2561 819 2614 easque
851 2547 1159 2617 scalpentes
1192 2548 1527 2620 importune,
1561 2552 1845 2608 irritabilis
1878 2554 1991 2607 bel-

407 2636 513 2689 luae
548 2638 824 2706 unguibus
857 2649 1113 2708 pereunt.

479 2817 624 2873 XXI.
663 2818 813 2874 Mitte
853 2821 956 2875 ista
994 2838 1107 2876 non
1142 2823 1306 2893 hujus
1352 2826 1640 2895 temporis,
1676 2828 1989 2897 interpellat

408 2906 749 2977 Vcstigator;
784 2928 931 2966 nunc
960 2913 1107 2968 enim
1143 2917 1502 2991 quazrendnm
1542 2920 1727 2987 potius
1764 2930 1987 2989 est‘qua

412 3000 624 3055 ratione
655 3017 887 3058 mortem
915 3005 1164 3076 effugias.
1190 3009 1376 3077 Atqui,
1400 3011 1475 3064 ait
1504 3022 1717 3074 taurus.
1749 3015 1987 3068 evellere

412 3097 544 3149 illud
576 3098 731 3161 mihi,
758 3100 887 3152 dmn
913 3116 1035 3170 qua:
1061 3103 1170 3155 vidi
1206 3117 1403 3159 cuncta
1435 3117 1651 3175 reputo,
1682 3108 1866 3161 animo
1893 3124 1987 3162 ne-

2089 634 2550 702 quidcm,inquit,
2582 649 2665 687 me
2695 632 2995 697 honoratis,
3020 642 3076 686 at
3104 648 3206 701 ego
3236 631 3459 686 tabesco
3499 630 3661 682 fame.

2089 723 2209 789 Quo
2232 725 2334 778 ista
2366 725 2500 777 mihi
2525 725 2729 779 Sterilia
2754 724 3059 793 obsequia?
3082 710 3368 792 ite'potius
3397 731 3452 775 et
3474 721 3667 775 afferte

2093 818 2239 871 unde
2273 831 2481 870 vescar.
2508 817 2588 869 Ad
2623 833 2685 870 ea
2717 818 2830 870 illi:
2863 816 3077 871 Dudum
3110 816 3438 869 fecissemus
3466 824 3665 882 sponte

2090 906 2439 976 quodjubes.
2489 917 2545 959 et
2582 916 2769 959 noster
2820 909 2871 959 in
2912 916 2963 959 te
3016 920 3172 959 amor
3225 903 3661 958 admonitionem

2088 1000 2460 1067 praevertisset
2485 1007 2657 1058 tuam.
2685 998 2789 1054 nisi
2814 999 2960 1053 vires
2987 997 3291 1052 deﬁcerent
3314 996 3382 1049 ad
3410 994 3662 1049 conanda

2088 1107 2211 1161 quae
2265 1092 2552 1155 vellemus,
2589 1091 2905 1159 quibusque
2964 1105 3111 1144 nunc
3148 1089 3385 1157 indiges.
3442 1087 3664 1140 Tenues

2091 1200 2192 1237 nos
2227 1198 2441 1245 sumus,
2484 1193 2541 1237 et
2594 1198 2789 1251 pugna:
2847 1183 3088 1249 impares
3119 1179 3480 1235 conserenda:
3532 1194 3662 1233 emn

2088 1275 2386 1344 pinguibus
2442 1283 2497 1328 et
2543 1275 2746 1327 torosis
2804 1274 2957 1337 feris,
2998 1274 3193 1341 quales
3227 1271 3410 1341 palato
3447 1280 3541 1324 tuo
3578 1287 3669 1323 sa-

2090 1368 2279 1435 piunt:
2308 1366 2441 1435 quin
2481 1366 2642 1421 nobis
2676 1365 2805 1432 ipsis
2857 1368 2945 1419 vix
2992 1364 3293 1418 sufﬁcimus
3321 1363 3540 1416 exiliter
3574 1379 3668 1431 pa-

2090 1458 2307 1512 Sttendis
2354 1459 2605 1526 hancque
2655 1458 2830 1526 ipsam
2868 1472 3057 1509 curam
3089 1455 3275 1511 studio
3330 1456 3666 1525 imputamus

2089 1553 2170 1608 tui
2208 1568 2318 1607 non
2353 1552 2460 1606 alia
2512 1552 2580 1606 de
2636 1566 2799 1604 causa
2835 1550 3125 1617 cupientes
3178 1550 3389 1610 vivere,
3442 1547 3552 1600 nisi
3601 1563 3668 1599 ne

2089 1644 2271 1699 desint
2300 1645 2394 1712 qui
2432 1652 2536 1697 tute
2568 1641 2838 1710 majestati
2872 1640 3229 1693 famulentur.
3257 1638 3338 1692 En
3375 1653 3475 1690 nos
3503 1651 3668 1704 para-

2092 1744 2177 1789 tos
2212 1733 2384 1787 habes
2415 1733 2481 1786 ad
2526 1731 2747 1801 quidvis
2783 1739 2872 1783 tua
2911 1745 3073 1785 causa
3104 1729 3337 1798 periculi
3369 1728 3666 1794 damnique

2052 1876 2059 1907 ᾗ
2090 1826 2437 1907 subeundum
2465 1841 2480 1889 ;
2514 1839 2708 1878 verum
2764 1823 3008 1891 Optimae,
3081 1831 3141 1875 ut
3170 1821 3433 1881 diximus,
3470 1820 3667 1873 volun-

2101 1920 2199 1974 tati
2227 1919 2460 1973 facultas
2510 1919 2651 1971 haud
2708 1933 2803 1985 par
2842 1915 3160 1984 respondet.
3192 1915 3265 1968 De
3297 1923 3481 1966 vestra
3507 1912 3669 1980 equi-

2095 2012 2241 2077 dem,
2274 2012 2493 2082 reponit
2521 2011 2627 2073 leo,
2660 2009 3046 2064 benevolentia
3080 2024 3189 2061 non
3231 2006 3450 2068 dubito,
3484 2020 3665 2073 eoque

2094 2120 2193 2158 vos
2216 2120 2314 2157 oro
2335 2103 2721 2165 confidentius,
2751 2110 3019 2156 uteuntes
3046 2102 3100 2154 in
3122 2100 3442 2163 consilium,
3471 2097 3669 2165 exqui-

2096 2198 2228 2251 ratis
2247 2198 2388 2250 viam
2419 2198 2657 2266 aliquam
2683 2195 3041 2251 succurrendi
3064 2196 3232 2263 lapsis
3258 2194 3443 2247 rebus.
3474 2194 3665 2262 Agite:

2094 2305 2204 2341 non
2235 2289 2411 2342 deerit
2434 2289 2652 2340 fortuna
2676 2305 2691 2350 ;
2716 2287 2909 2341 afferte
2940 2287 3195 2340 alicunde
3217 2287 3327 2340 cibi
3353 2286 3661 2355 quidpiam:

2093 2382 2280 2437 brevis
2327 2390 2412 2434 est
2434 2382 2651 2436 occasio
2679 2382 2863 2434 charm
2896 2381 3050 2434 vobis
3083 2382 3287 2434 anima:
3326 2379 3616 2434 servanda:
3650 2391 3667 2436 :

2095 2474 2139 2528 si
2172 2472 2487 2533 moramini.
2523 2473 2753 2525 morior.
2808 2474 2921 2525 Sub
2955 2473 3070 2525 lucc
3103 2472 3180 2524 illi
3213 2487 3321 2524 non
3358 2471 3550 2539 procul
3582 2485 3671 2523 re-

2093 2565 2375 2628 cedentes,
2419 2566 2599 2633 capita
2657 2564 2972 2618 eonferunt.
3001 2564 3197 2617 Cuncti
3222 2565 3332 2632 jam
3362 2573 3521 2615 antea
3554 2576 3669 2615 ma-

2092 2656 2258 2725 lignis
2309 2656 2484 2709 oculis
2534 2657 2804 2710 camelum
2858 2656 3237 2710 intuebantur.
3297 2655 3437 2708 Tum
3503 2669 3662 2715 veru,

2094 2756 2312 2815 tempus
2371 2747 2542 2809 nacti,
2580 2746 2720 2812 Quid
2778 2747 2962 2811 nobis,
3020 2746 3301 2816 inquiunt,
3354 2756 3410 2799 et
3453 2746 3665 2812 ignava:

2093 2836 2224 2891 huic
2258 2836 2484 2889 bestias?
2512 2850 2797 2904 quousque
2832 2837 3061 2889 ferimus
3094 2836 3268 2901 victu,
3302 2835 3509 2897 indole,
3539 2850 3660 2888 mo-

2093 2929 2246 2982 ribus
2276 2927 2599 2981 dissimilem
2639 2928 2999 2991 animantem,
3026 2928 3176 2982 civili
3207 2928 3370 2981 nobis
3397 2927 3663 2981 societate

2091 3019 2332 3073 misceri.
2368 3018 2446 3073 Eo
2474 3034 2605 3087 ergo
2636 3018 3031 3087 conspirabant
3064 3019 3355 3073 sententiae
3380 3026 3439 3070 ut
3469 3019 3666 3070 decer-

2090 3121 2344 3177 neretur,
2383 3111 2879 3165 snadendamleoni
2914 3111 3107 3165 cameli
3140 3126 3352 3174 necem,
3387 3110 3545 3179 cujus
3569 3125 3664 3163 va-

411 3204 575 3256 queo,
616 3189 901 3245 innoxium
946 3195 1167 3261 propria
1224 3196 1409 3250 indole
1448 3196 1665 3251 leonem
1726 3216 1868 3264 esse,
1906 3211 2053 3271 to-C
2087 3211 2234 3257 stum
2288 3219 2490 3269 corpus
2540 3220 2648 3257 non
2685 3218 2820 3256 unas
2867 3204 2921 3257 in
2973 3204 3163 3271 epulas
3187 3202 3549 3256 suffecturum
3581 3202 3663 3254 vi-

415 3291 637 3350 tamque
671 3284 848 3338 labem
897 3301 926 3340 e
961 3288 1142 3355 pravis
1175 3289 1296 3357 ejus
1352 3290 1718 3346 familiaribus
1758 3293 1987 3348 descen-

411 3368 562 3432 dere,
594 3373 686 3439 qui
723 3373 925 3426 bonum
956 3376 1132 3443 ipsum
1166 3394 1285 3433 esse
1318 3382 1648 3446 nonsinant,
1685 3385 1985 3451 proritent-

414 3478 523 3530 que
545 3466 899 3519 voracitatem
929 3468 1063 3522 nihil
1088 3485 1186 3539 per
1202 3486 1259 3525 se
1282 3472 1386 3527 tale
1408 3475 1704 3543 cogitaturi
1727 3477 1778 3530 in
1796 3493 1986 3533 excar-

417 3555 791 3611 niﬁcationcm
823 3559 1150 3625 insontium,
1178 3566 1339 3633 quale
1387 3582 1600 3635 passam
1634 3568 1770 3623 alias
1805 3586 1987 3624 came-

415 3645 529 3701 lum
560 3649 784 3703 memini
814 3649 1003 3706 fraude
1025 3656 1461 3723 conspirantium
1491 3659 1792 3715 bestiarum
1818 3662 1983 3715 trium

417 3739 555 3808 lupi,
587 3742 738 3794 corvi
771 3752 828 3796 et
861 3742 1024 3798 thois.
1065 3746 1347 3816 Regnabat
1381 3750 1468 3803 leo
1500 3750 1722 3818 quidam
1757 3754 1807 3806 in
1852 3754 1985 3807 silva

415 3832 514 3885 vize
559 3832 789 3901 publica:
817 3833 1071 3899 ﬁnitima,
1122 3837 1424 3895 familiares
1474 3842 1685 3898 habens
1736 3844 1989 3900 subditos

418 3934 530 3977 tres
569 3940 706 3993 quos
738 3929 1060 3989 memoravi,
1082 3928 1293 3998 lupum,
1316 3947 1540 3985 corvum
1562 3943 1617 3989 et
1653 3938 1865 4001 thoem,
1896 3954 1987 4006 ap-

419 4019 596 4087 prime
633 4019 778 4073 inter
810 4036 867 4073 se
898 4022 1224 4076 concordes.
1260 4025 1584 4080 Pertransiit
1628 4045 1733 4097 qua
1764 4029 1877 4083 dixi
1905 4032 1988 4085 via

416 4110 714 4163 comitatus
744 4122 1135 4176 mercatorum.
1175 4116 1460 4171 mandram
1494 4136 1658 4189 agens
1684 4124 1985 4188 ingentem.

415 4217 486 4254 ex
527 4217 633 4270 qua
689 4204 931 4257 camelus
983 4222 1086 4259 una
1137 4207 1481 4262 inobservata
1523 4228 1580 4265 se
1632 4214 1983 4275 subtrahens.

418 4295 472 4347 in
507 4311 701 4350 nemus
731 4312 789 4350 se
820 4296 1070 4361 abdidit;
1095 4301 1275 4368 etjam
1303 4302 1369 4355 ab
1398 4303 1618 4355 homine
1647 4304 1870 4357 domino
1901 4322 1987 4359 se-

416 4402 573 4445 cura.
600 4390 922 4459 praeoptavit
956 4391 1249 4460 imperium
1283 4396 1607 4463 congencris
1631 4397 1735 4450 sibi
1771 4398 1984 4463 belluas,

418 4478 745 4549 leonemque
796 4481 873 4535 ibi
928 4483 1303 4538 dominantem
1346 4489 1705 4554 conveniens,
1752 4491 1829 4545 illi
1863 4508 1987 4559 per-

2090 3297 2338 3375 deretur.
2385 3293 2534 3348 Thos
2585 3303 2765 3349 tamen
2800 3310 2862 3349 ea
2912 3295 3249 3349 disserentes
3307 3295 3659 3354 admonebat.

2094 3386 2239 3439 haud
2274 3401 2333 3440 se
2373 3402 2593 3455 sperare
2627 3402 2980 3441 assensurum
3032 3389 3083 3442 ei
3130 3388 3363 3441 consilio
3416 3389 3656 3447 leonem,

2092 3478 2286 3546 utique
2342 3492 2640 3531 memorem
2677 3477 2802 3531 ﬁdei
2851 3479 3011 3541 datae,
3068 3493 3169 3532 nec
3225 3489 3383 3533 antea
3432 3478 3655 3531 solitum

2090 3568 2371 3636 supplices
2429 3569 2481 3621 in
2533 3569 2843 3622 clientelam
2882 3569 3153 3623 admissos
3196 3568 3450 3637 prodere.
3484 3568 3663 3635 Nego-

2093 3659 2228 3713 tium
2256 3659 2362 3713 sibi
2393 3668 2574 3712 tamen
2602 3675 2806 3713 corvus
2824 3661 3060 3728 sumpsit
3093 3660 3171 3713 rei
3204 3659 3505 3721 tentandae,
3530 3675 3665 3713 con-

2090 3750 2361 3819 tinuoque
2416 3751 2633 3805 leonem
2668 3750 2881 3813 adiens.
2933 3750 3311 3818 interrogatus
3356 3751 3424 3804 ab
3457 3764 3526 3803 eo
3555 3761 3661 3807 est.

2090 3842 2292 3912 ecquid
2327 3842 2517 3896 auxilii
2552 3842 2980 3910 espedivissent,
3012 3852 3069 3897 et
3102 3858 3171 3895 an
3203 3844 3395 3896 saltem
3430 3840 3547 3908 spei
3577 3856 3661 3894 ra-

2092 3936 2216 3990 dius
2246 3934 2533 4004 afl‘ulgeret
2565 3932 2839 3988 alicunde.
2873 3934 2973 3989 Cui
3008 3950 3209 3989 corvus
3235 3950 3250 3988 :
3279 3933 3405 4001 Spei
3443 3933 3659 3986 radium

2094 4042 2387 4091 memoras,
2424 4026 2668 4090 domine,
2698 4026 2877 4095 qualis
2923 4028 3007 4081 vel
3056 4028 3101 4081 si
3152 4026 3425 4095 benignus
3454 4026 3661 4079 allucer

2098 4130 2200 4183 ret,
2229 4119 2418 4174 videre
2444 4129 2625 4173 tamen
2658 4121 3019 4187 nequiremus
3047 4134 3149 4174 nos
3182 4119 3428 4188 quidem,
3454 4118 3663 4186 quibus

2090 4211 2252 4277 longa
2310 4209 2492 4263 inedia
2540 4224 2802 4263 sensuum
2836 4208 3013 4262 ofﬁcia
3065 4208 3326 4269 turbavit,
3368 4223 3433 4262 ac
3484 4208 3661 4261 visum

2090 4302 2393 4372 praisertim
2418 4304 2656 4371 eripuit:
2689 4302 2934 4370 suppetit
2970 4311 3151 4356 tamen
3175 4301 3240 4355 ad
3269 4316 3488 4355 manum
3516 4301 3661 4355 unde

2090 4396 2319 4462 spiritus
2341 4395 2607 4465 recipere,
2637 4395 2922 4464 aciemque
2939 4393 3170 4449 defectis
3189 4394 3302 4464 jam
3328 4393 3501 4448 ferme
3529 4408 3663 4447 ocu-

2091 4488 2163 4542 lis
2198 4490 2486 4542 restituere
2546 4486 2837 4557 pristinam
2890 4486 3183 4556 possimus.
3220 4485 3480 4542 Versatur
3521 4485 3666 4539 inter

418 4571 657 4625 libenter
680 4573 991 4628 admittenti
1023 4587 1366 4631 sacramento
1400 4580 1609 4633 addixit
1635 4581 1984 4650 obsequium.
2023 4574 2064 4627 ι)
2095 4594 2195 4633 nos
2234 4580 2451 4649 pinguis
2492 4590 2547 4634 et
2589 4580 2739 4633 iners
2796 4596 2903 4633 non
2966 4580 3145 4633 nostri
3197 4580 3418 4651 generis
3466 4580 3666 4643 bestia,

419 4662 559 4727 Quid
587 4664 825 4731 quaeris?
855 4666 1156 4719 Videbatur
1183 4666 1289 4720 sibi
1325 4670 1516 4723 beata:
1558 4686 1718 4723 nemo
1745 4683 1862 4725 erat
1893 4673 1987 4742 qui

417 4768 560 4806 onus
588 4754 920 4822 imponeret.
949 4756 1091 4809 viam
1123 4756 1455 4827 injungeret,
1498 4762 1680 4830 plagas
1708 4764 1863 4816 fessa:
1894 4762 1991 4815 ad-

419 4845 593 4904 deret,
628 4853 682 4898 et
740 4846 827 4899 leo
882 4848 1104 4916 quoties
1147 4864 1468 4905 occurrerat
1511 4854 1783 4917 arridens,
1844 4856 1989 4910 bono

416 4950 539 4988 esse
569 4937 754 4990 animo
808 4937 1055 5005 iubebat,
1092 4939 1229 4994 nihil
1286 4941 1435 4994 aliud
1468 4952 1760 4998 curantem
1822 4961 1986 5014 quam

412 5028 658 5094 jucunde
691 5028 857 5096 pasci.
888 5028 1089 5083 Verum
1122 5030 1212 5085 die
1262 5034 1495 5101 quadam
1534 5050 1786 5103 egressus
1827 5052 1990 5090 vena-

420 5129 533 5168 tmn
560 5118 645 5171 leo
670 5120 824 5173 malis
847 5120 1064 5185 avibus,
1090 5122 1325 5177 incurrit
1352 5124 1405 5177 in
1430 5125 1798 5194 elephantem,
1822 5144 1987 5197 quem

417 5209 689 5263 lacessere
718 5226 905 5275 ausus,
935 5214 1075 5265 male
1110 5228 1139 5266 a
1192 5213 1408 5268 fortiori
1446 5217 1765 5280 mulctatus,
1795 5222 1990 5273 vulne-

417 5300 683 5370 ribusque
730 5302 929 5358 debilis
951 5320 1091 5373 aagre
1120 5321 1179 5359 se
1221 5308 1430 5376 recepit
1478 5310 1529 5362 in
1558 5324 1779 5378 Specum
1805 5327 1983 5366 suam.

416 5392 497 5446 lbi
527 5394 672 5448 lenta
696 5404 752 5448 et
781 5412 968 5463 parum
996 5398 1318 5465 proficiente
1343 5402 1629 5457 curatione
1653 5404 1987 5460 decumbere

416 5496 662 5549 coactus,
697 5488 836 5539 fame
856 5489 1023 5557 coepit
1044 5490 1372 5555 conflictari,
1403 5509 1503 5547 nec
1526 5496 1758 5562 viribus,
1785 5499 1986 5567 quippe

416 5578 651 5631 defectis
684 5595 877 5648 magna
908 5582 1063 5651 copia
1089 5584 1373 5651 sanguinis
1406 5586 1631 5650 amissa,
1655 5603 1753 5641 nec
1777 5590 1985 5657 praeda-

416 5682 541 5721 tum
580 5668 964 5725 instrumentis
993 5673 1249 5736 artubus,
1284 5674 1411 5729 hinc
1441 5675 1664 5739 luxatis,
1702 5679 1828 5735 inde
1854 5696 1984 5733 con-

417 5762 631 5821 tractis,
664 5763 899 5829 amplius
926 5764 1037 5832 jam
1068 5766 1254 5821 valens
1286 5768 1688 5836 quotidianam,
1737 5781 1797 5825 ut
1827 5784 1984 5827 antea

416 5862 538 5909 erat
574 5854 792 5910 solitus.
829 5858 1073 5918 saainam
1103 5860 1206 5914 sibi
1246 5876 1458 5931 parare.
1514 5864 1655 5933 Ergo
1687 5881 1989 5923 conversus

2092 4680 2320 4741 paratus
2378 4673 2460 4726 vel
2516 4673 2569 4727 in
2607 4673 2850 4727 triduum
2884 4672 3064 4732 cibus.
3117 4673 3162 4728 si
3215 4673 3661 4744 jugularijubes.

2095 4764 2510 4819 Exhorrescens
2548 4765 2614 4819 ad
2653 4767 2989 4819 mentionem
3023 4764 3250 4819 sceleris
3301 4764 3410 4829 leo,
3461 4766 3664 4834 Apage,

2095 4858 2295 4927 inquit,
2325 4860 2631 4914 remedium
2669 4861 2813 4914 malo
2850 4862 3029 4929 pejus.
3087 4859 3268 4929 Egone
3307 4858 3395 4926 jus
3442 4858 3662 4927 hospitii

2092 4959 2148 5003 et
2175 4951 2344 5021 jurati
2403 4951 2626 5006 foederis
2664 4952 2982 5020 religionem
3023 4950 3283 5020 polluam,
3336 4966 3403 5005 eo
3459 4950 3666 5006 interﬁ-

2093 5043 2291 5097 ciendo
2318 5044 2411 5112 qui
2457 5044 2561 5099 sub
2611 5045 2716 5098 mei
2760 5044 3055 5113 patrocinii
3090 5045 3319 5098 tutelam
3352 5045 3496 5098 ultro
3532 5060 3665 5098 con-

2092 5136 2255 5205 fugit,
2291 5136 2396 5191 ﬁde
2434 5137 2752 5214 securitatis
2804 5138 3072 5206 accepta?
3103 5136 3185 5191 Ad
3221 5138 3339 5192 haec
3390 5137 3663 5190 malitiose

2092 5243 2327 5283 corvus:
2352 5229 2633 5284 Generose
2661 5239 2828 5298 atque
2858 5240 2916 5283 ut
2947 5238 2998 5283 te
3025 5229 3253 5299 dignum
3282 5240 3368 5284 est
3391 5228 3660 5298 loqueris;

2093 5327 2297 5381 tamen,
2324 5319 2566 5374 domine.
2592 5320 2755 5373 etiam
2780 5320 2923 5373 inter
2947 5320 3392 5389 religiosissimos
3413 5334 3664 5389 quosque

2092 5412 2150 5466 in
2182 5412 2436 5467 confesso
2488 5429 2609 5466 esse
2652 5414 2819 5468 audio
2868 5414 2952 5468 fas
2998 5430 3119 5469 esse
3158 5414 3323 5467 unius
3364 5414 3666 5483 eapitisja-

2092 5512 2251 5557 ctura
2290 5504 2485 5558 redimi
2516 5507 2750 5560 salutem
2778 5497 2974 5560 domus
3005 5507 3253 5575 integrae,
3285 5522 3479 5561 rursus
3512 5517 3665 5562 recte

2092 5594 2318 5648 domum
2373 5612 2537 5649 unam
2584 5613 2685 5667 pro
2739 5598 3120 5652 incolumitate
3180 5599 3335 5653 urbis
3368 5598 3539 5652 totius
3566 5599 3664 5651 de-

2091 5686 2255 5749 strui,
2292 5686 2572 5741 civitatem
2594 5705 2817 5759 quoque
2842 5707 3004 5745 unam
3047 5692 3331 5745 servandae
3363 5690 3661 5759 provincia:

2089 5779 2238 5848 juste
2274 5779 2549 5849 impendi;
2592 5780 2831 5851 denique
2874 5782 2967 5837 ubi
3002 5782 3153 5852 regni
3210 5782 3498 5851 imperiive
3540 5781 3666 5834 uni-

2092 5869 2236 5925 versi
2270 5869 2351 5926 sic
2420 5870 2665 5927 rationes
2700 5884 2956 5944 poscunt,
3006 5873 3125 5929 sine
3172 5872 3404 5929 crimine
3434 5870 3663 5943 provin-
