4016 6534
459 420 587 489 12⁸11

1886 446 2295 517 ΑΡΡΕΝΟΙΧ.

3541 471 3683 540 12⁵.τὲ

458 542 869 650 ciamaiiqnam
903 550 1428 650 praedisbostilibus
1453 560 1676 628 exponi.
1716 560 1791 616 ita
1819 534 2023 634 nempe
2045 568 2089 626 Α
2187 567 2353 627 XXII.
2401 573 2478 629 Ad
2507 591 2571 632 ea
2604 577 2684 633 sic
2716 585 2909 634 contra
2946 577 3227 650 ingressus
3254 534 3681 644 vaferrimeV—Vve:

458 636 663 690 est:in
696 654 1039 698 summorum
1089 644 1471 704 discriminum
1525 652 1776 709 articulis
1822 656 2022 711 cunni-

455 736 588 782 vent
612 727 894 787 interdum
929 735 1110 805 leges;
1144 746 1240 793 aut
1276 740 1482 811 potius,
1537 744 1832 802 silentibus
1859 756 2023 803 caete-

456 818 555 884 ris,
589 838 696 879 una
748 828 961 884 cunctis
1009 832 1311 900 praevalens
1358 833 1593 905 imperat
1633 853 1887 909 suprema
1932 840 2017 895 lex

456 910 674 981 invictae
702 921 1087 987 necessitatis;
1119 926 1299 995 qualis
1354 927 1470 983 haec
1515 938 1598 985 est
1637 947 1758 1000 quas
1796 947 1896 986 nos
1924 931 2022 986 bo-

456 1004 546 1058 die
577 1004 829 1064 faucibus
862 1021 1010 1067 arcte
1043 1017 1359 1073 constrictis
1403 1020 1591 1082 trahit,
1631 1020 1824 1089 utique
1859 1022 2021 1075 mori-

457 1101 634 1162 turos,
666 1100 711 1153 si
738 1115 769 1153 a
800 1115 991 1169 parato
1032 1104 1194 1162 lamis
1231 1119 1493 1166 extrema:
1526 1110 1722 1167 solatio
1753 1113 2021 1181 supersti-

457 1184 612 1242 tiosis
640 1193 984 1260 respectibus
1017 1211 1297 1255 arcemur.
1331 1200 1426 1256 llis
1455 1201 1620 1257 dictis
1657 1205 1925 1259 revolavit
1949 1204 2018 1260 ad

452 1273 633 1331 socios
679 1292 902 1346 corvus,
955 1292 1012 1339 et
1049 1286 1181 1355 quid
1235 1289 1608 1360 respondisset
1664 1291 1751 1345 leo
1804 1290 2014 1346 retulit.

454 1362 612 1425 Tunc
645 1367 699 1424 bi
737 1378 851 1427 tres
887 1371 1031 1430 hanc
1082 1379 1455 1435 communiter
1494 1380 1742 1437 fraudem
1778 1382 2018 1437 adorna-

454 1464 602 1523 runt,
638 1476 745 1530 qua
779 1467 1049 1521 camelum
1088 1470 1318 1525 nimium
1353 1471 1659 1542 simplicem
1696 1472 2012 1543 perderent.

457 1548 828 1610 Decreverunt
858 1557 1013 1613 adire
1044 1560 1204 1615 simul
1252 1578 1376 1617 eum
1409 1578 1473 1618 ea
1516 1563 1751 1624 leonem.
1784 1564 2016 1619 oti'erre-

454 1655 563 1707 que
600 1656 661 1697 se
705 1644 783 1698 illi
829 1646 1147 1717 singillatim
1179 1650 1234 1704 in
1277 1654 1484 1708 cihum.
1524 1654 1727 1709 Verum
1760 1654 1834 1707 ita
1870 1654 2017 1708 inter

450 1745 546 1787 eos
580 1747 938 1803 convenerat,
969 1749 1031 1795 ut
1082 1742 1241 1798 talem
1289 1745 1721 1815 propositionem
1758 1745 2019 1801 uniuscu-

442 1821 643 1892 jusque
689 1828 878 1895 trium,
941 1846 1049 1886 una
1103 1848 1299 1889 omnes
1351 1836 1601 1905 quaesitis
1658 1837 2014 1907 praetextiiuts

451 1915 772 1987 refutarent,
803 1922 858 1980 in
893 1926 1056 1982 unius
1083 1931 1278 1985 cameli
1301 1932 1639 1987 oblationem
1668 1934 1788 1989 sine
1851 1947 2015 1988 exce-

448 2008 639 2074 ptione
673 2018 1017 2072 consensuri.
1053 2018 1266 2077 Sistunt
1298 2035 1427 2077 ecce
1460 2024 1627 2094 igitur
1677 2039 1797 2081 sese
1823 2040 2017 2081 omnes

445 2114 592 2171 zegro
622 2111 679 2157 et
724 2107 1025 2165 tabesccnti
1080 2112 1222 2168 fame
1266 2114 1437 2170 leoni.
1487 2114 1565 2170 Ac
1612 2131 1811 2172 corvus
1842 2116 2010 2186 prior.

445 2191 582 2247 Dum
639 2195 878 2263 domine,
928 2209 983 2257 et
1016 2217 1126 2272 quo
1154 2203 1276 2258 loco
1313 2205 1388 2261 sis
1426 2205 1606 2268 video.
1648 2215 1705 2262 et
1750 2218 2014 2277 quantum

447 2286 551 2342 tibi
593 2289 822 2345 debeam
861 2303 1080 2363 reputo,
1107 2296 1189 2350 sic
1216 2306 1422 2358 statuo,
1456 2297 1595 2352 nihil
1646 2313 1767 2353 esse
1806 2298 2015 2369 iustius

443 2394 606 2448 ﬂlle
632 2391 694 2436 ιιι
720 2394 917 2453 sponte
942 2396 1121 2441 marte
1147 2402 1266 2442 mea
1298 2389 1467 2443 vitam
1497 2400 1802 2445 sustentem
1829 2399 2010 2446 tuam:

442 2486 513 2525 en
550 2471 737 2542 igitur,
770 2484 948 2529 macta
977 2492 1064 2531 me
1093 2477 1169 2533 sis
1200 2486 1256 2532 et
1288 2479 1538 2533 comede.
1573 2479 1671 2534 llic
1702 2495 1896 2535 omnes
1944 2496 2011 2535 ex

440 2565 749 2629 composito
794 2566 1117 2630 reclamant,
1149 2568 1303 2623 Mitte
1330 2569 1463 2625 iSIas
1507 2585 1702 2641 nugas,
1737 2580 1793 2627 tu
1829 2573 2011 2626 miun-

443 2661 558 2706 tum
581 2669 642 2709 es
660 2655 885 2718 animal.
916 2659 1007 2712 vix
1028 2660 1081 2713 in
1108 2659 1410 2716 buccellam
1435 2676 1599 2716 unam
1621 2664 2005 2719 sutfecturum.

438 2742 573 2798 lude
604 2746 730 2801 thus
774 2763 1070 2820 assurgens
1103 2768 1117 2806 :
1153 2751 1233 2805 Me
1264 2753 1468 2822 potius,
1500 2754 1743 2816 domine,
1778 2754 2009 2809 devores

438 2851 660 2903 censeo;
716 2854 842 2895 nam
873 2840 929 2895 in
979 2842 1142 2897 unius
1199 2843 1391 2898 saltem
1442 2844 1553 2901 diei
1608 2856 1823 2914 pastum
1873 2846 2007 2901 satis

441 2929 578 2984 mihi
608 2930 813 2986 habere
839 2934 1092 2988 carnium
1116 2936 1326 2989 videor.
1359 2936 1437 2991 lbi
1464 2952 1665 2993 corvus
1683 2942 1857 2994 vicem
1887 2940 2006 2993 red-

440 3020 599 3085 dens,
648 3024 1028 3081 conclamante
1067 3027 1211 3083 idem
1251 3028 1422 3098 lupo:
1455 3030 1671 3095 Desine,
1722 3031 2003 3101 inquiunt,

436 3122 492 3167 et
533 3122 590 3166 tu
639 3113 913 3182 delirare;
951 3132 1145 3173 carnes
1182 3118 1354 3173 habes
1404 3119 1659 3186 ietentes,
1704 3136 1807 3177 nec
1852 3132 2006 3191 aptas

2124 663 2355 734 stigator
2380 677 2485 731 est,
2532 669 2814 740 implicare
2861 671 3122 728 miserum
3163 682 3375 728 taurum
3401 677 3521 733 suis
3546 679 3680 734 arti-

2124 751 2263 809 liciis
2291 771 2542 827 pergens,
2569 767 2627 813 et
2661 760 2739 815 sic
2781 775 2907 816 eum
2939 761 2992 816 in
3019 764 3247 820 exitium
3296 766 3554 823 trudere:
3580 768 3683 824 Ca-

2120 844 2360 899 vendum
2412 848 2668 919 equidem
2726 852 3035 907 censuerim
3092 853 3213 909 viro
3278 854 3570 923 prudenti,
3614 873 3684 914 ne

2121 941 2326 992 temere
2356 953 2414 992 se
2466 941 2723 1009 projiciat
2752 942 2807 998 in
2842 944 3015 1002 aleam
3045 945 3302 1014 ancipitis
3325 954 3379 1001 et
3405 947 3557 1001 exitu
3592 964 3684 1018 pe-

2122 1023 2342 1079 riculosi
2367 1028 2593 1099 negotii;
2617 1031 2864 1102 adeoque
2887 1034 3277 1103 sapientissimi
3325 1022 3684 1099 consentiunt

2121 1120 2409 1175 tentandas
2432 1136 2623 1178 omnes
2652 1125 3066 1194 compositionis
3095 1127 3233 1193 vias,
3264 1127 3586 1198 priusquam
3614 1130 3681 1185 ad

2120 1206 2229 1261 vim
2269 1208 2585 1281 bellumque
2638 1216 2913 1283 veniatur,
2960 1218 3126 1273 etiam
3179 1234 3304 1274 cum
3353 1219 3685 1281 adversario

2120 1294 2338 1352 inlirmo
2369 1299 2516 1371 (nam
2548 1304 2734 1359 varius
2769 1304 2911 1362 Mars
2947 1308 3302 1380 ambiguique
3340 1306 3706 1381 sucCessus),

2119 1401 2328 1460 quanto
2361 1396 2533 1465 magis
2568 1396 2613 1450 si
2654 1399 2981 1466 praevalidus
3012 1400 3057 1454 is
3086 1400 3276 1461 fuerit,
3303 1412 3358 1460 et
3404 1419 3531 1456 cum
3560 1403 3683 1473 opi-

2119 1482 2222 1537 bus
2269 1485 2503 1541 vallatus
2553 1492 2972 1560 pra’potentium
3023 1493 3343 1560 multorum,
3394 1502 3509 1549 tum
3564 1494 3683 1563 ipse

2118 1587 2215 1642 per
2252 1589 2371 1630 sese
2426 1591 2557 1634 acer
2584 1594 2649 1634 ac
2680 1582 2868 1637 solers.
2921 1583 3099 1650 Quare
3130 1582 3175 1638 si
3208 1598 3295 1639 me
3328 1583 3556 1654 dignum
3586 1584 3676 1638 du-

2118 1665 2198 1720 cis
2225 1668 2382 1738 cujus
2407 1671 2654 1726 consiliis
2697 1672 2911 1727 deferas
2947 1674 3252 1745 quidpiam,
3278 1684 3509 1751 propter
3550 1676 3684 1732 satis

2118 1767 2418 1825 spectatam
2449 1761 2610 1818 ﬁdem
2648 1763 2703 1819 in
2762 1771 2814 1820 te
2843 1781 3039 1831 meam,
3081 1769 3465 1837 sinceramque
3506 1767 3672 1822 chari-

2121 1858 2305 1915 tatem,
2343 1855 2493 1921 audi,
2525 1857 2775 1921 obsecro,
2818 1874 2925 1923 me,
2975 1874 3045 1918 ne
3080 1859 3126 1915 si
3163 1859 3325 1914 amici
3374 1860 3682 1935 suggestio-

2122 1958 2222 1999 nes
2252 1946 2416 2003 utiles
2455 1949 2736 2019 rejeceris.
2773 1949 2917 2005 idem
2951 1952 3253 2022 experiaris
3290 1951 3437 2022 quod
3463 1952 3680 2035 alcyon,

2119 2037 2206 2090 cui
2238 2053 2345 2092 non
2377 2039 2778 2110 obtemperanti
2814 2042 2962 2096 sanis
3006 2043 3253 2108 monitis,
3281 2043 3476 2098 Nereis
3501 2041 3682 2098 furata

2117 2128 2295 2197 pullos
2328 2140 2433 2195 est,
2480 2132 2584 2187 etsi
2619 2147 2715 2186 eos
2747 2132 2940 2187 eadem
2989 2144 3200 2202 postea,
3232 2134 3562 2189 intentatam
3611 2136 3681 2190 ab

2116 2231 2184 2275 eo
2212 2219 2321 2272 vim
2364 2221 2559 2287 verita,
2600 2222 2924 2293 restituerit.
2984 2220 3272 2277 [labitabat
3324 2224 3382 2278 in
3440 2226 3677 2293 quodam

2115 2311 2301 2366 littore
2333 2313 2449 2367 avis
2492 2314 2713 2369 nomine
2751 2314 2964 2385 alcyon,
2991 2330 3114 2379 cum
3142 2316 3391 2386 conjuge,
3426 2332 3550 2384 qua:
3570 2316 3678 2387 iam

2116 2407 2294 2477 partui
2336 2407 2533 2473 vicina,
2587 2409 2706 2465 viro
2744 2407 2917 2465 dixit:
2954 2409 3147 2476 Quaere
3191 2411 3267 2464 sis
3304 2410 3484 2465 locum
3515 2409 3674 2465 sedu-

2114 2507 2262 2553 ctum
2292 2516 2355 2554 ac
2393 2503 2665 2555 munitum
2720 2502 2813 2557 ubi
2853 2503 3031 2573 pullos
3058 2500 3455 2566 cxcludamus;
3490 2511 3675 2555 metuo

2112 2596 2257 2650 enim
2294 2613 2383 2661 ne,
2428 2598 2825 2654 intumescente
2852 2600 3009 2652 statis
3041 2598 3261 2653 testibus
3303 2596 3461 2660 mari,
3496 2598 3676 2653 veniat

2113 2687 2220 2743 huc
2246 2686 2437 2742 Nereis
2481 2696 2538 2742 et
2572 2688 2751 2757 pullos
2803 2699 3023 2743 nostros
3069 2687 3327 2756 abripiat.
3374 2685 3674 2755 Respondit

2110 2782 2161 2835 ei
2194 2782 2317 2833 vir:
2352 2781 2471 2847 Abi,
2508 2780 2879 2849 lomidolosa,
2918 2780 3162 2837 umbram
3221 2781 3415 2843 times;
3444 2778 3673 2848 periculi

2112 2871 2202 2927 hic
2232 2872 2454 2942 quidem
2489 2873 2627 2927 nihil
2658 2882 2760 2936 est,
2808 2871 3039 2926 exclude
3076 2872 3255 2942 pullos
3288 2886 3504 2925 secura.
3542 2869 3674 2925 lier-

2111 2964 2299 3019 bosam
2337 2970 2391 3017 et
2423 2964 2684 3034 irriguam
2728 2964 2989 3019 habemus
3032 2965 3360 3021 stationem:
3396 2962 3486 3019 ubi
3519 2977 3669 3016 com-

2113 3055 2354 3117 modius.
2392 3055 2484 3109 uhi
2519 3054 2819 3127 jucundius
2867 3054 3311 3110 diversabimur?
3350 3053 3451 3108 Coi
3494 3068 3668 3106 uxor:

2112 3146 2384 3202 Denuntio
2418 3148 2616 3203 iterum
2649 3147 2771 3211 tibi,
2803 3147 3079 3203 obnoxius
3111 3146 3363 3202 Nereidis
3396 3145 3560 3199 furtis
3583 3145 3672 3200 hic

438 3205 505 3258 ad
542 3206 748 3311 cibum.
790 3208 870 3262 Me
904 3209 1108 3279 potius,
1144 3211 1222 3265 ait
1248 3212 1409 3282 lupus
1438 3228 1743 3268 conversus
1793 3214 1859 3269 ad
1891 3215 2006 3267 leo-
2036 3242 2076 3298 ο
2112 3241 2264 3295 locus
2294 3250 2412 3306 est;
2456 3240 2732 3311 fugiamus
2773 3251 2900 3296 ante
2948 3239 3207 3295 damnum
3237 3257 3249 3292 ε
3288 3254 3413 3294 sem
3456 3238 3548 3293 ῖοιί
3583 3253 3671 3295 εει.

437 3310 589 3359 nem,
625 3299 869 3363 domine,
900 3303 1167 3367 comede;
1201 3303 1346 3358 haud
1387 3305 1550 3373 paulo
1600 3306 1726 3374 plus
1755 3321 1917 3376 quam
1949 3306 2004 3362 hi

439 3387 673 3451 idoneus
711 3391 778 3443 ad
834 3392 887 3445 id
924 3408 1068 3458 sum,
1123 3408 1224 3447 nec
1277 3396 1462 3449 minus
1514 3411 1680 3465 quam
1714 3398 2006 3467 quisquam

436 3492 684 3553 paratus,
739 3484 836 3553 qui
892 3496 1037 3540 tuam
1086 3502 1310 3557 semper
1351 3489 1784 3544 incolumltatem
1831 3498 1887 3545 et
1921 3490 2007 3544 di-

435 3575 704 3643 gnitatem
731 3580 860 3632 ante
889 3579 1070 3632 omnia
1098 3580 1401 3648 posuerim.
1444 3580 1545 3635 llic
1586 3580 1898 3637 coorientes
1926 3584 2004 3636 si-

440 3666 556 3721 mul
591 3667 718 3723 tbos
743 3676 800 3723 et
830 3685 1052 3733 corvus,
1077 3671 1205 3737 Qui,
1238 3672 1417 3736 aiunt,
1463 3674 1792 3742 strangulari
1821 3688 2006 3726 come-

437 3760 622 3815 dondo
670 3761 806 3827 vult,
855 3762 1044 3833 lupum
1094 3764 1431 3831 manducet;
1481 3779 1649 3835 rapax
1681 3777 1767 3822 est
1799 3767 2005 3831 bellua,

434 3855 598 3926 cuius
625 3856 794 3910 etiam
830 3865 994 3911 secta:
1048 3858 1102 3911 in
1145 3859 1319 3913 frusta
1362 3872 1558 3913 carnes
1586 3870 1643 3914 et
1670 3868 1859 3931 guttur
1881 3861 2005 3931 glu-

434 3947 627 4005 tientis
646 3957 700 4003 et
723 3946 935 4005 viscera
979 3950 1379 4021 discerperent.
1408 3951 1568 4006 Absit
1595 3951 1700 4007 hoc
1724 3966 1754 4006 a
1781 3954 2003 4007 domino

434 4040 595 4096 lcoue
631 4040 643 4095 1
675 4056 785 4097 non
835 4043 1076 4112 patimur
1108 4044 1212 4113 ipsi
1244 4045 1443 4115 apponi
1494 4060 1707 4101 veneno
1762 4049 2002 4119 pejorem

431 4147 637 4189 escam.
672 4131 718 4189 0
742 4134 930 4189 ouium
965 4144 1096 4189 tunc
1126 4137 1271 4190 oculi
1319 4138 1683 4193 convolarunt
1737 4139 1793 4194 in
1826 4156 2007 4195 came-

433 4228 568 4289 lum,
602 4242 725 4296 quae
764 4229 962 4282 misera
998 4245 1068 4282 ne
1104 4228 1281 4285 cilicio
1317 4245 1427 4286 una
1469 4230 1662 4287 deesse
1692 4233 2000 4294 videretur.

411 4316 718 4377 'couiidens
753 4330 931 4375 tamen
967 4332 1020 4375 et
1047 4322 1163 4391 ipsa
1191 4336 1594 4395 repugnaturos
1640 4327 2003 4398 proposi'ioui

432 4420 684 4476 cmteros,
734 4412 812 4466 En
849 4428 958 4475 me,
998 4414 1195 4484 inquit,
1229 4416 1450 4472 domine
1502 4417 1608 4483 leo.
1644 4419 1869 4475 comede
1904 4421 1999 4486 sis,

433 4519 556 4557 nam
606 4507 888 4571 carnibus,
940 4515 997 4560 et
1030 4508 1097 4562 iis
1154 4509 1206 4561 ui
1248 4508 1408 4563 fallor
1437 4510 1720 4574 suavibus,
1756 4513 2000 4569 abundo.

429 4598 860 4655 Conclamarunt
911 4601 1095 4656 statim
1153 4617 1387 4660 omnes:
1439 4603 1656 4675 Optime
1688 4607 1848 4675 dicis,
1904 4622 1966 4663 ca

435 4691 597 4751 mele,
652 4705 718 4745 ac
775 4691 864 4745 vix
894 4701 1213 4762 exspectato
1268 4694 1444 4751 leonis
1476 4706 1640 4760 nutu,
1701 4697 2001 4768 jugulatam

434 4784 818 4839 deartuarunt.
841 4785 1046 4841 Vereor
1068 4798 1123 4841 et
1150 4801 1252 4857 ego
1280 4804 1350 4843 ne
1377 4788 1423 4842 si
1451 4804 1604 4859 agam
1628 4790 1888 4857 molliter,
1922 4792 2000 4847 si-

430 4877 578 4931 milia
610 4876 811 4947 patiar.
838 4877 956 4932 Non
979 4894 1111 4950 ergo
1133 4894 1219 4934 me
1266 4880 1606 4948 committam
1630 4880 1849 4938 insidiis
1874 4881 2003 4938 isto-

432 4985 573 5036 rum,
625 4978 723 5026 aut
768 4972 1017 5028 subdolis
1067 4975 1488 5043 parasitantium
1539 4974 1687 5035 leoni
1749 4976 2001 5033 artiﬁciis

430 5063 609 5117 locum
673 5063 937 5129 tribuam,
1009 5066 1200 5133 ignava
1283 5065 1631 5137 obnoxiaque
1707 5068 1994 5147 patientia.

429 5151 615 5207 Lentos
652 5152 874 5210 fraudes
929 5154 1227 5225 aliquando
1261 5158 1433 5211 robur
1472 5173 1729 5228 maguum
1762 5161 1997 5229 elidunt,

429 5256 595 5314 prout
621 5247 803 5310 aiunt,
859 5248 976 5318 pati
1023 5257 1233 5318 petram
1268 5265 1297 5302 a
1339 5250 1503 5305 stillis
1538 5251 1743 5323 jugitcr
1770 5236 1999 5309 illaben-

429 5337 595 5391 tibus.
620 5337 918 5408 Expediam
949 5355 1182 5407 quarum
1208 5341 1343 5395 mihi
1369 5357 1489 5396 sum
1521 5346 1800 5411 conscius,
1831 5347 1994 5413 vires,

425 5442 484 5483 et
538 5445 623 5483 me
684 5431 750 5484 ad
805 5432 981 5500 palam
1032 5432 1414 5489 reluctandum
1469 5437 1715 5492 armaho.
1772 5438 1993 5495 Nullum

426 5521 761 5599 laudabilius
820 5538 958 5592 opus
1002 5532 1086 5578 est
1121 5538 1288 5594 quam
1316 5540 1539 5582 servare
1591 5530 1994 5601 semetipsum;

430 5614 661 5681 plusque
685 5598 958 5669 mercedis
979 5613 1058 5669 dii
1086 5628 1497 5685 proposuerunt
1520 5632 1687 5689 caput
1709 5598 1994 5693 proprium

426 5707 496 5761 ab
527 5714 779 5770 extremo
807 5706 1127 5764 discrimine
1164 5709 1361 5779 tuenti,
1412 5725 1576 5781 quam
1611 5724 1707 5769 aut
1745 5716 1864 5772 dies
1897 5733 1998 5773 no-

423 5807 655 5866 ctesque
689 5798 1036 5854 orationibus
1080 5800 1318 5866 vacanti,
1344 5812 1442 5857 aut
1468 5804 1817 5862 misericordi
1845 5807 1996 5881 large

428 5890 789 5961 bilariterque
838 5891 1091 5957 donanti,
1142 5902 1239 5948 aut
1292 5897 1585 5952 asceticam
1637 5899 1785 5955 ultro
1823 5905 1996 5960 susci-

428 5985 603 6061 pienti
633 5995 1065 6056 constanterque
1106 5989 1360 6045 toleranti
1397 5988 1767 6064 disciplinam.

2111 3330 2344 3399 plemus.
2375 3312 2642 3399 Reposuit
2673 3331 2900 3401 alcyon:
2947 3329 3113 3394 Tace,
3156 3331 3403 3400 inquam,
3443 3345 3553 3382 non
3580 3343 3674 3383 au-

2112 3421 2263 3477 debit
2312 3421 2507 3476 Nereis
2562 3420 2781 3475 irritare
2836 3436 2944 3484 me,
2978 3420 3124 3475 vires
3157 3436 3304 3476 meas
3355 3421 3529 3484 novit,
3566 3420 3672 3474 sibi

2113 3523 2342 3570 metuet.
2369 3514 2413 3571 Ο
2439 3522 2510 3577 te,
2545 3512 2721 3583 inquit
2747 3529 2904 3576 uxor,
2936 3513 3310 3577 temerarium,
3334 3514 3429 3583 qui
3472 3515 3670 3567 minari

2111 3606 2225 3661 dea:
2282 3606 2505 3661 audeas.
2572 3606 2764 3659 Metire
2812 3615 2861 3659 te
2920 3614 3012 3659 tuo
3065 3604 3307 3668 modulo,
3334 3615 3672 3676 ctagnosce,

2110 3700 2354 3754 mortalis
2406 3716 2530 3754 cum
2589 3700 2887 3755 immortali
2937 3702 3075 3752 male
3129 3708 3500 3767 comparatum
3551 3712 3673 3751 esse

2109 3803 2409 3847 certamen.
2462 3791 2568 3846 Fac
2602 3794 2769 3861 igitur
2797 3792 2941 3861 quod
2996 3790 3163 3857 suasi,
3194 3789 3531 3853 domicilium
3567 3790 3673 3845 alie

2111 3884 2384 3945 transfer;
2422 3899 2545 3938 nam
2578 3887 2621 3937 si
2654 3886 2912 3937 obiit-mas
2947 3861 3301 3952 pertinaciam
3336 3884 3388 3945 in
3423 3898 3532 3939 non
3575 3885 3675 3941 ob-

2108 3978 2392 4046 sequendo
2426 3977 2671 4031 monenti
2706 3988 2878 4041 recta,
2932 3977 3150 4030 eveniet
3186 3976 3329 4037 idem
3380 3975 3479 4029 tibi
3525 3976 3671 4045 quod

2108 4070 2393 4127 testudini.
2428 4071 2633 4125 Ferunt
2688 4071 2887 4138 quippe
2922 4068 2975 4123 in
3031 4068 3270 4137 quodam
3317 4065 3475 4127 .i‘onte
3514 4068 3672 4122 habi-

2111 4176 2252 4219 tasse
2315 4165 2453 4219 duos
2501 4173 2691 4217 anates
2741 4176 2863 4216 cum
2922 4176 3027 4215 una
3085 4159 3360 4217 testudine
3396 4198 3410 4211 .
3468 4157 3671 4213 Exare-

2108 4265 2292 4312 sccnte
2328 4264 2511 4309 autem
2551 4270 2648 4325 per
2674 4260 2917 4308 :estatem
2952 4251 3122 4315 (cote,
3158 4252 3449 4306 consilium
3480 4263 3673 4306 anates

2107 4359 2370 4419 ceperunt
2399 4347 2529 4403 alibi
2576 4346 2943 4400 diversorium
2987 4344 3289 4415 quarendi.
3316 4343 3383 4403 Ut
3407 4360 3540 4413 ergo
3561 4345 3670 4413 jam

2107 4442 2366 4497 collectas
2398 4439 2591 4493 efferre
2632 4437 2874 4499 sarcinas
2902 4446 3206 4506 coeperant,
3254 4436 3583 4505 stabantque
3617 4437 3671 4489 in

2110 4530 2451 4602 tnigrationis
2505 4528 2817 4599 procinctu,
2872 4528 3012 4583 dixit
3053 4528 3162 4582 illis
3215 4527 3467 4583 testudo:
3507 4526 3672 4588 Vobis

2105 4625 2329 4696 quidem
2380 4623 2569 4678 vivere
2605 4623 2724 4677 sine
2777 4637 2914 4691 aqua
2950 4620 3285 4681 valentibus,
3319 4620 3425 4687 isto
3459 4620 3669 4675 alarum

2105 4714 2334 4789 remigio
2383 4712 2557 4780 fretis,
2607 4727 2799 4782 parum
2855 4711 3013 4767 aﬂ‘crt
3066 4710 3457 4779 sollicitudinis
3507 4711 3669 4767 fontis

2103 4805 2433 4875 exsiccatio;
2460 4804 2594 4859 mihi
2625 4808 2839 4873 miserae
2873 4818 2980 4856 non
3014 4803 3320 4870 consulitis,
3348 4803 3438 4857 cui
3466 4813 3521 4856 et
3549 4802 3669 4873 vita;

2104 4900 2243 4952 ratio
2273 4913 2335 4953 ac
2371 4911 2497 4967 spes
2529 4896 2707 4951 omnis
2741 4894 2797 4949 in
2834 4910 2976 4965 aqua
3009 4902 3114 4958 est,
3146 4901 3203 4948 et
3255 4892 3411 4963 tarde
3448 4892 3668 4954 mobilis

2103 5001 2326 5046 onerata
2362 4989 2500 5042 mole
2532 5001 2674 5050 sum,
2706 5000 2775 5039 ne
2806 4985 2915 5039 alio
2945 4998 3055 5053 quo
3107 4999 3198 5039 res
3248 4984 3425 5051 poscit
3470 4996 3666 5063 queam

2066 5088 2069 5089 ⁷
2104 5099 2189 5151 tne
2223 5080 2539 5158 transferre.
2572 5077 2786 5145 Qumso,
2817 5076 2990 5130 tollite
3028 5091 3112 5129 me
3165 5072 3471 5137 vobiscum,
3520 5082 3575 5127 et
3602 5073 3666 5133 ii-

2100 5176 2190 5230 luc
2219 5173 2381 5230 simul
2412 5172 2698 5241 deportate
2728 5184 2838 5241 quo
2869 5166 3134 5239 migratis.
3182 5163 3281 5220 Cui
3310 5174 3526 5225 anates.
3555 5162 3665 5218 Nisi

2100 5269 2271 5338 juras,
2302 5265 2581 5334 inquiunt,
2605 5260 2788 5325 nobis,
2814 5271 2863 5315 te
2887 5259 3022 5329 nihil
3047 5275 3145 5329 per
3165 5257 3307 5312 viam
3330 5256 3664 5331 locuturam,

2102 5374 2211 5413 non
2241 5367 2291 5410 te
2330 5355 2587 5411 tollimus.
2639 5349 2874 5404 Admisit
2927 5347 3304 5404 ‘conditionem
3338 5358 3394 5401 et
3418 5347 3660 5417 jttravit.

2102 5465 2336 5518 tuosque
2374 5454 2582 5511 anates,
2614 5443 2849 5511 oblonga
2903 5439 3076 5511 tigillo
3114 5453 3370 5511 congrua:
3418 5437 3661 5507 latitudi-

2099 5546 2187 5600 nis
2216 5551 2425 5613 parato,
2463 5540 2772 5609 impositam
2807 5535 2858 5591 ei
2899 5534 3079 5588 medio
3114 5532 3469 5596 testudinem,
3505 5530 3667 5585 dorso

2101 5638 2262 5692 ambo
2295 5635 2552 5702 utrinque
2609 5630 2843 5689 sublatis
2874 5627 3007 5698 tigni
3038 5623 3314 5695 capitibus
3348 5624 3664 5684 extulerunt

2099 5727 2400 5781 avolantes.
2436 5724 2699 5787 Viatores,
2735 5719 2894 5773 elatis
2926 5718 3068 5775 forte
3098 5717 3297 5785 oculis,
3334 5715 3430 5771 ubi
3467 5717 3662 5770 mirum

2102 5818 2155 5872 id
2193 5815 2566 5885 spectaculum
2621 5813 2895 5876 viderunt,
2953 5811 3266 5881 Prodigium
3293 5810 3307 5863 l
3335 5810 3658 5873 exclamant,

2107 5910 2287 5964 videte
2342 5908 2670 5963 testudinem
2733 5906 2879 5960 inter
2942 5905 3081 5959 duos
3117 5913 3311 5959 anates
3362 5903 3655 5957 volantem.

2106 6002 2344 6059 Colleeta
2380 6001 2537 6083 turba
2570 6001 2916 6055 curiosorum
2944 6008 3028 6054 est
3054 5998 3363 6068 auditaeque
3395 6013 3512 6052 rem
3546 6013 3658 6051 aui-
