4016 6528
280 455 420 521 1273

276 665 515 734 nataque
562 663 802 730 testudo,
866 664 1033 720 etiam
1085 672 1335 721 vectores
1381 665 1668 736 despicere
1719 681 1847 720 suos

276 758 450 829 erepit
478 774 493 822 ;
522 772 588 812 ac
631 757 886 813 titillante
917 758 1144 830 gloriola
1191 773 1301 813 non
1332 767 1525 814 tenens
1564 758 1843 828 linguam:

274 848 381 911 En,
414 849 617 918 inquit,
652 850 817 904 etiam
848 866 967 917 vos,
988 867 1020 903 υ
1047 851 1588 923 anates,supervolo.
1630 849 1713 905 llli
1744 851 1848 905 hoc

273 940 470 996 audito
519 940 863 997 excutientes
912 943 1150 1012 pondus,
1207 943 1480 1013 periuram
1539 942 1849 1013 praecipita-

274 1038 426 1096 runt,
454 1046 577 1102 qua:
603 1032 837 1087 contrita
863 1033 1014 1104 lapsu
1046 1033 1276 1089 interiit.
1301 1034 1448 1089 Talis
1469 1034 1628 1090 ruina
1661 1041 1847 1089 manet

272 1136 388 1175 non
428 1123 765 1192 morigerum
795 1133 947 1179 recta
983 1125 1351 1179 monentibus.

342 1212 536 1268 XXIII;
588 1214 892 1285 Respondit
938 1216 1166 1286 alcyon:
1210 1215 1425 1271 Auditis
1467 1229 1590 1285 quae
1638 1213 1844 1277 dixisti,

270 1314 463 1375 persto
500 1316 682 1363 tamen
721 1308 777 1361 in
824 1308 1118 1363 sententia.
1170 1309 1275 1363 Fac
1304 1309 1450 1379 quod
1471 1308 1637 1378 jubeo
1663 1323 1677 1361 :
1703 1321 1849 1377 pone

270 1415 399 1461 ova.
435 1398 911 1472 excludqpullos.
959 1416 1062 1455 nec
1110 1401 1300 1455 timeas
1330 1400 1642 1455 Nereidem.
1681 1399 1849 1453 Natos

271 1504 444 1559 porro
465 1491 645 1560 pullos
666 1491 963 1546 adveniens
988 1490 1179 1546 Nereis
1204 1507 1327 1545 cum
1350 1491 1467 1560 ipso
1495 1491 1627 1545 nido
1659 1507 1844 1546 secum

270 1581 500 1634 abstulit
520 1598 534 1643 ;
554 1595 662 1648 quo
683 1580 826 1635 facto
849 1596 984 1635 uxor
1003 1583 1252 1653 alcyonis
1273 1583 1339 1636 ad
1361 1584 1538 1637 virum
1557 1599 1843 1640 conversa:

270 1671 389 1739 Ego
411 1672 657 1741 quidem,
691 1673 788 1737 ait,
818 1674 923 1727 boc
952 1674 1022 1728 ita
1052 1684 1111 1728 ut
1142 1676 1328 1730 evenit
1359 1675 1604 1730 futurum
1629 1684 1683 1731 et
1712 1691 1849 1745 prie-

268 1761 522 1814 videram
546 1770 601 1816 et
622 1762 999 1832 praedixeram.
1029 1763 1135 1818 Sed
1159 1766 1324 1819 surdo
1347 1766 1543 1829 cecini,
1573 1775 1623 1821 te
1649 1766 1716 1822 ad
1738 1780 1846 1819 non

269 1851 611 1906 credendum
642 1852 966 1920 obﬁrmato;
995 1869 1116 1924 qua:
1136 1870 1300 1910 causa
1333 1856 1492 1910 nobis
1524 1857 1656 1910 tanti
1685 1856 1849 1926 hujus

268 1940 462 1995 damni
494 1941 619 1996 fuit.
654 1942 755 1998 Cui
799 1945 1028 2015 alcyon:
1073 1945 1137 1998 Et
1160 1946 1491 2014 praedixeras
1542 1955 1592 1999 et
1623 1945 1850 1999 audive-

270 2047 431 2097 ram;
479 2033 574 2088 sed
624 2034 836 2088 videris
876 2035 1044 2089 oblita
1094 2036 1228 2106 quid
1270 2045 1383 2091 tum
1427 2035 1847 2107 responderim:

270 2138 462 2177 nonne
494 2121 607 2177 dixi
642 2122 764 2187 tibi,
801 2123 845 2179 si
884 2126 1014 2195 quid
1047 2125 1259 2196 injuriae
1289 2125 1448 2181 nobis
1479 2110 1674 2181 Nereis
1706 2125 1851 2179 face-

266 2223 377 2278 ret,
423 2213 685 2268 daturum
737 2230 824 2270 me
855 2229 1077 2285 operam
1120 2226 1182 2270 ut
1214 2232 1321 2271 non
1363 2217 1533 2272 ferret
1577 2218 1799 2285 impune
1827 2216 1853 2269 ?

266 2303 385 2358 Hoc
412 2303 559 2374 quod
587 2314 717 2359 tunc
735 2307 958 2374 promisi
983 2306 1241 2361 effectum
1263 2307 1439 2372 dabo;
1465 2322 1588 2361 mox
1614 2307 1848 2362 videbis.

266 2394 343 2448 Ea
368 2396 588 2449 locutus
621 2404 884 2465 cognatos
915 2397 1227 2468 amicosque
1266 2414 1395 2453 suos
1438 2398 1630 2453 adiens
1656 2398 1849 2467 singil-

269 2487 449 2547 latim,
488 2501 609 2552 quae
654 2503 849 2556 passus
893 2498 1040 2543 esset
1076 2505 1104 2542 a
1132 2490 1370 2545 Nereide
1410 2489 1698 2553 narravit;
1733 2500 1848 2543 tum

266 2579 385 2631 ait:
418 2576 666 2634 Obsecro
701 2580 1058 2649 obtestorque
1099 2597 1194 2635 vos
1226 2597 1295 2636 ne
1332 2596 1418 2635 me
1443 2581 1726 2644 deseratis,
1754 2580 1847 2634 sed

266 2670 598 2739 frequentes
629 2673 971 2726 auxiliamini
1014 2686 1324 2744 pugnaturo
1363 2681 1554 2728 contra
1591 2673 1849 2743 injustam

264 2762 658 2830 praedati-iectu
688 2800 703 2825 ,
739 2771 1066 2831 reputantes
1100 2772 1279 2817 vestra
1334 2762 1599 2818 interesse
1643 2771 1702 2816 ut
1732 2762 1850 2832 ejus

263 2852 492 2920 generis
525 2853 674 2906 ansis
706 2852 812 2907 cita
852 2853 989 2907 ultio
1023 2869 1132 2908 non
1165 2854 1335 2919 desit;
1372 2870 1496 2909 nam
1518 2853 1605 2909 'ad
1647 2871 1847 2908 unum-

263 2962 550 3017 quemque
600 2958 844 3003 vestrum
898 2948 1059 3004 facile
1113 2950 1398 3019 perveniet
1445 2952 1760 3009 calamitas.
1803 2950 1847 3004 si

265 3041 389 3093 bac
432 3041 684 3109 exempla
723 3040 989 3095 invitante
1034 3041 1361 3110 impunitate
1407 3039 1850 3111 frequententur.

266 3129 701 3201 Responderunt
748 3147 979 3186 omnes:
1029 3131 1235 3186 Prtcsto
1282 3148 1492 3194 sumus,
1541 3147 1610 3186 en
1662 3131 1846 3196 imus,

1164 463 1550 524 SPECIMEN
1605 462 2035 528 SAFlENTUE
2083 466 2441 528 INDORUM
2475 470 2641 533 VET.

278 575 481 630 bitiose
512 573 910 629 celebrantium
961 589 1166 643 voces;
1204 576 1407 644 quibus
1439 575 1708 632 delectata
1756 576 1841 630 in-
1870 582 1917 639 Α
1950 594 2060 632 non
2084 578 2290 647 ignava:
2315 579 2486 634 aleam
2504 581 2704 649 jacere.
2732 577 2845 634 Hoc
2866 577 3044 651 ipsum
3066 576 3393 633 vaferrimas
3414 578 3521 635 νε·-
3610 572 3632 583 “

3354 434 3520 532 imi

1948 670 2177 739 stigator
2192 668 2408 739 agebat,
2427 671 2776 738 quantumvis
2790 670 3124 726 contrarium
3142 669 3426 731 simulans,
3459 678 3520 724 ut

1950 765 2167 813 taurum
2188 758 2627 815 insidiosissimis
2648 760 2994 815 sermonibus
3022 760 3077 815 in
3100 759 3302 814 ferocia
3332 759 3520 814 isthtec

1948 865 2081 904 ausa
2114 850 2468 921 propelleret.
2498 850 2637 921 Ergo
2659 862 2898 923 emptum
2926 868 2992 909 ex
3025 861 3154 907 voto
3187 851 3290 906 sibi
3327 851 3521 905 videns

1952 941 2273 1005 succedere,
2323 951 2386 996 nt
2415 943 2681 998 scelerato
2709 943 3151 1000 machinamento
3178 942 3519 999 committen~

1948 1032 2143 1087 dorum
2180 1035 2502 1089 aemulorum
2534 1050 2759 1090 manum
2796 1034 3041 1091 ultimam
3074 1037 3383 1106 inponeret,
3419 1035 3520 1090 de-

1949 1125 2205 1180 claranda
2243 1126 2450 1196 putavit
2484 1137 2642 1182 tauro
2676 1128 2828 1198 signa
2859 1144 2983 1198 qua:
3016 1129 3071 1183 in
3101 1129 3428 1195 leone,dum
3449 1127 3517 1182 ad

1949 1216 2282 1272 saeviendum
2298 1233 2356 1272 se
2376 1218 2633 1289 accingit,
2651 1219 2823 1272 notari
2841 1228 3264 1281 consueverunt,
3285 1220 3430 1274 sicut
3451 1219 3524 1273 vi-

1950 1308 2134 1363 cissim
2152 1320 2308 1363 antea
2329 1308 2474 1363 leoni
2495 1318 2828 1379 exposuerat
2862 1310 3062 1365 indicia
3094 1311 3307 1366 ferocia:
3331 1311 3385 1365 in
3408 1311 3518 1365 vim

1948 1408 2179 1454 exserta:
2204 1400 2345 1455 tauri
2368 1409 2483 1455 toto
2500 1416 2620 1455 mox
2645 1412 2844 1456 conatu
2883 1402 3196 1474 pugnaturi;
3219 1413 3277 1458 ut
3312 1419 3435 1457 cum
3464 1401 3522 1459 in

1950 1497 2198 1542 mutuum
2215 1505 2336 1543 mox
2352 1502 2705 1559 conspectum
2723 1491 2882 1545 ambo
2904 1492 3202 1547 adversarii
3224 1493 3522 1559 venissent,

1949 1590 2018 1631 ex
2046 1585 2236 1631 mutua
2253 1578 2356 1632 ista
2387 1578 2769 1633 observatione
2802 1580 3082 1650 signorum
3109 1579 3521 1650 praedictorum,

1905 1673 1909 1677 ’
1950 1669 2015 1724 ad
2044 1670 2290 1739 praelium
2335 1685 2399 1724 ac
2429 1672 2634 1725 caedem
2679 1671 3052 1726 irritarentur.
3094 1673 3320 1727 lntuens
3358 1672 3525 1743 igitur

1950 1767 2167 1814 taurum
2192 1758 2315 1814 ficta
2338 1759 2733 1815 benevolentiae
2757 1761 2960 1831 Specie,
2980 1760 3444 1830 Quando.inquit,
3468 1760 3523 1813 in

1951 1855 2002 1906 vi
2040 1852 2405 1907 dissuadenda
2437 1851 2635 1906 frustra
2669 1868 2810 1917 sum,
2834 1862 2887 1907 et
2908 1851 3143 1921 experiri
3167 1851 3444 1907 virestuas
3467 1852 3522 1905 in

1951 1946 2164 1999 leonem
2198 1943 2634 2005 irrevocabiljter
2665 1953 2845 1998 certus
2879 1959 2958 2009 es,
2985 1942 3130 2013 quod
3151 1941 3399 1998 ultimum
3426 1941 3522 1998 tali

1953 2048 2195 2105 tempore
2221 2035 2392 2090 ﬁdelis
2422 2035 2674 2089 amicitia-
2698 2034 2935 2090 cilicium
2964 2051 3031 2089 ex
3054 2050 3139 2089 me
3163 2035 3261 2090 tibi
3287 2051 3404 2091 esse
3422 2049 3523 2105 po-

1952 2137 2076 2191 tcst,
2107 2127 2378 2183 admoneo
2409 2137 2481 2188 te,
2513 2127 2716 2195 quibus
2740 2142 2811 2182 ex
2831 2127 3001 2198 signis
3020 2137 3177 2182 certo
3193 2143 3362 2198 queas
3387 2142 3523 2198 pra:-

1951 2235 2178 2274 noscere
2196 2218 2541 2289 ignescentcs
2558 2218 2612 2271 in
2633 2228 2682 2272 te
2702 2219 2877 2273 leonis
2908 2219 3097 2281 furias,
3112 2234 3234 2273 mox
3257 2219 3314 2273 in
3332 2218 3524 2274 imma-

1954 2312 2210 2367 nissimas
2233 2310 2470 2364 insultus
2494 2319 2804 2379 erupturas.
2834 2310 2934 2372 Ubi
2958 2325 3090 2380 ergo
3116 2309 3291 2365 leonis
3323 2309 3522 2365 etlera-

1954 2415 2036 2458 tos
2071 2412 2125 2458 et
2151 2402 2415 2472 sanguine
2439 2401 2677 2457 sull'usos
2702 2402 2890 2456 oculos
2915 2402 3138 2468 videris,
3184 2403 3275 2457 ubi
3329 2402 3521 2458 eodem

1952 2505 2198 2565 tempore
2240 2493 2520 2549 notaveris
2552 2493 2927 2563 impatientem
2963 2482 3255 2550 tremorem
3289 2509 3431 2563 aegre
3464 2509 3524 2550 se

1951 2588 2398 2642 continentiuma
2418 2586 2629 2642 ruendo
2645 2596 2884 2651 artuum,
2910 2587 3071 2641 simul
3092 2603 3217 2641 eum
3245 2589 3440 2642 crebro
3467 2597 3523 2642 et

1954 2679 2258 2731 vehementi
2291 2677 2479 2731 caudae
2513 2688 2660 2744 terga
2690 2677 3014 2745 flagellantis
3041 2689 3213 2742 metu,
3246 2694 3377 2732 cave
3407 2688 3518 2732 tum

1908 2770 2072 2833 ‘tibi,
2125 2778 2178 2822 et
2205 2778 2397 2823 contra
2424 2770 2618 2838 expedi
2668 2779 2928 2838 quautam
2974 2761 3145 2824 babes
3190 2770 3524 2825 vim:certo

1952 2863 2098 2916 enim
2136 2862 2343 2916 certius
2390 2862 2572 2916 statim
2626 2861 2933 2930 experieris
2964 2862 3293 2917 saevissimos
3341 2862 3514 2932 impe-

1953 2964 2039 3007 tus
2074 2952 2250 3007 bostis
2300 2952 2703 3013 immanissimi,
2743 2953 2871 3007 totis
2908 2952 2961 3006 in
3012 2961 3064 3008 te
3094 2953 3307 3008 viribus
3346 2955 3520 3010 usuri.

2023 3048 2206 3102 XXIV.
2248 3049 2301 3101 lu
2336 3047 2483 3100 liunc
2516 3046 2738 3100 modum
2794 3045 3067 3116 instigatis
3110 3046 3163 3100 in
3194 3062 3252 3101 se
3288 3047 3521 3103 invicem

1952 3141 2216 3196 scelerato
2245 3138 2606 3209 Vestigatoris
2652 3136 2886 3192 artificio
2932 3137 3093 3193 leone
3123 3148 3287 3209 atque
3342 3150 3519 3202 tauro,

266 3224 380 3283 duc
401 3238 512 3292 quo
542 3222 645 3276 vis.
670 3222 777 3278 Sed
802 3239 992 3293 parum
1022 3238 1313 3291 possumus
1337 3234 1529 3278 contra
1559 3222 1849 3277 Nereidem
1879 3240 1922 3294 ρ
1954 3234 2046 3287 hic
2076 3232 2140 3286 ad
2174 3232 2327 3285 illum
2361 3231 2688 3302 ingreditur.
2716 3231 2999 3286 Ambobus
3026 3242 3208 3286 autem
3244 3248 3300 3284 se
3331 3242 3523 3287 mutuo

265 3330 375 3369 suo
410 3315 544 3381 mari
578 3323 785 3368 tutam:
816 3330 918 3370 nec
944 3330 1047 3369 nos
1083 3315 1337 3386 alcyones
1367 3325 1577 3370 tantum
1609 3315 1716 3377 ala,
1758 3330 1850 3369 ro-

263 3415 388 3461 stro
437 3414 535 3459 aut
582 3406 858 3473 unguibus
890 3408 1174 3471 valemus,
1228 3416 1289 3461 ut
1317 3409 1573 3477 persequi
1624 3420 1744 3461 eam
1796 3406 1851 3459 in

264 3513 436 3553 suum
490 3499 707 3569 penitus
765 3514 996 3569 regnum
1061 3501 1245 3570 ibique
1295 3501 1486 3556 ulcisci
1538 3501 1852 3570 possimus.

267 3578 499 3662 Hergis,
541 3589 748 3661 cycnis,
788 3601 882 3644 aut
916 3592 1083 3646 etiam
1116 3594 1420 3655 vulturum,
1461 3592 1767 3661 aquilarum
1799 3601 1857 3646 et

266 3684 571 3736 milvorum
626 3691 1059 3753 caeterarumque
1107 3685 1392 3739 volucrum
1446 3683 1851 3746 auxiliaribus,

266 3774 585 3844 isdemque
629 3774 966 3841 numerosis,
1017 3790 1157 3845 opus
1202 3774 1267 3828 ad
1320 3775 1425 3830 hoc
1473 3785 1619 3830 esset
1660 3776 1850 3844 copiis.

265 3865 438 3934 Ergo,
475 3864 658 3934 inquit
675 3864 903 3936 alcyon;
922 3867 1105 3921 venite
1134 3881 1349 3920 mecum
1371 3882 1584 3935 omnes,
1615 3876 1670 3920 et
1691 3866 1852 3919 simul

263 3971 401 4010 aves
433 3972 690 4027 rogemus
710 3971 778 4012 ne
805 3967 1105 4027 graventur
1129 3958 1321 4013 adesse
1354 3958 1536 4024 nobis,
1565 3958 1729 4013 chara
1770 3957 1856 4028 pi-

262 4063 441 4120 grora
478 4047 667 4118 inique
715 4057 870 4118 rapta
921 4048 1322 4119 repetentibus.
1379 4047 1496 4104 Una
1533 4050 1633 4103 fuit
1668 4050 1851 4103 avium

263 4141 523 4194 omnium
552 4141 871 4210 responsio:
903 4140 1189 4195 Faciemus
1212 4141 1357 4211 quod
1384 4140 1569 4210 petitis
1593 4139 1853 4201 libenter,

265 4231 438 4285 modo
471 4232 524 4285 in
558 4230 611 4284 id
658 4246 752 4285 rex
794 4241 982 4286 noster
1010 4242 1239 4297 annuat;
1290 4246 1414 4285 nam
1455 4232 1663 4301 absque
1690 4230 1854 4301 bnjus

264 4334 410 4378 nutu
443 4322 580 4376 nihil
610 4321 714 4377 tale
757 4323 918 4377 nobis
945 4322 1074 4377 licet
1118 4325 1420 4392 suscipere.
1461 4322 1602 4388 Quid
1639 4322 1807 4377 multa
1830 4322 1855 4374 ‘l

265 4417 528 4470 defertur
556 4429 646 4469 res
672 4414 738 4469 ad
771 4429 957 4484 regem
990 4416 1298 4470 volucrum.
1335 4414 1386 4469 ls
1411 4413 1690 4480 negotium
1721 4426 1845 4482 pro-

269 4508 389 4571 bat.
419 4506 627 4561 bellum
655 4513 771 4563 toto
799 4507 940 4561 coelo
969 4506 1023 4561 in
1050 4506 1341 4561 Nereidem
1371 4505 1564 4559 indicit
1595 4519 1659 4559 ac
1686 4518 1852 4573 expe-

1954 3325 2317 3387 intuentibus,
2346 3339 2408 3378 ac
2439 3326 2592 3378 leone
2632 3323 2853 3393 quidem
2889 3332 3114 3379 notante
3161 3325 3214 3377 in
3246 3335 3404 3378 tauro
3447 3324 3522 3378 si-

1953 3433 2055 3489 gna
2092 3414 2504 3473 effervescentis
2545 3416 2597 3468 in
2627 3415 2737 3468 vim
2770 3415 2864 3467 ira:
2899 3430 3018 3483 quae
3047 3415 3353 3487 Vestigator
3384 3431 3525 3486 pric-

1956 3514 2277 3567 tnonuerat:
2312 3514 2472 3560 tauro
2496 3504 2738 3560 vicissim
2774 3506 2923 3575 pal'ia
2971 3505 3173 3561 indicia
3224 3507 3524 3576 prurientis

1955 3599 2008 3651 in
2039 3612 2274 3667 pugnam
2306 3596 2545 3657 ferociae,
2580 3612 2701 3665 qua:
2730 3595 2874 3650 idem
2909 3598 3259 3665 praedixerat,
3288 3598 3340 3651 in
3362 3598 3523 3657 leone

1955 3697 2235 3753 cernente,
2268 3688 2419 3757 prior
2446 3698 2635 3741 taurus
2663 3686 2743 3741 sic
2772 3687 2918 3756 loqui
2954 3703 3115 3743 orsus
3146 3699 3263 3742 est:
3294 3687 3523 3743 Praestat

1955 3782 2059 3839 assi
2088 3785 2196 3834 'ere
2226 3781 2501 3850 speluncae
2531 3779 2886 3849 quantumvis
2913 3779 3017 3835 diri
3050 3779 3326 3844 draconis,
3359 3796 3525 3850 quam

1955 3874 2092 3927 aula:
2122 3872 2264 3942 regis
2296 3871 2372 3926 tui
2402 3871 2622 3938 similis,
2654 3887 2688 3926 ο
2715 3870 2823 3935 leo,
2853 3873 2958 3926 hoc
2979 3879 3063 3927 est
3089 3871 3285 3942 injusti’
3305 3886 3370 3926 ac
3401 3887 3527 3926 san-

1955 3963 2225 4032 guinarii;
2262 3970 2316 4017 ct
2352 3970 2477 4030 pust
2509 3960 2650 4017 hanc
2683 3963 2839 4032 quasi
2879 3962 3312 4032 clarigationem,
3347 3963 3525 4032 impe-

1957 4062 2071 4109 tum
2096 4053 2161 4107 ad
2192 4052 2301 4105 vim
2332 4053 2573 4124 expedit.
2606 4052 2713 4108 Sed
2745 4064 2975 4123 occupat
3006 4053 3116 4114 leo,
3149 4068 3212 4107 ac
3239 4052 3526 4107 violentis.

1955 4145 2092 4200 sime
2120 4143 2371 4199 insiliens
2419 4146 2684 4199 miserum
2736 4145 3003 4215 discerpit
3046 4155 3104 4200 et
3149 4143 3520 4201 excarniﬁcat.

1956 4237 2049 4301 Sic
2081 4235 2343 4290 occubuit
2377 4245 2568 4290 taurus
2598 4236 2653 4293 in
2681 4238 2859 4292 oculis
2886 4236 3245 4303 Vestigatoris
3275 4248 3329 4294 et
3356 4236 3525 4291 Coro.

1956 4326 2070 4380 nali
2112 4326 2258 4398 (nam
2287 4334 2343 4380 et
2374 4325 2464 4379 hic
2489 4326 2630 4381 forte
2667 4342 2907 4397 presens
2952 4326 3170 4397 adfuit),
3206 4327 3299 4397 qui
3342 4327 3527 4381 sciens

1955 4421 2082 4491 quis
2112 4419 2452 4489 compositor
2471 4420 2636 4491 hujus
2672 4422 2948 4491 tragoedia:
2980 4419 3194 4481 fuisset,
3223 4433 3525 4474 conversus

1955 4516 2022 4570 ad
2058 4514 2323 4570 artificem
2357 4515 2585 4570 sceleris
2617 4515 3035 4585 Vestigatorem,
3072 4514 3138 4569 iis
3172 4514 3326 4568 illum
3359 4511 3527 4579 intui—

265 4597 541 4653 tltt.onem
567 4606 742 4665 parat.
771 4595 1016 4652 Audiens
1050 4597 1150 4651 ista
1181 4596 1390 4661 Nereis,
1422 4608 1475 4652 et
1500 4596 1605 4650 late
1637 4594 1851 4650 fervere
1884 4595 1925 4651 D
1958 4618 2045 4661 ιυε
2087 4612 2173 4662 εει
2210 4607 2389 4662 oculis
2426 4606 2519 4676 qui
2553 4607 2688 4662 satis
2715 4606 3074 4663 ostenderem
3107 4616 3162 4662 οι
3206 4622 3369 4677 quam
3399 4619 3526 4677 ενα-

266 4695 600 4756 apparatum
627 4687 831 4741 ruituri
866 4702 989 4741 mox
1025 4688 1080 4742 in
1106 4688 1280 4758 ipsam
1317 4689 1595 4743 exercitus
1626 4686 1844 4751 videns,

266 4776 523 4843 diﬁidere
553 4776 723 4845 coepit
752 4776 868 4831 suis
896 4777 1131 4844 viribus,
1162 4778 1501 4849 consilioque
1528 4794 1715 4834 secum
1746 4779 1848 4833 ba-

270 4869 421 4930 lito,
470 4867 720 4923 decrevit
765 4868 1070 4938 periculum
1124 4871 1448 4941 ptenitentia
1497 4879 1844 4941 praevertere.

270 4958 461 5014 ltediit
482 4975 613 5030 ergo
641 4960 707 5013 ad
737 4960 1044 5031 alcyonem,
1075 4969 1131 5015 et
1163 4976 1290 5016 suos
1315 4960 1391 5015 illi
1419 4963 1596 5032 pullos
1632 4961 1847 5016 incolu-

271 5068 411 5124 ιιιρε⁸
425 5052 688 5107 reddidit.
717 5054 844 5105 Haec
872 5052 983 5107 disi
1017 5062 1076 5107 ut
1109 5053 1402 5124 intelligas,
1434 5064 1610 5117 taure,
1639 5054 1769 5124 quid
1796 5062 1849 5108 te

269 5122 521 5197 statuere
542 5143 833 5198 conveniat
862 5143 917 5197 in
949 5144 1054 5197 hoc
1086 5146 1379 5199 temerario
1406 5146 1692 5213 procinctu
1717 5144 1846 5200 belli

269 5230 598 5300 capessendi
631 5231 895 5287 adversus
925 5233 1159 5299 leonem,
1197 5234 1285 5287 cui
1317 5221 1444 5289 to'tis
1474 5234 1589 5288 suis
1610 5244 1665 5289 et
1692 5235 1844 5305 regni

270 5326 480 5396 opibus
520 5324 746 5405 bellanti
792 5326 937 5381 baud
984 5329 1156 5394 magis
1206 5336 1258 5383 te
1306 5329 1611 5399 resistendo
1657 5344 1844 5400 parem

269 5438 441 5489 quam
471 5421 765 5477 Nereidem
795 5424 906 5492 regi
936 5423 1142 5483 avium,
1176 5432 1316 5485 tute,
1343 5433 1402 5478 ut
1427 5424 1688 5491 arbitror,
1714 5423 1848 5480 fate-

269 5513 444 5566 beris.
496 5512 675 5569 Cedes
719 5530 871 5584 ergo,
924 5515 967 5569 si
1001 5530 1087 5569 tne
1134 5516 1348 5582 audias,
1383 5526 1438 5570 et
1474 5516 1848 5585 pacatioribus

269 5605 536 5661 intendes
562 5605 805 5659 animum
850 5606 1120 5661 consiliis.
1164 5606 1281 5661 Non
1314 5610 1622 5676 acquiesco.
1668 5608 1849 5679 inquit

268 5694 540 5749 ferociter
584 5703 818 5750 taurus:
871 5705 1056 5766 pacata
1105 5695 1207 5750 ista
1257 5697 1484 5752 consilia
1532 5697 1741 5751 lentum
1791 5699 1845 5753 in

270 5788 507 5841 exitium
539 5802 626 5842 me
670 5789 1073 5858 pertraherent.
1107 5789 1358 5855 Przestat,
1400 5797 1454 5844 et
1482 5800 1693 5845 certum
1738 5801 1844 5853 est,

271 5878 447 5934 semel
478 5879 800 5944 periclitari,
828 5890 883 5935 et
914 5882 992 5936 \el
1021 5880 1221 5935 nobilis
1244 5880 1507 5946 victoriae,
1536 5881 1618 5936 vel
1652 5881 1843 5938 mortis

1958 4699 2099 4752 viter
2123 4697 2459 4768 improbaret
2484 4699 2789 4761 factum,et
2814 4707 3078 4773 quantum
3104 4698 3230 4753 inde
3248 4696 3524 4755 malorum

1958 4789 2013 4843 in
2060 4790 2304 4845 auctoris
2335 4800 2500 4859 caput
2548 4790 2987 4845 redundaturum
3034 4797 3182 4843 esset
3225 4787 3526 4857 przedicere

1957 4880 2107 4936 taciti
2130 4880 2467 4935 viderentur.
2501 4881 2640 4935 Tum
2664 4896 2789 4935 eum
2814 4880 3090 4950 privatim.
3114 4877 3520 4949 quamprimum

1953 4971 2132 5035 licuit.
2164 4988 2228 5027 ac
2273 4974 2391 5027 sine
2436 4965 2659 5026 arbitris
2687 4974 3040 5035 conveniens,
3086 4970 3172 5026 bis
3218 4970 3526 5025 estall'atus

1955 5064 2175 5118 verbis;
2225 5062 2346 5118 Scis
2391 5062 2522 5132 quid
2570 5063 2781 5132 egeris;
2829 5072 2884 5116 et
2934 5062 2989 5115 in
3033 5061 3156 5117 sinu
3209 5059 3523 5133 gratularis,

1955 5168 2146 5213 nactas
2177 5170 2297 5210 esse
2327 5171 2485 5224 quem
2513 5163 2731 5223 cptaras
2757 5169 3070 5209 successum
3105 5163 3226 5209 tuas
3246 5152 3526 5210 scelestis-

1954 5248 2125 5302 sitnas
2165 5246 2413 5301 insidias.
2446 5246 2610 5315 Atqui
2640 5253 2691 5300 te
2737 5246 3025 5316 providere
3072 5261 3135 5301 ac
3161 5251 3524 5316 prazmet'nere

1955 5338 2387 5393 funestissimum
2421 5338 2522 5408 ipsi
2569 5337 2663 5394 tibi
2706 5339 2783 5395 tui
2831 5340 3055 5394 sceleris
3094 5339 3301 5393 exitum
3359 5354 3525 5407 opor-

1957 5437 2154 5483 tuerat.
2182 5426 2463 5487 Maculasti
2488 5426 2663 5480 leonis
2684 5425 2905 5492 famam,
2939 5427 3370 5482 invidiosissime
3395 5444 3525 5485 sua-

1957 5518 2137 5579 dendo
2186 5517 2468 5582 facinore;
2517 5528 2737 5573 taurum
2792 5520 3147 5575 innocentem
3201 5520 3524 5591 perdidisti,

1954 5610 2278 5667 eummisisti
2309 5609 2462 5680 prius
2501 5611 2806 5669 concordes
2835 5612 2984 5684 regni
3016 5627 3269 5682 proceres
3308 5613 3362 5667 in
3400 5628 3526 5689 per-

1957 5702 2380 5759 niciosissimam
2432 5703 2762 5758 discordiam
2810 5712 2867 5761 et
2911 5705 3313 5760 commilitones
3358 5709 3413 5761 in
3466 5718 3526 5759 se

1957 5795 2228 5861 invicem,
2280 5796 2443 5865 jactis
2494 5796 2826 5853 seditionum
2881 5798 3208 5859 seminibus.
3256 5797 3519 5852 armasri,

1954 5884 2032 5939 Au
2057 5889 2279 5955 impune
2307 5893 2357 5939 te.
2383 5886 2620 5943 laturum
2645 5902 2831 5958 speras
2863 5888 3093 5944 crimina
3124 5899 3228 5945 tam
3259 5886 3461 5942 alI'Oi‘iil
3501 5885 3525 5938 ἲ
