  <div class='ocr_page' id='page_1' title='image "/cluster/home/n/w/nwhite01/storage/ocr_20150623/143/hvd.32044019208321/685.png"; bbox 0 0 4016 6552; ppageno 0'>
   <div class='ocr_carea' id='block_1_1' title="bbox 529 433 667 495">
    <p class='ocr_par' dir='ltr' id='par_1_1' title="bbox 529 433 667 495">
     <span class='ocr_line' id='line_1_1' title="bbox 529 433 667 495; baseline 0.014 -2"><span class='ocrx_word' id='word_1_1' title='bbox 529 433 667 495; x_wconf 70' lang='lat'><strong>19.75</strong></span> 
     </span>
    </p>
   </div>
   <div class='ocr_carea' id='block_1_2' title="bbox 1935 434 2343 495">
    <p class='ocr_par' dir='ltr' id='par_1_2' title="bbox 1935 434 2343 495">
     <span class='ocr_line' id='line_1_2' title="bbox 1935 434 2343 495; baseline 0.007 -3"><span class='ocrx_word' id='word_1_2' title='bbox 1935 434 2343 495; x_wconf 78' lang='lat' dir='ltr'><strong>APPENDIX.</strong></span> 
     </span>
    </p>
   </div>
   <div class='ocr_carea' id='block_1_3' title="bbox 3655 430 3816 496">
    <p class='ocr_par' dir='ltr' id='par_1_3' title="bbox 3655 430 3816 496">
     <span class='ocr_line' id='line_1_3' title="bbox 3655 430 3816 496; baseline -0.025 0"><span class='ocrx_word' id='word_1_3' title='bbox 3655 430 3816 496; x_wconf 77' lang='lat'><strong>1276</strong></span> 
     </span>
    </p>
   </div>
   <div class='ocr_carea' id='block_1_4' title="bbox 531 544 3814 617">
    <p class='ocr_par' dir='ltr' id='par_1_4' title="bbox 531 544 3814 617">
     <span class='ocr_line' id='line_1_4' title="bbox 531 544 3814 617; baseline 0.001 -16"><span class='ocrx_word' id='word_1_4' title='bbox 531 548 762 601; x_wconf 69' lang='lat' dir='ltr'><strong>Falleris</strong></span> <span class='ocrx_word' id='word_1_5' title='bbox 796 561 912 602; x_wconf 90' lang='lat' dir='ltr'><strong>mea</strong></span> <span class='ocrx_word' id='word_1_6' title='bbox 944 545 1218 601; x_wconf 75' lang='lat' dir='ltr'><strong>sententia</strong></span> <span class='ocrx_word' id='word_1_7' title='bbox 1248 545 1566 616; x_wconf 87' lang='lat' dir='ltr'><strong>plurimum,</strong></span> <span class='ocrx_word' id='word_1_8' title='bbox 1605 546 1651 602; x_wconf 81' lang='lat' dir='ltr'><strong>si</strong></span> <span class='ocrx_word' id='word_1_9' title='bbox 1689 545 1739 601; x_wconf 91' lang='lat' dir='ltr'><strong>id</strong></span> <span class='ocrx_word' id='word_1_10' title='bbox 1770 547 1967 603; x_wconf 77' lang='lat' dir='ltr'><strong>credis.</strong></span> <span class='ocrx_word' id='word_1_11' title='bbox 1997 549 2095 602; x_wconf 85' lang='lat' dir='ltr'><strong>La-</strong></span> <span class='ocrx_word' id='word_1_12' title='bbox 2132 557 2175 611; x_wconf 78' lang='grc' dir='ltr'><strong>Α</strong></span> <span class='ocrx_word' id='word_1_13' title='bbox 2206 546 2453 617; x_wconf 90' lang='lat' dir='ltr'><strong>adeoque</strong></span> <span class='ocrx_word' id='word_1_14' title='bbox 2504 544 2680 601; x_wconf 88' lang='lat' dir='ltr'><strong>facere</strong></span> <span class='ocrx_word' id='word_1_15' title='bbox 2732 561 2816 601; x_wconf 91' lang='lat' dir='ltr'><strong>me</strong></span> <span class='ocrx_word' id='word_1_16' title='bbox 2869 546 2921 600; x_wconf 92' lang='lat' dir='ltr'><strong>in</strong></span> <span class='ocrx_word' id='word_1_17' title='bbox 2974 546 3100 604; x_wconf 87' lang='lat' dir='ltr'><strong>hoc.</strong></span> <span class='ocrx_word' id='word_1_18' title='bbox 3140 562 3262 602; x_wconf 88' lang='lat' dir='ltr'><strong>meo</strong></span> <span class='ocrx_word' id='word_1_19' title='bbox 3315 548 3540 615; x_wconf 88' lang='lat' dir='ltr'><strong>damno,</strong></span> <span class='ocrx_word' id='word_1_20' title='bbox 3595 559 3814 604; x_wconf 81' lang='lat' dir='ltr'><strong>contra</strong></span> 
     </span>
    </p>
   </div>
   <div class='ocr_carea' id='block_1_5' title="bbox 531 637 2114 708">
    <p class='ocr_par' dir='ltr' id='par_1_5' title="bbox 531 637 2114 708">
     <span class='ocr_line' id='line_1_5' title="bbox 531 637 2114 708; baseline 0 -14"><span class='ocrx_word' id='word_1_21' title='bbox 531 648 640 694; x_wconf 77' lang='lat' dir='ltr'><strong>teat</strong></span> <span class='ocrx_word' id='word_1_22' title='bbox 674 638 811 693; x_wconf 81' lang='lat' dir='ltr'><strong>forte</strong></span> <span class='ocrx_word' id='word_1_23' title='bbox 859 637 989 692; x_wconf 93' lang='lat' dir='ltr'><strong>licet</strong></span> <span class='ocrx_word' id='word_1_24' title='bbox 1039 654 1220 707; x_wconf 86' lang='lat' dir='ltr'><strong>regem</strong></span> <span class='ocrx_word' id='word_1_25' title='bbox 1260 639 1466 692; x_wconf 89' lang='lat' dir='ltr'><strong>malitia</strong></span> <span class='ocrx_word' id='word_1_26' title='bbox 1515 648 1626 704; x_wconf 88' lang='lat' dir='ltr'><strong>tua,</strong></span> <span class='ocrx_word' id='word_1_27' title='bbox 1661 648 1714 692; x_wconf 92' lang='lat' dir='ltr'><strong>at</strong></span> <span class='ocrx_word' id='word_1_28' title='bbox 1739 655 1857 694; x_wconf 79' lang='lat' dir='ltr'><strong>eam</strong></span> <span class='ocrx_word' id='word_1_29' title='bbox 1895 642 2114 708; x_wconf 91' lang='lat' dir='ltr'><strong>penitus</strong></span> 
     </span>
    </p>
   </div>
   <div class='ocr_carea' id='block_1_6' title="bbox 531 724 2110 796">
    <p class='ocr_par' dir='ltr' id='par_1_6' title="bbox 531 724 2110 796">
     <span class='ocr_line' id='line_1_6' title="bbox 531 724 2110 796; baseline 0.001 -17"><span class='ocrx_word' id='word_1_30' title='bbox 531 725 816 793; x_wconf 89' lang='lat' dir='ltr'><strong>pervident</strong></span> <span class='ocrx_word' id='word_1_31' title='bbox 841 724 1117 792; x_wconf 71' lang='lat' dir='ltr'><strong>sapientes</strong></span> <span class='ocrx_word' id='word_1_32' title='bbox 1140 741 1306 795; x_wconf 83' lang='lat' dir='ltr'><strong>supra</strong></span> <span class='ocrx_word' id='word_1_33' title='bbox 1336 727 1610 795; x_wconf 72' lang='lat' dir='ltr'><strong>vulgarem</strong></span> <span class='ocrx_word' id='word_1_34' title='bbox 1644 737 1862 796; x_wconf 90' lang='lat' dir='ltr'><strong>captum</strong></span> <span class='ocrx_word' id='word_1_35' title='bbox 1891 729 2110 782; x_wconf 71' lang='lat' dir='ltr'><strong>consilii</strong></span> 
     </span>
    </p>
   </div>
   <div class='ocr_carea' id='block_1_7' title="bbox 538 816 2111 886">
    <p class='ocr_par' dir='ltr' id='par_1_7' title="bbox 538 816 2111 886">
     <span class='ocr_line' id='line_1_7' title="bbox 538 816 2111 886; baseline 0.003 -18"><span class='ocrx_word' id='word_1_36' title='bbox 538 816 674 884; x_wconf 82' lang='lat' dir='ltr'><strong>regii</strong></span> <span class='ocrx_word' id='word_1_37' title='bbox 710 818 990 886; x_wconf 65' lang='lat' dir='ltr'><strong>praesides,</strong></span> <span class='ocrx_word' id='word_1_38' title='bbox 1024 817 1116 886; x_wconf 92' lang='lat' dir='ltr'><strong>qui</strong></span> <span class='ocrx_word' id='word_1_39' title='bbox 1149 817 1442 872; x_wconf 89' lang='lat' dir='ltr'><strong>conﬂatam</strong></span> <span class='ocrx_word' id='word_1_40' title='bbox 1475 834 1504 871; x_wconf 88' lang='lat' dir='ltr'><strong>a</strong></span> <span class='ocrx_word' id='word_1_41' title='bbox 1543 829 1594 873; x_wconf 90' lang='lat' dir='ltr'><strong>te</strong></span> <span class='ocrx_word' id='word_1_42' title='bbox 1627 818 1916 874; x_wconf 80' lang='lat' dir='ltr'><strong>factionem</strong></span> <span class='ocrx_word' id='word_1_43' title='bbox 1955 820 2111 873; x_wconf 86' lang='lat' dir='ltr'><strong>intel-</strong></span> 
     </span>
    </p>
   </div>
   <div class='ocr_carea' id='block_1_8' title="bbox 531 907 2110 980">
    <p class='ocr_par' dir='ltr' id='par_1_8' title="bbox 531 907 2110 980">
     <span class='ocr_line' id='line_1_8' title="bbox 531 907 2110 980; baseline 0.003 -20"><span class='ocrx_word' id='word_1_44' title='bbox 531 908 788 976; x_wconf 85' lang='lat' dir='ltr'><strong>ligentes,</strong></span> <span class='ocrx_word' id='word_1_45' title='bbox 815 907 1027 964; x_wconf 88' lang='lat' dir='ltr'><strong>dabunt</strong></span> <span class='ocrx_word' id='word_1_46' title='bbox 1049 918 1333 964; x_wconf 90' lang='lat' dir='ltr'><strong>strenuam</strong></span> <span class='ocrx_word' id='word_1_47' title='bbox 1382 917 1437 962; x_wconf 90' lang='lat' dir='ltr'><strong>et</strong></span> <span class='ocrx_word' id='word_1_48' title='bbox 1483 909 1757 963; x_wconf 87' lang='lat' dir='ltr'><strong>eﬂicacem</strong></span> <span class='ocrx_word' id='word_1_49' title='bbox 1783 927 2008 980; x_wconf 87' lang='lat' dir='ltr'><strong>operam</strong></span> <span class='ocrx_word' id='word_1_50' title='bbox 2041 910 2110 964; x_wconf 90' lang='lat' dir='ltr'><strong>ad</strong></span> 
     </span>
    </p>
   </div>
   <div class='ocr_carea' id='block_1_9' title="bbox 535 997 2114 1068">
    <p class='ocr_par' dir='ltr' id='par_1_9' title="bbox 535 997 2114 1068">
     <span class='ocr_line' id='line_1_9' title="bbox 535 997 2114 1068; baseline 0.003 -20"><span class='ocrx_word' id='word_1_51' title='bbox 535 997 948 1065; x_wconf 76' lang='lat' dir='ltr'><strong>przevcrtendos</strong></span> <span class='ocrx_word' id='word_1_52' title='bbox 979 1006 1209 1051; x_wconf 85' lang='lat' dir='ltr'><strong>conatus</strong></span> <span class='ocrx_word' id='word_1_53' title='bbox 1246 997 1442 1066; x_wconf 90' lang='lat' dir='ltr'><strong>impios</strong></span> <span class='ocrx_word' id='word_1_54' title='bbox 1467 1008 1523 1051; x_wconf 89' lang='lat' dir='ltr'><strong>et</strong></span> <span class='ocrx_word' id='word_1_55' title='bbox 1552 998 1777 1052; x_wconf 88' lang='lat' dir='ltr'><strong>infestas</strong></span> <span class='ocrx_word' id='word_1_56' title='bbox 1811 999 1985 1068; x_wconf 87' lang='lat' dir='ltr'><strong>quieti</strong></span> <span class='ocrx_word' id='word_1_57' title='bbox 2014 1015 2114 1068; x_wconf 87' lang='lat' dir='ltr'><strong>pu-</strong></span> 
     </span>
    </p>
   </div>
   <div class='ocr_carea' id='block_1_10' title="bbox 534 1087 2113 1157">
    <p class='ocr_par' dir='ltr' id='par_1_10' title="bbox 534 1087 2113 1157">
     <span class='ocr_line' id='line_1_10' title="bbox 534 1087 2113 1157; baseline 0.003 -16"><span class='ocrx_word' id='word_1_58' title='bbox 534 1088 693 1142; x_wconf 76' lang='lat' dir='ltr'><strong>blica:</strong></span> <span class='ocrx_word' id='word_1_59' title='bbox 719 1089 1030 1142; x_wconf 89' lang='lat' dir='ltr'><strong>molitiones</strong></span> <span class='ocrx_word' id='word_1_60' title='bbox 1056 1091 1110 1141; x_wconf 92' lang='lat' dir='ltr'><strong>in</strong></span> <span class='ocrx_word' id='word_1_61' title='bbox 1142 1087 1255 1157; x_wconf 90' lang='lat' dir='ltr'><strong>ipsa</strong></span> <span class='ocrx_word' id='word_1_62' title='bbox 1286 1089 1506 1144; x_wconf 74' lang='lat' dir='ltr'><strong>nefariae</strong></span> <span class='ocrx_word' id='word_1_63' title='bbox 1536 1090 1887 1146; x_wconf 65' lang='lat' dir='ltr'><strong>conscientia</strong></span> <span class='ocrx_word' id='word_1_64' title='bbox 1933 1091 2113 1146; x_wconf 89' lang='lat' dir='ltr'><strong>adhuc</strong></span> 
     </span>
    </p>
   </div>
   <div class='ocr_carea' id='block_1_11' title="bbox 534 1178 2110 1250">
    <p class='ocr_par' dir='ltr' id='par_1_11' title="bbox 534 1178 2110 1250">
     <span class='ocr_line' id='line_1_11' title="bbox 534 1178 2110 1250; baseline 0.003 -18"><span class='ocrx_word' id='word_1_65' title='bbox 534 1179 759 1234; x_wconf 88' lang='lat' dir='ltr'><strong>innoxia</strong></span> <span class='ocrx_word' id='word_1_66' title='bbox 814 1178 1190 1250; x_wconf 79' lang='lat' dir='ltr'><strong>designatione</strong></span> <span class='ocrx_word' id='word_1_67' title='bbox 1237 1179 1674 1249; x_wconf 74' lang='lat' dir='ltr'><strong>opprimendas;</strong></span> <span class='ocrx_word' id='word_1_68' title='bbox 1724 1197 1826 1240; x_wconf 88' lang='lat' dir='ltr'><strong>nec</strong></span> <span class='ocrx_word' id='word_1_69' title='bbox 1877 1181 2110 1237; x_wconf 87' lang='lat' dir='ltr'><strong>dubium</strong></span> 
     </span>
    </p>
   </div>
   <div class='ocr_carea' id='block_1_12' title="bbox 536 1268 2116 1340">
    <p class='ocr_par' dir='ltr' id='par_1_12' title="bbox 536 1268 2116 1340">
     <span class='ocr_line' id='line_1_12' title="bbox 536 1268 2116 1340; baseline 0.004 -18"><span class='ocrx_word' id='word_1_70' title='bbox 536 1268 672 1337; x_wconf 86' lang='lat' dir='ltr'><strong>quin</strong></span> <span class='ocrx_word' id='word_1_71' title='bbox 709 1270 998 1340; x_wconf 88' lang='lat' dir='ltr'><strong>perﬁciant</strong></span> <span class='ocrx_word' id='word_1_72' title='bbox 1038 1272 1184 1340; x_wconf 91' lang='lat' dir='ltr'><strong>quod</strong></span> <span class='ocrx_word' id='word_1_73' title='bbox 1220 1272 1432 1325; x_wconf 91' lang='lat' dir='ltr'><strong>volunt.</strong></span> <span class='ocrx_word' id='word_1_74' title='bbox 1470 1271 1586 1327; x_wconf 86' lang='lat' dir='ltr'><strong>Etsi</strong></span> <span class='ocrx_word' id='word_1_75' title='bbox 1625 1274 1773 1328; x_wconf 91' lang='lat' dir='ltr'><strong>enim</strong></span> <span class='ocrx_word' id='word_1_76' title='bbox 1811 1276 2116 1329; x_wconf 88' lang='lat' dir='ltr'><strong>multorum</strong></span> 
     </span>
    </p>
   </div>
   <div class='ocr_carea' id='block_1_13' title="bbox 538 1359 2115 1430">
    <p class='ocr_par' dir='ltr' id='par_1_13' title="bbox 538 1359 2115 1430">
     <span class='ocr_line' id='line_1_13' title="bbox 538 1359 2115 1430; baseline 0.003 -16"><span class='ocrx_word' id='word_1_77' title='bbox 538 1361 640 1414; x_wconf 90' lang='lat' dir='ltr'><strong>tibi</strong></span> <span class='ocrx_word' id='word_1_78' title='bbox 665 1359 848 1415; x_wconf 87' lang='lat' dir='ltr'><strong>studia</strong></span> <span class='ocrx_word' id='word_1_79' title='bbox 879 1369 934 1414; x_wconf 90' lang='lat' dir='ltr'><strong>et</strong></span> <span class='ocrx_word' id='word_1_80' title='bbox 959 1360 1160 1415; x_wconf 85' lang='lat' dir='ltr'><strong>auxilia</strong></span> <span class='ocrx_word' id='word_1_81' title='bbox 1184 1359 1412 1429; x_wconf 89' lang='lat' dir='ltr'><strong>parasti,</strong></span> <span class='ocrx_word' id='word_1_82' title='bbox 1435 1362 1732 1430; x_wconf 68' lang='lat' dir='ltr'><strong>prmvalere</strong></span> <span class='ocrx_word' id='word_1_83' title='bbox 1758 1373 1937 1417; x_wconf 88' lang='lat' dir='ltr'><strong>tamen</strong></span> <span class='ocrx_word' id='word_1_84' title='bbox 1970 1366 2115 1418; x_wconf 82' lang='lat' dir='ltr'><strong>solet</strong></span> 
     </span>
    </p>
   </div>
   <div class='ocr_carea' id='block_1_14' title="bbox 541 1451 2116 1524">
    <p class='ocr_par' dir='ltr' id='par_1_14' title="bbox 541 1451 2116 1524">
     <span class='ocr_line' id='line_1_14' title="bbox 541 1451 2116 1524; baseline 0.006 -22"><span class='ocrx_word' id='word_1_85' title='bbox 541 1451 836 1517; x_wconf 80' lang='lat' dir='ltr'><strong>tranquilla</strong></span> <span class='ocrx_word' id='word_1_86' title='bbox 867 1467 1165 1520; x_wconf 87' lang='lat' dir='ltr'><strong>paucorum</strong></span> <span class='ocrx_word' id='word_1_87' title='bbox 1196 1452 1443 1520; x_wconf 90' lang='lat' dir='ltr'><strong>capitum</strong></span> <span class='ocrx_word' id='word_1_88' title='bbox 1484 1453 1782 1522; x_wconf 85' lang='lat' dir='ltr'><strong>prudentia</strong></span> <span class='ocrx_word' id='word_1_89' title='bbox 1809 1456 2116 1524; x_wconf 79' lang='lat' dir='ltr'><strong>quamlibet</strong></span> 
     </span>
    </p>
   </div>
   <div class='ocr_carea' id='block_1_15' title="bbox 538 1532 2114 1618">
    <p class='ocr_par' dir='ltr' id='par_1_15' title="bbox 538 1532 2114 1618">
     <span class='ocr_line' id='line_1_15' title="bbox 538 1532 2114 1618; baseline 0.006 -28"><span class='ocrx_word' id='word_1_90' title='bbox 538 1539 835 1592; x_wconf 89' lang='lat' dir='ltr'><strong>multarum</strong></span> <span class='ocrx_word' id='word_1_91' title='bbox 861 1532 1214 1596; x_wconf 81' lang='lat' dir='ltr'><strong>tumultuosae</strong></span> <span class='ocrx_word' id='word_1_92' title='bbox 1238 1539 1513 1596; x_wconf 62' lang='lat' dir='ltr'><strong>violentia:</strong></span> <span class='ocrx_word' id='word_1_93' title='bbox 1541 1558 1829 1598; x_wconf 90' lang='lat' dir='ltr'><strong>manuum.</strong></span> <span class='ocrx_word' id='word_1_94' title='bbox 1864 1544 1987 1600; x_wconf 68' lang='grc' dir='ltr'><strong>ιιι-ο</strong></span> <span class='ocrx_word' id='word_1_95' title='bbox 2014 1562 2114 1618; x_wconf 85' lang='lat' dir='ltr'><strong>ego</strong></span> 
     </span>
    </p>
   </div>
   <div class='ocr_carea' id='block_1_16' title="bbox 541 1629 2116 1706">
    <p class='ocr_par' dir='ltr' id='par_1_16' title="bbox 541 1629 2116 1706">
     <span class='ocr_line' id='line_1_16' title="bbox 541 1629 2116 1706; baseline 0.007 -25"><span class='ocrx_word' id='word_1_96' title='bbox 541 1629 838 1698; x_wconf 89' lang='lat' dir='ltr'><strong>providens</strong></span> <span class='ocrx_word' id='word_1_97' title='bbox 869 1639 1015 1683; x_wconf 88' lang='lat' dir='ltr'><strong>tuam</strong></span> <span class='ocrx_word' id='word_1_98' title='bbox 1052 1633 1462 1700; x_wconf 86' lang='lat' dir='ltr'><strong>prorumpentis</strong></span> <span class='ocrx_word' id='word_1_99' title='bbox 1490 1634 1544 1687; x_wconf 90' lang='lat' dir='ltr'><strong>in</strong></span> <span class='ocrx_word' id='word_1_100' title='bbox 1581 1635 1717 1689; x_wconf 83' lang='lat' dir='ltr'><strong>tales</strong></span> <span class='ocrx_word' id='word_1_101' title='bbox 1747 1651 1914 1690; x_wconf 90' lang='lat' dir='ltr'><strong>ausus</strong></span> <span class='ocrx_word' id='word_1_102' title='bbox 1941 1639 2116 1706; x_wconf 54' lang='lat' dir='ltr'><strong>repriv</strong></span> 
     </span>
    </p>
   </div>
   <div class='ocr_carea' id='block_1_17' title="bbox 544 1719 2116 1800">
    <p class='ocr_par' dir='ltr' id='par_1_17' title="bbox 544 1719 2116 1800">
     <span class='ocr_line' id='line_1_17' title="bbox 544 1719 2116 1800; baseline 0.008 -28"><span class='ocrx_word' id='word_1_103' title='bbox 544 1719 696 1775; x_wconf 83' lang='lat' dir='ltr'><strong>mere</strong></span> <span class='ocrx_word' id='word_1_104' title='bbox 745 1721 1134 1775; x_wconf 89' lang='lat' dir='ltr'><strong>conﬁdentiam</strong></span> <span class='ocrx_word' id='word_1_105' title='bbox 1181 1721 1446 1790; x_wconf 89' lang='lat' dir='ltr'><strong>conabar,</strong></span> <span class='ocrx_word' id='word_1_106' title='bbox 1497 1735 1698 1794; x_wconf 63' lang='lat' dir='ltr'><strong>preeter</strong></span> <span class='ocrx_word' id='word_1_107' title='bbox 1740 1738 1885 1782; x_wconf 90' lang='lat' dir='ltr'><strong>tuam</strong></span> <span class='ocrx_word' id='word_1_108' title='bbox 1939 1729 2116 1800; x_wconf 84' lang='lat' dir='ltr'><strong>ipsius</strong></span> 
     </span>
    </p>
   </div>
   <div class='ocr_carea' id='block_1_18' title="bbox 539 1811 2116 1885">
    <p class='ocr_par' dir='ltr' id='par_1_18' title="bbox 539 1811 2116 1885">
     <span class='ocr_line' id='line_1_18' title="bbox 539 1811 2116 1885; baseline 0.006 -19"><span class='ocrx_word' id='word_1_109' title='bbox 539 1811 801 1876; x_wconf 84' lang='lat' dir='ltr'><strong>salutem,</strong></span> <span class='ocrx_word' id='word_1_110' title='bbox 824 1813 990 1868; x_wconf 89' lang='lat' dir='ltr'><strong>etiam</strong></span> <span class='ocrx_word' id='word_1_111' title='bbox 1019 1814 1164 1885; x_wconf 86' lang='lat' dir='ltr'><strong>regis</strong></span> <span class='ocrx_word' id='word_1_112' title='bbox 1192 1831 1257 1870; x_wconf 92' lang='lat' dir='ltr'><strong>ac</strong></span> <span class='ocrx_word' id='word_1_113' title='bbox 1285 1815 1438 1884; x_wconf 84' lang='lat' dir='ltr'><strong>regni</strong></span> <span class='ocrx_word' id='word_1_114' title='bbox 1468 1817 1903 1874; x_wconf 88' lang='lat' dir='ltr'><strong>incolumitatem</strong></span> <span class='ocrx_word' id='word_1_115' title='bbox 1932 1821 1985 1874; x_wconf 92' lang='lat' dir='ltr'><strong>in</strong></span> <span class='ocrx_word' id='word_1_116' title='bbox 2011 1821 2116 1876; x_wconf 89' lang='lat' dir='ltr'><strong>hoc</strong></span> 
     </span>
    </p>
   </div>
   <div class='ocr_carea' id='block_1_19' title="bbox 2212 639 3814 711">
    <p class='ocr_par' dir='ltr' id='par_1_19' title="bbox 2212 639 3814 711">
     <span class='ocr_line' id='line_1_19' title="bbox 2212 639 3814 711; baseline 0.001 -19"><span class='ocrx_word' id='word_1_117' title='bbox 2212 640 2599 710; x_wconf 65' lang='lat' dir='ltr'><strong>praescriptum</strong></span> <span class='ocrx_word' id='word_1_118' title='bbox 2631 639 2915 710; x_wconf 80' lang='lat' dir='ltr'><strong>cujusdam</strong></span> <span class='ocrx_word' id='word_1_119' title='bbox 2956 641 3243 710; x_wconf 82' lang='lat' dir='ltr'><strong>sapientis,</strong></span> <span class='ocrx_word' id='word_1_120' title='bbox 3271 643 3364 710; x_wconf 90' lang='lat' dir='ltr'><strong>qui</strong></span> <span class='ocrx_word' id='word_1_121' title='bbox 3405 653 3555 697; x_wconf 80' lang='lat' dir='ltr'><strong>recte</strong></span> <span class='ocrx_word' id='word_1_122' title='bbox 3591 643 3814 711; x_wconf 65' lang='lat' dir='ltr'><strong>praeci-</strong></span> 
     </span>
    </p>
   </div>
   <div class='ocr_carea' id='block_1_20' title="bbox 2216 726 3810 795">
    <p class='ocr_par' dir='ltr' id='par_1_20' title="bbox 2216 726 3810 795">
     <span class='ocr_line' id='line_1_20' title="bbox 2216 726 3810 795; baseline 0.003 -17"><span class='ocrx_word' id='word_1_123' title='bbox 2216 727 2331 795; x_wconf 86' lang='lat' dir='ltr'><strong>pit:</strong></span> <span class='ocrx_word' id='word_1_124' title='bbox 2379 726 2497 780; x_wconf 86' lang='lat' dir='ltr'><strong>Noli</strong></span> <span class='ocrx_word' id='word_1_125' title='bbox 2541 742 2771 795; x_wconf 82' lang='lat' dir='ltr'><strong>arguere</strong></span> <span class='ocrx_word' id='word_1_126' title='bbox 2807 726 3059 791; x_wconf 87' lang='lat' dir='ltr'><strong>stultum,</strong></span> <span class='ocrx_word' id='word_1_127' title='bbox 3097 743 3166 781; x_wconf 91' lang='lat' dir='ltr'><strong>ne</strong></span> <span class='ocrx_word' id='word_1_128' title='bbox 3200 735 3251 781; x_wconf 86' lang='lat' dir='ltr'><strong>te</strong></span> <span class='ocrx_word' id='word_1_129' title='bbox 3282 728 3414 781; x_wconf 91' lang='lat' dir='ltr'><strong>odio</strong></span> <span class='ocrx_word' id='word_1_130' title='bbox 3451 729 3681 789; x_wconf 84' lang='lat' dir='ltr'><strong>habeat.</strong></span> <span class='ocrx_word' id='word_1_131' title='bbox 3724 737 3810 789; x_wconf 87' lang='lat' dir='ltr'><strong>et,</strong></span> 
     </span>
    </p>
   </div>
   <div class='ocr_carea' id='block_1_21' title="bbox 2213 816 3811 887">
    <p class='ocr_par' dir='ltr' id='par_1_21' title="bbox 2213 816 3811 887">
     <span class='ocr_line' id='line_1_21' title="bbox 2213 816 3811 887; baseline 0 -15"><span class='ocrx_word' id='word_1_132' title='bbox 2213 816 2261 872; x_wconf 84' lang='lat' dir='ltr'><strong>si</strong></span> <span class='ocrx_word' id='word_1_133' title='bbox 2309 826 2511 887; x_wconf 86' lang='lat' dir='ltr'><strong>potest,</strong></span> <span class='ocrx_word' id='word_1_134' title='bbox 2566 818 2798 886; x_wconf 90' lang='lat' dir='ltr'><strong>perdat;</strong></span> <span class='ocrx_word' id='word_1_135' title='bbox 2852 816 3314 886; x_wconf 86' lang='lat' dir='ltr'><strong>quemadmodum</strong></span> <span class='ocrx_word' id='word_1_136' title='bbox 3367 819 3512 873; x_wconf 90' lang='lat' dir='ltr'><strong>simii</strong></span> <span class='ocrx_word' id='word_1_137' title='bbox 3558 835 3811 874; x_wconf 83' lang='lat' dir='ltr'><strong>corvum</strong></span> 
     </span>
    </p>
   </div>
   <div class='ocr_carea' id='block_1_22' title="bbox 2215 906 3812 978">
    <p class='ocr_par' dir='ltr' id='par_1_22' title="bbox 2215 906 3812 978">
     <span class='ocr_line' id='line_1_22' title="bbox 2215 906 3812 978; baseline 0.002 -19"><span class='ocrx_word' id='word_1_138' title='bbox 2215 906 2576 975; x_wconf 90' lang='lat' dir='ltr'><strong>perdiderunt</strong></span> <span class='ocrx_word' id='word_1_139' title='bbox 2625 906 3124 976; x_wconf 85' lang='lat' dir='ltr'><strong>reprehendentem</strong></span> <span class='ocrx_word' id='word_1_140' title='bbox 3192 908 3364 978; x_wconf 86' lang='lat' dir='ltr'><strong>ipsos.</strong></span> <span class='ocrx_word' id='word_1_141' title='bbox 3421 910 3594 962; x_wconf 84' lang='lat' dir='ltr'><strong>Aiunt</strong></span> <span class='ocrx_word' id='word_1_142' title='bbox 3645 911 3812 962; x_wconf 88' lang='lat' dir='ltr'><strong>enim</strong></span> 
     </span>
    </p>
   </div>
   <div class='ocr_carea' id='block_1_23' title="bbox 2214 998 3813 1071">
    <p class='ocr_par' dir='ltr' id='par_1_23' title="bbox 2214 998 3813 1071">
     <span class='ocr_line' id='line_1_23' title="bbox 2214 998 3813 1071; baseline 0 -18"><span class='ocrx_word' id='word_1_143' title='bbox 2214 999 2405 1053; x_wconf 90' lang='lat' dir='ltr'><strong>simlos</strong></span> <span class='ocrx_word' id='word_1_144' title='bbox 2431 998 2485 1052; x_wconf 91' lang='lat' dir='ltr'><strong>in</strong></span> <span class='ocrx_word' id='word_1_145' title='bbox 2517 999 2753 1067; x_wconf 90' lang='lat' dir='ltr'><strong>quadam</strong></span> <span class='ocrx_word' id='word_1_146' title='bbox 2787 999 2924 1052; x_wconf 84' lang='lat' dir='ltr'><strong>silva</strong></span> <span class='ocrx_word' id='word_1_147' title='bbox 2957 1009 3212 1053; x_wconf 87' lang='lat' dir='ltr'><strong>montana</strong></span> <span class='ocrx_word' id='word_1_148' title='bbox 3236 1017 3333 1069; x_wconf 90' lang='lat' dir='ltr'><strong>per</strong></span> <span class='ocrx_word' id='word_1_149' title='bbox 3357 1001 3599 1055; x_wconf 90' lang='lat' dir='ltr'><strong>hiemem</strong></span> <span class='ocrx_word' id='word_1_150' title='bbox 3639 1002 3778 1071; x_wconf 81' lang='lat' dir='ltr'><strong>frigi</strong></span> <span class='ocrx_word' id='word_1_151' title='bbox 3801 1032 3813 1040; x_wconf 87' lang='lat'><strong>-</strong></span> 
     </span>
    </p>
   </div>
   <div class='ocr_carea' id='block_1_24' title="bbox 2213 1089 3813 1162">
    <p class='ocr_par' dir='ltr' id='par_1_24' title="bbox 2213 1089 3813 1162">
     <span class='ocr_line' id='line_1_24' title="bbox 2213 1089 3813 1162; baseline 0.002 -19"><span class='ocrx_word' id='word_1_152' title='bbox 2213 1089 2496 1144; x_wconf 75' lang='lat' dir='ltr'><strong>dissimam</strong></span> <span class='ocrx_word' id='word_1_153' title='bbox 2545 1090 2832 1156; x_wconf 87' lang='lat' dir='ltr'><strong>degentes,</strong></span> <span class='ocrx_word' id='word_1_154' title='bbox 2885 1099 3183 1144; x_wconf 87' lang='lat' dir='ltr'><strong>trementes</strong></span> <span class='ocrx_word' id='word_1_155' title='bbox 3217 1092 3270 1145; x_wconf 90' lang='lat' dir='ltr'><strong>in</strong></span> <span class='ocrx_word' id='word_1_156' title='bbox 3321 1107 3536 1147; x_wconf 90' lang='lat' dir='ltr'><strong>summo</strong></span> <span class='ocrx_word' id='word_1_157' title='bbox 3577 1095 3813 1162; x_wconf 80' lang='lat' dir='ltr'><strong>algore,</strong></span> 
     </span>
    </p>
   </div>
   <div class='ocr_carea' id='block_1_25' title="bbox 2214 1182 3817 1255">
    <p class='ocr_par' dir='ltr' id='par_1_25' title="bbox 2214 1182 3817 1255">
     <span class='ocr_line' id='line_1_25' title="bbox 2214 1182 3817 1255; baseline 0.004 -21"><span class='ocrx_word' id='word_1_158' title='bbox 2214 1182 2421 1238; x_wconf 86' lang='lat' dir='ltr'><strong>vidisse</strong></span> <span class='ocrx_word' id='word_1_159' title='bbox 2467 1183 2608 1238; x_wconf 92' lang='lat' dir='ltr'><strong>forte</strong></span> <span class='ocrx_word' id='word_1_160' title='bbox 2658 1185 2894 1252; x_wconf 86' lang='lat' dir='ltr'><strong>lapidem</strong></span> <span class='ocrx_word' id='word_1_161' title='bbox 2943 1184 3283 1238; x_wconf 86' lang='lat' dir='ltr'><strong>carbunculo</strong></span> <span class='ocrx_word' id='word_1_162' title='bbox 3322 1185 3586 1252; x_wconf 84' lang='lat' dir='ltr'><strong>similem,</strong></span> <span class='ocrx_word' id='word_1_163' title='bbox 3638 1187 3817 1255; x_wconf 78' lang='lat' dir='ltr'><strong>cujus</strong></span> 
     </span>
    </p>
   </div>
   <div class='ocr_carea' id='block_1_26' title="bbox 2214 1275 3815 1345">
    <p class='ocr_par' dir='ltr' id='par_1_26' title="bbox 2214 1275 3815 1345">
     <span class='ocr_line' id='line_1_26' title="bbox 2214 1275 3815 1345; baseline 0 -15"><span class='ocrx_word' id='word_1_164' title='bbox 2214 1275 2427 1344; x_wconf 87' lang='lat' dir='ltr'><strong>fulgore</strong></span> <span class='ocrx_word' id='word_1_165' title='bbox 2467 1291 2767 1345; x_wconf 85' lang='lat' dir='ltr'><strong>prunarum</strong></span> <span class='ocrx_word' id='word_1_166' title='bbox 2802 1277 3038 1345; x_wconf 81' lang='lat' dir='ltr'><strong>speciem</strong></span> <span class='ocrx_word' id='word_1_167' title='bbox 3078 1276 3341 1338; x_wconf 90' lang='lat' dir='ltr'><strong>habente,</strong></span> <span class='ocrx_word' id='word_1_168' title='bbox 3380 1277 3435 1330; x_wconf 92' lang='lat' dir='ltr'><strong>in</strong></span> <span class='ocrx_word' id='word_1_169' title='bbox 3469 1278 3676 1332; x_wconf 80' lang='lat' dir='ltr'><strong>falsam</strong></span> <span class='ocrx_word' id='word_1_170' title='bbox 3719 1279 3815 1330; x_wconf 86' lang='lat' dir='ltr'><strong>in-</strong></span> 
     </span>
    </p>
   </div>
   <div class='ocr_carea' id='block_1_27' title="bbox 2214 1367 3814 1438">
    <p class='ocr_par' dir='ltr' id='par_1_27' title="bbox 2214 1367 3814 1438">
     <span class='ocr_line' id='line_1_27' title="bbox 2214 1367 3814 1438; baseline -0.002 -16"><span class='ocrx_word' id='word_1_171' title='bbox 2214 1369 2363 1422; x_wconf 92' lang='lat' dir='ltr'><strong>ducti</strong></span> <span class='ocrx_word' id='word_1_172' title='bbox 2387 1369 2729 1436; x_wconf 86' lang='lat' dir='ltr'><strong>opinionem,</strong></span> <span class='ocrx_word' id='word_1_173' title='bbox 2759 1368 2910 1421; x_wconf 90' lang='lat' dir='ltr'><strong>arida</strong></span> <span class='ocrx_word' id='word_1_174' title='bbox 2939 1367 3085 1422; x_wconf 90' lang='lat' dir='ltr'><strong>circa</strong></span> <span class='ocrx_word' id='word_1_175' title='bbox 3111 1368 3260 1422; x_wconf 93' lang='lat' dir='ltr'><strong>illum</strong></span> <span class='ocrx_word' id='word_1_176' title='bbox 3282 1380 3607 1438; x_wconf 82' lang='lat' dir='ltr'><strong>aggerentes</strong></span> <span class='ocrx_word' id='word_1_177' title='bbox 3638 1369 3814 1428; x_wconf 84' lang='lat' dir='ltr'><strong>folia,</strong></span> 
     </span>
    </p>
   </div>
   <div class='ocr_carea' id='block_1_28' title="bbox 2220 1459 3817 1530">
    <p class='ocr_par' dir='ltr' id='par_1_28' title="bbox 2220 1459 3817 1530">
     <span class='ocr_line' id='line_1_28' title="bbox 2220 1459 3817 1530; baseline -0.003 -14"><span class='ocrx_word' id='word_1_178' title='bbox 2220 1460 2471 1516; x_wconf 86' lang='lat' dir='ltr'><strong>certatim</strong></span> <span class='ocrx_word' id='word_1_179' title='bbox 2503 1462 2814 1530; x_wconf 79' lang='lat' dir='ltr'><strong>congregati</strong></span> <span class='ocrx_word' id='word_1_180' title='bbox 2846 1459 3051 1513; x_wconf 85' lang='lat' dir='ltr'><strong>circum</strong></span> <span class='ocrx_word' id='word_1_181' title='bbox 3080 1475 3292 1524; x_wconf 88' lang='lat' dir='ltr'><strong>omnes,</strong></span> <span class='ocrx_word' id='word_1_182' title='bbox 3326 1461 3377 1513; x_wconf 89' lang='lat' dir='ltr'><strong>in</strong></span> <span class='ocrx_word' id='word_1_183' title='bbox 3410 1460 3659 1528; x_wconf 81' lang='lat' dir='ltr'><strong>lapidem</strong></span> <span class='ocrx_word' id='word_1_184' title='bbox 3694 1460 3817 1512; x_wconf 88' lang='lat' dir='ltr'><strong>suf-</strong></span> 
     </span>
    </p>
   </div>
   <div class='ocr_carea' id='block_1_29' title="bbox 2218 1541 3818 1618">
    <p class='ocr_par' dir='ltr' id='par_1_29' title="bbox 2218 1541 3818 1618">
     <span class='ocr_line' id='line_1_29' title="bbox 2218 1541 3818 1618; baseline -0.001 -14"><span class='ocrx_word' id='word_1_185' title='bbox 2218 1551 2446 1614; x_wconf 87' lang='lat' dir='ltr'><strong>ﬂabant,</strong></span> <span class='ocrx_word' id='word_1_186' title='bbox 2503 1541 2814 1613; x_wconf 56' lang='lat' dir='ltr'><strong>ﬂam‘mam,</strong></span> <span class='ocrx_word' id='word_1_187' title='bbox 2874 1557 2932 1603; x_wconf 93' lang='lat' dir='ltr'><strong>ut</strong></span> <span class='ocrx_word' id='word_1_188' title='bbox 2985 1549 3270 1618; x_wconf 90' lang='lat' dir='ltr'><strong>putabant,</strong></span> <span class='ocrx_word' id='word_1_189' title='bbox 3321 1548 3582 1602; x_wconf 89' lang='lat' dir='ltr'><strong>elicituri.</strong></span> <span class='ocrx_word' id='word_1_190' title='bbox 3642 1547 3818 1602; x_wconf 78' lang='lat' dir='ltr'><strong>Hunc</strong></span> 
     </span>
    </p>
   </div>
   <div class='ocr_carea' id='block_1_30' title="bbox 2215 1639 3813 1708">
    <p class='ocr_par' dir='ltr' id='par_1_30' title="bbox 2215 1639 3813 1708">
     <span class='ocr_line' id='line_1_30' title="bbox 2215 1639 3813 1708; baseline -0.003 -13"><span class='ocrx_word' id='word_1_191' title='bbox 2215 1644 2444 1696; x_wconf 90' lang='lat' dir='ltr'><strong>stultum</strong></span> <span class='ocrx_word' id='word_1_192' title='bbox 2476 1655 2662 1694; x_wconf 91' lang='lat' dir='ltr'><strong>eorum</strong></span> <span class='ocrx_word' id='word_1_193' title='bbox 2693 1639 2939 1694; x_wconf 87' lang='lat' dir='ltr'><strong>laborem</strong></span> <span class='ocrx_word' id='word_1_194' title='bbox 2969 1639 3292 1708; x_wconf 84' lang='lat' dir='ltr'><strong>despectans</strong></span> <span class='ocrx_word' id='word_1_195' title='bbox 3320 1654 3386 1693; x_wconf 88' lang='lat' dir='ltr'><strong>ex</strong></span> <span class='ocrx_word' id='word_1_196' title='bbox 3418 1640 3526 1692; x_wconf 89' lang='lat' dir='ltr'><strong>alto</strong></span> <span class='ocrx_word' id='word_1_197' title='bbox 3561 1654 3813 1703; x_wconf 84' lang='lat' dir='ltr'><strong>corvus,</strong></span> 
     </span>
    </p>
   </div>
   <div class='ocr_carea' id='block_1_31' title="bbox 2215 1730 3818 1801">
    <p class='ocr_par' dir='ltr' id='par_1_31' title="bbox 2215 1730 3818 1801">
     <span class='ocr_line' id='line_1_31' title="bbox 2215 1730 3818 1801; baseline -0.002 -15"><span class='ocrx_word' id='word_1_198' title='bbox 2215 1731 2315 1795; x_wconf 85' lang='lat' dir='ltr'><strong>Ne,</strong></span> <span class='ocrx_word' id='word_1_199' title='bbox 2364 1732 2563 1801; x_wconf 88' lang='lat' dir='ltr'><strong>inquit,</strong></span> <span class='ocrx_word' id='word_1_200' title='bbox 2598 1730 2818 1796; x_wconf 91' lang='lat' dir='ltr'><strong>erretis,</strong></span> <span class='ocrx_word' id='word_1_201' title='bbox 2846 1746 2879 1784; x_wconf 88' lang='grc' dir='ltr'><strong>ο</strong></span> <span class='ocrx_word' id='word_1_202' title='bbox 2910 1730 3063 1792; x_wconf 89' lang='lat' dir='ltr'><strong>boni,</strong></span> <span class='ocrx_word' id='word_1_203' title='bbox 3098 1738 3250 1799; x_wconf 90' lang='lat' dir='ltr'><strong>petra</strong></span> <span class='ocrx_word' id='word_1_204' title='bbox 3283 1730 3395 1784; x_wconf 60' lang='lat' dir='ltr'><strong>haec</strong></span> <span class='ocrx_word' id='word_1_205' title='bbox 3441 1730 3628 1798; x_wconf 87' lang='lat' dir='ltr'><strong>gelida</strong></span> <span class='ocrx_word' id='word_1_206' title='bbox 3677 1739 3773 1784; x_wconf 87' lang='lat' dir='ltr'><strong>est</strong></span> <span class='ocrx_word' id='word_1_207' title='bbox 3802 1769 3818 1789; x_wconf 91' lang='lat'><strong><em>.</em></strong></span> 
     </span>
    </p>
   </div>
   <div class='ocr_carea' id='block_1_32' title="bbox 2219 1819 3820 1894">
    <p class='ocr_par' dir='ltr' id='par_1_32' title="bbox 2219 1819 3820 1894">
     <span class='ocr_line' id='line_1_32' title="bbox 2219 1819 3820 1894; baseline -0.002 -16"><span class='ocrx_word' id='word_1_208' title='bbox 2219 1825 2360 1878; x_wconf 91' lang='lat' dir='ltr'><strong>nihil</strong></span> <span class='ocrx_word' id='word_1_209' title='bbox 2398 1825 2538 1894; x_wconf 83' lang='lat' dir='ltr'><strong>ignis</strong></span> <span class='ocrx_word' id='word_1_210' title='bbox 2585 1825 2794 1878; x_wconf 87' lang='lat' dir='ltr'><strong>habens</strong></span> <span class='ocrx_word' id='word_1_211' title='bbox 2841 1833 3043 1892; x_wconf 79' lang='lat' dir='ltr'><strong>praeter</strong></span> <span class='ocrx_word' id='word_1_212' title='bbox 3071 1823 3330 1876; x_wconf 90' lang='lat' dir='ltr'><strong>colorem.</strong></span> <span class='ocrx_word' id='word_1_213' title='bbox 3378 1821 3504 1876; x_wconf 67' lang='lat' dir='ltr'><strong>Haec</strong></span> <span class='ocrx_word' id='word_1_214' title='bbox 3533 1838 3670 1876; x_wconf 88' lang='lat' dir='ltr'><strong>eum</strong></span> <span class='ocrx_word' id='word_1_215' title='bbox 3731 1819 3820 1875; x_wconf 87' lang='lat' dir='ltr'><strong>illi</strong></span> 
     </span>
    </p>
   </div>
   <div class='ocr_carea' id='block_1_33' title="bbox 537 1903 3821 1982">
    <p class='ocr_par' dir='ltr' id='par_1_33' title="bbox 537 1903 3821 1982">
     <span class='ocr_line' id='line_1_33' title="bbox 537 1903 3821 1982; baseline 0.003 -26"><span class='ocrx_word' id='word_1_216' title='bbox 537 1913 818 1973; x_wconf 83' lang='lat' dir='ltr'><strong>spectans.</strong></span> <span class='ocrx_word' id='word_1_217' title='bbox 870 1903 1017 1959; x_wconf 87' lang='lat' dir='ltr'><strong>Nihil</strong></span> <span class='ocrx_word' id='word_1_218' title='bbox 1064 1905 1215 1960; x_wconf 89' lang='lat' dir='ltr'><strong>enim</strong></span> <span class='ocrx_word' id='word_1_219' title='bbox 1259 1907 1553 1963; x_wconf 80' lang='lat' dir='ltr'><strong>exitiosius</strong></span> <span class='ocrx_word' id='word_1_220' title='bbox 1589 1911 1869 1981; x_wconf 89' lang='lat' dir='ltr'><strong>principes</strong></span> <span class='ocrx_word' id='word_1_221' title='bbox 1907 1914 2111 1980; x_wconf 85' lang='lat' dir='ltr'><strong>princi-</strong></span> <span class='ocrx_word' id='word_1_222' title='bbox 2147 1923 2190 1980; x_wconf 73' lang='grc' dir='ltr'><strong><em>Β</em></strong></span> <span class='ocrx_word' id='word_1_223' title='bbox 2222 1916 2496 1970; x_wconf 86' lang='lat' dir='ltr'><strong>dicentem</strong></span> <span class='ocrx_word' id='word_1_224' title='bbox 2533 1915 2866 1974; x_wconf 87' lang='lat' dir='ltr'><strong>irridebant.</strong></span> <span class='ocrx_word' id='word_1_225' title='bbox 2907 1915 3274 1969; x_wconf 72' lang='lat' dir='ltr'><strong>intentissima</strong></span> <span class='ocrx_word' id='word_1_226' title='bbox 3309 1914 3376 1969; x_wconf 91' lang='lat' dir='ltr'><strong>de</strong></span> <span class='ocrx_word' id='word_1_227' title='bbox 3415 1924 3618 1969; x_wconf 64' lang='lat' dir='ltr'><strong>caetero</strong></span> <span class='ocrx_word' id='word_1_228' title='bbox 3652 1913 3821 1982; x_wconf 87' lang='lat' dir='ltr'><strong>quod</strong></span> 
     </span>
    </p>
   </div>
   <div class='ocr_carea' id='block_1_34' title="bbox 538 1998 2114 2076">
    <p class='ocr_par' dir='ltr' id='par_1_34' title="bbox 538 1998 2114 2076">
     <span class='ocr_line' id='line_1_34' title="bbox 538 1998 2114 2076; baseline 0.008 -29"><span class='ocrx_word' id='word_1_229' title='bbox 538 2003 809 2066; x_wconf 89' lang='lat' dir='ltr'><strong>patusque</strong></span> <span class='ocrx_word' id='word_1_230' title='bbox 840 1998 1134 2066; x_wconf 85' lang='lat' dir='ltr'><strong>pervertit,</strong></span> <span class='ocrx_word' id='word_1_231' title='bbox 1157 2015 1319 2068; x_wconf 91' lang='lat' dir='ltr'><strong>quam</strong></span> <span class='ocrx_word' id='word_1_232' title='bbox 1348 2002 1557 2057; x_wconf 89' lang='lat' dir='ltr'><strong>auditio</strong></span> <span class='ocrx_word' id='word_1_233' title='bbox 1584 2004 1960 2074; x_wconf 88' lang='lat' dir='ltr'><strong>admissioque</strong></span> <span class='ocrx_word' id='word_1_234' title='bbox 1986 2022 2114 2076; x_wconf 89' lang='lat' dir='ltr'><strong>sug-</strong></span> 
     </span>
    </p>
   </div>
   <div class='ocr_carea' id='block_1_35' title="bbox 538 2087 2115 2164">
    <p class='ocr_par' dir='ltr' id='par_1_35' title="bbox 538 2087 2115 2164">
     <span class='ocr_line' id='line_1_35' title="bbox 538 2087 2115 2164; baseline 0.01 -26"><span class='ocrx_word' id='word_1_235' title='bbox 538 2087 850 2153; x_wconf 90' lang='lat' dir='ltr'><strong>gestionum</strong></span> <span class='ocrx_word' id='word_1_236' title='bbox 883 2088 1093 2154; x_wconf 89' lang='lat' dir='ltr'><strong>talium,</strong></span> <span class='ocrx_word' id='word_1_237' title='bbox 1129 2091 1322 2160; x_wconf 89' lang='lat' dir='ltr'><strong>quales</strong></span> <span class='ocrx_word' id='word_1_238' title='bbox 1354 2099 1409 2146; x_wconf 93' lang='lat' dir='ltr'><strong>tu</strong></span> <span class='ocrx_word' id='word_1_239' title='bbox 1449 2094 1640 2164; x_wconf 90' lang='lat' dir='ltr'><strong>tuique</strong></span> <span class='ocrx_word' id='word_1_240' title='bbox 1672 2096 1882 2151; x_wconf 89' lang='lat' dir='ltr'><strong>similes</strong></span> <span class='ocrx_word' id='word_1_241' title='bbox 1923 2099 2115 2154; x_wconf 87' lang='lat' dir='ltr'><strong>soletis</strong></span> 
     </span>
    </p>
   </div>
   <div class='ocr_carea' id='block_1_36' title="bbox 540 2179 2117 2254">
    <p class='ocr_par' dir='ltr' id='par_1_36' title="bbox 540 2179 2117 2254">
     <span class='ocr_line' id='line_1_36' title="bbox 540 2179 2117 2254; baseline 0.008 -22"><span class='ocrx_word' id='word_1_242' title='bbox 540 2179 820 2236; x_wconf 86' lang='lat' dir='ltr'><strong>inculcare</strong></span> <span class='ocrx_word' id='word_1_243' title='bbox 852 2180 1088 2237; x_wconf 89' lang='lat' dir='ltr'><strong>incautis</strong></span> <span class='ocrx_word' id='word_1_244' title='bbox 1124 2184 1473 2254; x_wconf 88' lang='lat' dir='ltr'><strong>regnantium</strong></span> <span class='ocrx_word' id='word_1_245' title='bbox 1510 2185 1763 2242; x_wconf 88' lang='lat' dir='ltr'><strong>auribus.</strong></span> <span class='ocrx_word' id='word_1_246' title='bbox 1806 2189 1936 2243; x_wconf 75' lang='lat' dir='ltr'><strong>Mihi</strong></span> <span class='ocrx_word' id='word_1_247' title='bbox 1973 2207 2117 2244; x_wconf 88' lang='lat' dir='ltr'><strong>sem-</strong></span> 
     </span>
    </p>
   </div>
   <div class='ocr_carea' id='block_1_37' title="bbox 539 2271 2118 2348">
    <p class='ocr_par' dir='ltr' id='par_1_37' title="bbox 539 2271 2118 2348">
     <span class='ocr_line' id='line_1_37' title="bbox 539 2271 2118 2348; baseline 0.008 -24"><span class='ocrx_word' id='word_1_248' title='bbox 539 2287 639 2340; x_wconf 89' lang='lat' dir='ltr'><strong>per</strong></span> <span class='ocrx_word' id='word_1_249' title='bbox 673 2271 747 2326; x_wconf 91' lang='lat' dir='ltr'><strong>ita</strong></span> <span class='ocrx_word' id='word_1_250' title='bbox 781 2274 957 2329; x_wconf 92' lang='lat' dir='ltr'><strong>visum</strong></span> <span class='ocrx_word' id='word_1_251' title='bbox 995 2284 1114 2329; x_wconf 91' lang='lat' dir='ltr'><strong>est:</strong></span> <span class='ocrx_word' id='word_1_252' title='bbox 1153 2275 1312 2330; x_wconf 89' lang='lat' dir='ltr'><strong>dotes</strong></span> <span class='ocrx_word' id='word_1_253' title='bbox 1352 2275 1715 2347; x_wconf 89' lang='lat' dir='ltr'><strong>virtutesque,</strong></span> <span class='ocrx_word' id='word_1_254' title='bbox 1753 2280 1955 2348; x_wconf 88' lang='lat' dir='ltr'><strong>quibus</strong></span> <span class='ocrx_word' id='word_1_255' title='bbox 1991 2280 2118 2337; x_wconf 67' lang='lat' dir='ltr'><strong>vitae</strong></span> 
     </span>
    </p>
   </div>
   <div class='ocr_carea' id='block_1_38' title="bbox 536 2361 2118 2439">
    <p class='ocr_par' dir='ltr' id='par_1_38' title="bbox 536 2361 2118 2439">
     <span class='ocr_line' id='line_1_38' title="bbox 536 2361 2118 2439; baseline 0.008 -27"><span class='ocrx_word' id='word_1_256' title='bbox 536 2361 773 2416; x_wconf 79' lang='lat' dir='ltr'><strong>felicitas</strong></span> <span class='ocrx_word' id='word_1_257' title='bbox 803 2362 1129 2429; x_wconf 85' lang='lat' dir='ltr'><strong>absolvitur,</strong></span> <span class='ocrx_word' id='word_1_258' title='bbox 1156 2363 1256 2419; x_wconf 88' lang='lat' dir='ltr'><strong>has</strong></span> <span class='ocrx_word' id='word_1_259' title='bbox 1283 2381 1444 2420; x_wconf 91' lang='lat' dir='ltr'><strong>esse:</strong></span> <span class='ocrx_word' id='word_1_260' title='bbox 1483 2366 1814 2432; x_wconf 88' lang='lat' dir='ltr'><strong>doctrinam,</strong></span> <span class='ocrx_word' id='word_1_261' title='bbox 1851 2370 2118 2439; x_wconf 89' lang='lat' dir='ltr'><strong>eloquen-</strong></span> 
     </span>
    </p>
   </div>
   <div class='ocr_carea' id='block_1_39' title="bbox 542 2453 2117 2532">
    <p class='ocr_par' dir='ltr' id='par_1_39' title="bbox 542 2453 2117 2532">
     <span class='ocr_line' id='line_1_39' title="bbox 542 2453 2117 2532; baseline 0.009 -29"><span class='ocrx_word' id='word_1_262' title='bbox 542 2460 711 2515; x_wconf 59' lang='lat' dir='ltr'><strong>tiam,</strong></span> <span class='ocrx_word' id='word_1_263' title='bbox 765 2453 1071 2524; x_wconf 79' lang='lat' dir='ltr'><strong>justitiam,</strong></span> <span class='ocrx_word' id='word_1_264' title='bbox 1124 2456 1512 2512; x_wconf 86' lang='lat' dir='ltr'><strong>liberalitatem</strong></span> <span class='ocrx_word' id='word_1_265' title='bbox 1561 2459 1817 2524; x_wconf 90' lang='lat' dir='ltr'><strong>hilarem,</strong></span> <span class='ocrx_word' id='word_1_266' title='bbox 1875 2461 2117 2532; x_wconf 82' lang='lat' dir='ltr'><strong>legitime</strong></span> 
     </span>
    </p>
   </div>
   <div class='ocr_carea' id='block_1_40' title="bbox 538 2547 2117 2625">
    <p class='ocr_par' dir='ltr' id='par_1_40' title="bbox 538 2547 2117 2625">
     <span class='ocr_line' id='line_1_40' title="bbox 538 2547 2117 2625; baseline 0.009 -29"><span class='ocrx_word' id='word_1_267' title='bbox 538 2553 725 2611; x_wconf 89' lang='lat' dir='ltr'><strong>partas</strong></span> <span class='ocrx_word' id='word_1_268' title='bbox 767 2560 920 2615; x_wconf 82' lang='lat' dir='ltr'><strong>Opes,</strong></span> <span class='ocrx_word' id='word_1_269' title='bbox 975 2547 1408 2603; x_wconf 89' lang='lat' dir='ltr'><strong>misericordiam</strong></span> <span class='ocrx_word' id='word_1_270' title='bbox 1461 2550 1759 2606; x_wconf 86' lang='lat' dir='ltr'><strong>beneﬁcam</strong></span> <span class='ocrx_word' id='word_1_271' title='bbox 1796 2554 1850 2608; x_wconf 93' lang='lat' dir='ltr'><strong>in</strong></span> <span class='ocrx_word' id='word_1_272' title='bbox 1891 2569 2117 2625; x_wconf 87' lang='lat' dir='ltr'><strong>egenos,</strong></span> 
     </span>
    </p>
   </div>
   <div class='ocr_carea' id='block_1_41' title="bbox 541 2635 2118 2712">
    <p class='ocr_par' dir='ltr' id='par_1_41' title="bbox 541 2635 2118 2712">
     <span class='ocr_line' id='line_1_41' title="bbox 541 2635 2118 2712; baseline 0.008 -24"><span class='ocrx_word' id='word_1_273' title='bbox 541 2635 970 2705; x_wconf 81' lang='lat' dir='ltr'><strong>long:evitatem,</strong></span> <span class='ocrx_word' id='word_1_274' title='bbox 1008 2640 1321 2704; x_wconf 89' lang='lat' dir='ltr'><strong>sanitatem,</strong></span> <span class='ocrx_word' id='word_1_275' title='bbox 1354 2641 1690 2698; x_wconf 88' lang='lat' dir='ltr'><strong>comitatem.</strong></span> <span class='ocrx_word' id='word_1_276' title='bbox 1728 2644 1825 2700; x_wconf 87' lang='lat' dir='ltr'><strong>llis</strong></span> <span class='ocrx_word' id='word_1_277' title='bbox 1857 2647 1948 2712; x_wconf 85' lang='lat' dir='ltr'><strong>qui</strong></span> <span class='ocrx_word' id='word_1_278' title='bbox 1985 2648 2118 2701; x_wconf 83' lang='lat' dir='ltr'><strong>niti-</strong></span> 
     </span>
    </p>
   </div>
   <div class='ocr_carea' id='block_1_42' title="bbox 539 2727 2121 2805">
    <p class='ocr_par' dir='ltr' id='par_1_42' title="bbox 539 2727 2121 2805">
     <span class='ocr_line' id='line_1_42' title="bbox 539 2727 2121 2805; baseline 0.008 -25"><span class='ocrx_word' id='word_1_279' title='bbox 539 2737 654 2789; x_wconf 90' lang='lat' dir='ltr'><strong>tur,</strong></span> <span class='ocrx_word' id='word_1_280' title='bbox 683 2736 739 2780; x_wconf 90' lang='lat' dir='ltr'><strong>et</strong></span> <span class='ocrx_word' id='word_1_281' title='bbox 789 2727 1164 2797; x_wconf 90' lang='lat' dir='ltr'><strong>profecturum</strong></span> <span class='ocrx_word' id='word_1_282' title='bbox 1209 2747 1404 2786; x_wconf 91' lang='lat' dir='ltr'><strong>eorum</strong></span> <span class='ocrx_word' id='word_1_283' title='bbox 1435 2748 1559 2803; x_wconf 91' lang='lat' dir='ltr'><strong>ope,</strong></span> <span class='ocrx_word' id='word_1_284' title='bbox 1613 2743 1670 2790; x_wconf 92' lang='lat' dir='ltr'><strong>et</strong></span> <span class='ocrx_word' id='word_1_285' title='bbox 1696 2750 1806 2805; x_wconf 86' lang='lat' dir='ltr'><strong>quo</strong></span> <span class='ocrx_word' id='word_1_286' title='bbox 1838 2747 2121 2805; x_wconf 90' lang='lat' dir='ltr'><strong>promotus</strong></span> 
     </span>
    </p>
   </div>
   <div class='ocr_carea' id='block_1_43' title="bbox 540 2819 2116 2899">
    <p class='ocr_par' dir='ltr' id='par_1_43' title="bbox 540 2819 2116 2899">
     <span class='ocr_line' id='line_1_43' title="bbox 540 2819 2116 2899; baseline 0.005 -27"><span class='ocrx_word' id='word_1_287' title='bbox 540 2819 739 2872; x_wconf 86' lang='lat' dir='ltr'><strong>merito</strong></span> <span class='ocrx_word' id='word_1_288' title='bbox 791 2819 979 2881; x_wconf 85' lang='lat' dir='ltr'><strong>fuerit,</strong></span> <span class='ocrx_word' id='word_1_289' title='bbox 1025 2822 1097 2877; x_wconf 90' lang='lat' dir='ltr'><strong>ibi</strong></span> <span class='ocrx_word' id='word_1_290' title='bbox 1152 2823 1427 2878; x_wconf 86' lang='lat' dir='ltr'><strong>stabiliter</strong></span> <span class='ocrx_word' id='word_1_291' title='bbox 1475 2841 1896 2894; x_wconf 87' lang='lat' dir='ltr'><strong>permansurum</strong></span> <span class='ocrx_word' id='word_1_292' title='bbox 1946 2841 2116 2899; x_wconf 86' lang='lat' dir='ltr'><strong>puto;</strong></span> 
     </span>
    </p>
   </div>
   <div class='ocr_carea' id='block_1_44' title="bbox 541 2909 2119 2975">
    <p class='ocr_par' dir='ltr' id='par_1_44' title="bbox 541 2909 2119 2975">
     <span class='ocr_line' id='line_1_44' title="bbox 541 2909 2119 2975; baseline 0.008 -13"><span class='ocrx_word' id='word_1_293' title='bbox 541 2909 767 2965; x_wconf 81' lang='lat' dir='ltr'><strong>fraudes</strong></span> <span class='ocrx_word' id='word_1_294' title='bbox 793 2917 849 2966; x_wconf 90' lang='lat' dir='ltr'><strong>et</strong></span> <span class='ocrx_word' id='word_1_295' title='bbox 879 2911 988 2966; x_wconf 88' lang='lat' dir='ltr'><strong>doli</strong></span> <span class='ocrx_word' id='word_1_296' title='bbox 1028 2913 1153 2968; x_wconf 92' lang='lat' dir='ltr'><strong>mali</strong></span> <span class='ocrx_word' id='word_1_297' title='bbox 1191 2915 1397 2969; x_wconf 86' lang='lat' dir='ltr'><strong>caduca</strong></span> <span class='ocrx_word' id='word_1_298' title='bbox 1439 2915 1794 2972; x_wconf 89' lang='lat' dir='ltr'><strong>fundamenta</strong></span> <span class='ocrx_word' id='word_1_299' title='bbox 1822 2929 1953 2974; x_wconf 90' lang='lat' dir='ltr'><strong>sunt</strong></span> <span class='ocrx_word' id='word_1_300' title='bbox 1985 2920 2119 2975; x_wconf 86' lang='lat' dir='ltr'><strong>bea-</strong></span> 
     </span>
    </p>
   </div>
   <div class='ocr_carea' id='block_1_45' title="bbox 543 3002 2120 3079">
    <p class='ocr_par' dir='ltr' id='par_1_45' title="bbox 543 3002 2120 3079">
     <span class='ocr_line' id='line_1_45' title="bbox 543 3002 2120 3079; baseline 0.008 -25"><span class='ocrx_word' id='word_1_301' title='bbox 543 3002 796 3057; x_wconf 89' lang='lat' dir='ltr'><strong>titudinis</strong></span> <span class='ocrx_word' id='word_1_302' title='bbox 840 3005 1176 3060; x_wconf 87' lang='lat' dir='ltr'><strong>mortalium.</strong></span> <span class='ocrx_word' id='word_1_303' title='bbox 1234 3005 1313 3060; x_wconf 81' lang='lat' dir='ltr'><strong>Ex</strong></span> <span class='ocrx_word' id='word_1_304' title='bbox 1357 3006 1443 3061; x_wconf 90' lang='lat' dir='ltr'><strong>his</strong></span> <span class='ocrx_word' id='word_1_305' title='bbox 1471 3007 1694 3064; x_wconf 88' lang='lat' dir='ltr'><strong>dotibus</strong></span> <span class='ocrx_word' id='word_1_306' title='bbox 1737 3009 1947 3079; x_wconf 88' lang='lat' dir='ltr'><strong>aliquas</strong></span> <span class='ocrx_word' id='word_1_307' title='bbox 1981 3011 2033 3064; x_wconf 90' lang='lat' dir='ltr'><strong>in</strong></span> <span class='ocrx_word' id='word_1_308' title='bbox 2069 3023 2120 3066; x_wconf 83' lang='lat' dir='ltr'><strong>te</strong></span> 
     </span>
    </p>
   </div>
   <div class='ocr_carea' id='block_1_46' title="bbox 540 3094 2120 3169">
    <p class='ocr_par' dir='ltr' id='par_1_46' title="bbox 540 3094 2120 3169">
     <span class='ocr_line' id='line_1_46' title="bbox 540 3094 2120 3169; baseline 0.006 -23"><span class='ocrx_word' id='word_1_309' title='bbox 540 3109 800 3162; x_wconf 85' lang='lat' dir='ltr'><strong>agnosco,</strong></span> <span class='ocrx_word' id='word_1_310' title='bbox 827 3094 1107 3149; x_wconf 81' lang='lat' dir='ltr'><strong>solertiam</strong></span> <span class='ocrx_word' id='word_1_311' title='bbox 1137 3103 1192 3148; x_wconf 89' lang='lat' dir='ltr'><strong>et</strong></span> <span class='ocrx_word' id='word_1_312' title='bbox 1217 3095 1525 3162; x_wconf 90' lang='lat' dir='ltr'><strong>scientiam,</strong></span> <span class='ocrx_word' id='word_1_313' title='bbox 1555 3098 1649 3152; x_wconf 90' lang='lat' dir='ltr'><strong>sed</strong></span> <span class='ocrx_word' id='word_1_314' title='bbox 1687 3114 1780 3154; x_wconf 89' lang='lat' dir='ltr'><strong>eas</strong></span> <span class='ocrx_word' id='word_1_315' title='bbox 1811 3101 2120 3169; x_wconf 88' lang='lat' dir='ltr'><strong>corrumpis</strong></span> 
     </span>
    </p>
   </div>
   <div class='ocr_carea' id='block_1_47' title="bbox 541 3185 2117 3261">
    <p class='ocr_par' dir='ltr' id='par_1_47' title="bbox 541 3185 2117 3261">
     <span class='ocr_line' id='line_1_47' title="bbox 541 3185 2117 3261; baseline 0.006 -23"><span class='ocrx_word' id='word_1_316' title='bbox 541 3201 712 3254; x_wconf 89' lang='lat' dir='ltr'><strong>pravo</strong></span> <span class='ocrx_word' id='word_1_317' title='bbox 743 3202 866 3240; x_wconf 89' lang='lat' dir='ltr'><strong>usu.</strong></span> <span class='ocrx_word' id='word_1_318' title='bbox 895 3185 1133 3242; x_wconf 90' lang='lat' dir='ltr'><strong>Fructus</strong></span> <span class='ocrx_word' id='word_1_319' title='bbox 1158 3196 1339 3242; x_wconf 89' lang='lat' dir='ltr'><strong>autem</strong></span> <span class='ocrx_word' id='word_1_320' title='bbox 1365 3205 1478 3243; x_wconf 91' lang='lat' dir='ltr'><strong>non</strong></span> <span class='ocrx_word' id='word_1_321' title='bbox 1501 3200 1778 3260; x_wconf 74' lang='lat' dir='ltr'><strong>corrupta:</strong></span> <span class='ocrx_word' id='word_1_322' title='bbox 1807 3193 2117 3261; x_wconf 62' lang='lat' dir='ltr'><strong>sapientia&#39;,</strong></span> 
     </span>
    </p>
   </div>
   <div class='ocr_carea' id='block_1_48' title="bbox 541 3278 2112 3354">
    <p class='ocr_par' dir='ltr' id='par_1_48' title="bbox 541 3278 2112 3354">
     <span class='ocr_line' id='line_1_48' title="bbox 541 3278 2112 3354; baseline 0.004 -23"><span class='ocrx_word' id='word_1_323' title='bbox 541 3278 850 3334; x_wconf 87' lang='lat' dir='ltr'><strong>moderatio</strong></span> <span class='ocrx_word' id='word_1_324' title='bbox 880 3287 985 3345; x_wconf 90' lang='lat' dir='ltr'><strong>est,</strong></span> <span class='ocrx_word' id='word_1_325' title='bbox 1019 3289 1074 3334; x_wconf 91' lang='lat' dir='ltr'><strong>et</strong></span> <span class='ocrx_word' id='word_1_326' title='bbox 1104 3280 1353 3350; x_wconf 83' lang='lat' dir='ltr'><strong>quaedam</strong></span> <span class='ocrx_word' id='word_1_327' title='bbox 1389 3281 1662 3336; x_wconf 87' lang='lat' dir='ltr'><strong>sobrietas</strong></span> <span class='ocrx_word' id='word_1_328' title='bbox 1696 3284 1916 3352; x_wconf 80' lang='lat' dir='ltr'><strong>agendi,</strong></span> <span class='ocrx_word' id='word_1_329' title='bbox 1949 3299 2112 3354; x_wconf 89' lang='lat' dir='ltr'><strong>quam</strong></span> 
     </span>
    </p>
   </div>
   <div class='ocr_carea' id='block_1_49' title="bbox 539 3370 2117 3442">
    <p class='ocr_par' dir='ltr' id='par_1_49' title="bbox 539 3370 2117 3442">
     <span class='ocr_line' id='line_1_49' title="bbox 539 3370 2117 3442; baseline 0.004 -20"><span class='ocrx_word' id='word_1_330' title='bbox 539 3370 636 3438; x_wconf 90' lang='lat' dir='ltr'><strong>qui</strong></span> <span class='ocrx_word' id='word_1_331' title='bbox 674 3387 784 3424; x_wconf 87' lang='lat' dir='ltr'><strong>non</strong></span> <span class='ocrx_word' id='word_1_332' title='bbox 815 3380 1027 3432; x_wconf 89' lang='lat' dir='ltr'><strong>tenent.</strong></span> <span class='ocrx_word' id='word_1_333' title='bbox 1061 3387 1158 3426; x_wconf 89' lang='lat' dir='ltr'><strong>sua</strong></span> <span class='ocrx_word' id='word_1_334' title='bbox 1190 3374 1306 3442; x_wconf 91' lang='lat' dir='ltr'><strong>ipsa</strong></span> <span class='ocrx_word' id='word_1_335' title='bbox 1342 3375 1570 3428; x_wconf 88' lang='lat' dir='ltr'><strong>scientia</strong></span> <span class='ocrx_word' id='word_1_336' title='bbox 1605 3375 1743 3428; x_wconf 90' lang='lat' dir='ltr'><strong>ebrii</strong></span> <span class='ocrx_word' id='word_1_337' title='bbox 1780 3391 1890 3429; x_wconf 92' lang='lat' dir='ltr'><strong>non</strong></span> <span class='ocrx_word' id='word_1_338' title='bbox 1925 3375 2117 3430; x_wconf 90' lang='lat' dir='ltr'><strong>vident</strong></span> 
     </span>
    </p>
   </div>
   <div class='ocr_carea' id='block_1_50' title="bbox 540 3462 2116 3536">
    <p class='ocr_par' dir='ltr' id='par_1_50' title="bbox 540 3462 2116 3536">
     <span class='ocr_line' id='line_1_50' title="bbox 540 3462 2116 3536; baseline 0.004 -24"><span class='ocrx_word' id='word_1_339' title='bbox 540 3476 664 3530; x_wconf 76' lang='lat' dir='ltr'><strong>qua:</strong></span> <span class='ocrx_word' id='word_1_340' title='bbox 694 3469 826 3515; x_wconf 90' lang='lat' dir='ltr'><strong>sunt</strong></span> <span class='ocrx_word' id='word_1_341' title='bbox 872 3470 1000 3516; x_wconf 90' lang='lat' dir='ltr'><strong>ante</strong></span> <span class='ocrx_word' id='word_1_342' title='bbox 1045 3463 1256 3527; x_wconf 89' lang='lat' dir='ltr'><strong>oculos,</strong></span> <span class='ocrx_word' id='word_1_343' title='bbox 1285 3470 1338 3516; x_wconf 90' lang='lat' dir='ltr'><strong>et</strong></span> <span class='ocrx_word' id='word_1_344' title='bbox 1368 3462 1572 3517; x_wconf 88' lang='lat' dir='ltr'><strong>invidia</strong></span> <span class='ocrx_word' id='word_1_345' title='bbox 1605 3473 1930 3518; x_wconf 90' lang='lat' dir='ltr'><strong>noctuarum</strong></span> <span class='ocrx_word' id='word_1_346' title='bbox 1979 3465 2116 3536; x_wconf 87' lang='lat' dir='ltr'><strong>ipsis</strong></span> 
     </span>
    </p>
   </div>
   <div class='ocr_carea' id='block_1_51' title="bbox 541 3549 2112 3623">
    <p class='ocr_par' dir='ltr' id='par_1_51' title="bbox 541 3549 2112 3623">
     <span class='ocr_line' id='line_1_51' title="bbox 541 3549 2112 3623; baseline 0.004 -20"><span class='ocrx_word' id='word_1_347' title='bbox 541 3559 792 3604; x_wconf 89' lang='lat' dir='ltr'><strong>naturam</strong></span> <span class='ocrx_word' id='word_1_348' title='bbox 824 3549 1108 3615; x_wconf 89' lang='lat' dir='ltr'><strong>induente,</strong></span> <span class='ocrx_word' id='word_1_349' title='bbox 1145 3552 1380 3623; x_wconf 83' lang='lat' dir='ltr'><strong>caligant</strong></span> <span class='ocrx_word' id='word_1_350' title='bbox 1406 3552 1474 3606; x_wconf 91' lang='lat' dir='ltr'><strong>ad</strong></span> <span class='ocrx_word' id='word_1_351' title='bbox 1505 3555 1732 3608; x_wconf 91' lang='lat' dir='ltr'><strong>multam</strong></span> <span class='ocrx_word' id='word_1_352' title='bbox 1761 3556 1963 3619; x_wconf 91' lang='lat' dir='ltr'><strong>lucem,</strong></span> <span class='ocrx_word' id='word_1_353' title='bbox 2002 3555 2112 3610; x_wconf 85' lang='lat' dir='ltr'><strong>vir-</strong></span> 
     </span>
    </p>
   </div>
   <div class='ocr_carea' id='block_1_52' title="bbox 541 3645 2117 3714">
    <p class='ocr_par' dir='ltr' id='par_1_52' title="bbox 541 3645 2117 3714">
     <span class='ocr_line' id='line_1_52' title="bbox 541 3645 2117 3714; baseline 0.004 -17"><span class='ocrx_word' id='word_1_354' title='bbox 541 3653 718 3699; x_wconf 85' lang='lat' dir='ltr'><strong>tutum</strong></span> <span class='ocrx_word' id='word_1_355' title='bbox 753 3645 1058 3700; x_wconf 89' lang='lat' dir='ltr'><strong>alienarum</strong></span> <span class='ocrx_word' id='word_1_356' title='bbox 1103 3645 1449 3714; x_wconf 83' lang='lat' dir='ltr'><strong>splendorem</strong></span> <span class='ocrx_word' id='word_1_357' title='bbox 1478 3661 1588 3701; x_wconf 92' lang='lat' dir='ltr'><strong>non</strong></span> <span class='ocrx_word' id='word_1_358' title='bbox 1627 3647 1884 3702; x_wconf 88' lang='lat' dir='ltr'><strong>ferentes.</strong></span> <span class='ocrx_word' id='word_1_359' title='bbox 1929 3648 2117 3714; x_wconf 84' lang='lat' dir='ltr'><strong>Qualis</strong></span> 
     </span>
    </p>
   </div>
   <div class='ocr_carea' id='block_1_53' title="bbox 539 3737 2114 3810">
    <p class='ocr_par' dir='ltr' id='par_1_53' title="bbox 539 3737 2114 3810">
     <span class='ocr_line' id='line_1_53' title="bbox 539 3737 2114 3810; baseline 0.003 -20"><span class='ocrx_word' id='word_1_360' title='bbox 539 3737 760 3810; x_wconf 80' lang='lat' dir='ltr'><strong>generis</strong></span> <span class='ocrx_word' id='word_1_361' title='bbox 788 3737 1012 3792; x_wconf 89' lang='lat' dir='ltr'><strong>asseclis</strong></span> <span class='ocrx_word' id='word_1_362' title='bbox 1040 3738 1132 3808; x_wconf 92' lang='lat' dir='ltr'><strong>qui</strong></span> <span class='ocrx_word' id='word_1_363' title='bbox 1178 3739 1554 3793; x_wconf 88' lang='lat' dir='ltr'><strong>circumdatus</strong></span> <span class='ocrx_word' id='word_1_364' title='bbox 1585 3755 1680 3793; x_wconf 88' lang='lat' dir='ltr'><strong>rex</strong></span> <span class='ocrx_word' id='word_1_365' title='bbox 1728 3750 1832 3803; x_wconf 91' lang='lat' dir='ltr'><strong>est,</strong></span> <span class='ocrx_word' id='word_1_366' title='bbox 1877 3741 2114 3794; x_wconf 87' lang='lat' dir='ltr'><strong>similem</strong></span> 
     </span>
    </p>
   </div>
   <div class='ocr_carea' id='block_1_54' title="bbox 541 3821 2115 3899">
    <p class='ocr_par' dir='ltr' id='par_1_54' title="bbox 541 3821 2115 3899">
     <span class='ocr_line' id='line_1_54' title="bbox 541 3821 2115 3899; baseline 0.002 -15"><span class='ocrx_word' id='word_1_367' title='bbox 541 3843 670 3884; x_wconf 91' lang='lat' dir='ltr'><strong>eum</strong></span> <span class='ocrx_word' id='word_1_368' title='bbox 703 3821 933 3885; x_wconf 81' lang='lat' dir='ltr'><strong>dixerim</strong></span> <span class='ocrx_word' id='word_1_369' title='bbox 966 3830 1154 3896; x_wconf 88' lang='lat' dir='ltr'><strong>ﬂuvio,</strong></span> <span class='ocrx_word' id='word_1_370' title='bbox 1205 3830 1435 3899; x_wconf 91' lang='lat' dir='ltr'><strong>limpido</strong></span> <span class='ocrx_word' id='word_1_371' title='bbox 1469 3830 1548 3884; x_wconf 90' lang='lat' dir='ltr'><strong>illi</strong></span> <span class='ocrx_word' id='word_1_372' title='bbox 1594 3830 1816 3898; x_wconf 89' lang='lat' dir='ltr'><strong>quidem</strong></span> <span class='ocrx_word' id='word_1_373' title='bbox 1868 3842 1924 3886; x_wconf 90' lang='lat' dir='ltr'><strong>et</strong></span> <span class='ocrx_word' id='word_1_374' title='bbox 1956 3832 2115 3887; x_wconf 89' lang='lat' dir='ltr'><strong>uberi</strong></span> 
     </span>
    </p>
   </div>
   <div class='ocr_carea' id='block_1_55' title="bbox 544 3921 2114 3990">
    <p class='ocr_par' dir='ltr' id='par_1_55' title="bbox 544 3921 2114 3990">
     <span class='ocr_line' id='line_1_55' title="bbox 544 3921 2114 3990; baseline 0.001 -14"><span class='ocrx_word' id='word_1_375' title='bbox 544 3921 936 3990; x_wconf 87' lang='lat' dir='ltr'><strong>perspicuitate</strong></span> <span class='ocrx_word' id='word_1_376' title='bbox 977 3922 1230 3975; x_wconf 88' lang='lat' dir='ltr'><strong>invitanti</strong></span> <span class='ocrx_word' id='word_1_377' title='bbox 1273 3922 1508 3975; x_wconf 88' lang='lat' dir='ltr'><strong>viatores</strong></span> <span class='ocrx_word' id='word_1_378' title='bbox 1541 3931 1834 3977; x_wconf 68' lang='lat' dir='ltr'><strong>aestuantes</strong></span> <span class='ocrx_word' id='word_1_379' title='bbox 1860 3924 1924 3977; x_wconf 76' lang='lat' dir='ltr'><strong>ad</strong></span> <span class='ocrx_word' id='word_1_380' title='bbox 1955 3941 2114 3978; x_wconf 91' lang='lat' dir='ltr'><strong>usum</strong></span> 
     </span>
    </p>
   </div>
   <div class='ocr_carea' id='block_1_56' title="bbox 538 4012 2117 4083">
    <p class='ocr_par' dir='ltr' id='par_1_56' title="bbox 538 4012 2117 4083">
     <span class='ocr_line' id='line_1_56' title="bbox 538 4012 2117 4083; baseline 0.003 -17"><span class='ocrx_word' id='word_1_381' title='bbox 538 4012 656 4077; x_wconf 86' lang='lat' dir='ltr'><strong>sui,</strong></span> <span class='ocrx_word' id='word_1_382' title='bbox 713 4012 809 4067; x_wconf 90' lang='lat' dir='ltr'><strong>sed</strong></span> <span class='ocrx_word' id='word_1_383' title='bbox 860 4012 1039 4066; x_wconf 91' lang='lat' dir='ltr'><strong>eidem</strong></span> <span class='ocrx_word' id='word_1_384' title='bbox 1073 4015 1277 4067; x_wconf 86' lang='lat' dir='ltr'><strong>referto</strong></span> <span class='ocrx_word' id='word_1_385' title='bbox 1323 4013 1637 4074; x_wconf 88' lang='lat' dir='ltr'><strong>crocodilis.</strong></span> <span class='ocrx_word' id='word_1_386' title='bbox 1673 4030 1906 4083; x_wconf 91' lang='lat' dir='ltr'><strong>quorum</strong></span> <span class='ocrx_word' id='word_1_387' title='bbox 1937 4023 2117 4070; x_wconf 89' lang='lat' dir='ltr'><strong>terror</strong></span> 
     </span>
    </p>
   </div>
   <div class='ocr_carea' id='block_1_57' title="bbox 542 4104 2118 4178">
    <p class='ocr_par' dir='ltr' id='par_1_57' title="bbox 542 4104 2118 4178">
     <span class='ocr_line' id='line_1_57' title="bbox 542 4104 2118 4178; baseline 0.004 -21"><span class='ocrx_word' id='word_1_388' title='bbox 542 4104 709 4174; x_wconf 89' lang='lat' dir='ltr'><strong>longe</strong></span> <span class='ocrx_word' id='word_1_389' title='bbox 759 4113 909 4158; x_wconf 88' lang='lat' dir='ltr'><strong>arcet</strong></span> <span class='ocrx_word' id='word_1_390' title='bbox 957 4107 1024 4158; x_wconf 89' lang='lat' dir='ltr'><strong>ab</strong></span> <span class='ocrx_word' id='word_1_391' title='bbox 1055 4120 1279 4160; x_wconf 89' lang='lat' dir='ltr'><strong>accessu</strong></span> <span class='ocrx_word' id='word_1_392' title='bbox 1313 4105 1555 4160; x_wconf 89' lang='lat' dir='ltr'><strong>crudelis</strong></span> <span class='ocrx_word' id='word_1_393' title='bbox 1603 4108 1735 4176; x_wconf 71' lang='lat' dir='ltr'><strong>ripa:</strong></span> <span class='ocrx_word' id='word_1_394' title='bbox 1765 4109 2118 4178; x_wconf 73' lang='lat' dir='ltr'><strong>prtemonitos</strong></span> 
     </span>
    </p>
   </div>
   <div class='ocr_carea' id='block_1_58' title="bbox 542 4195 2119 4270">
    <p class='ocr_par' dir='ltr' id='par_1_58' title="bbox 542 4195 2119 4270">
     <span class='ocr_line' id='line_1_58' title="bbox 542 4195 2119 4270; baseline 0.004 -22"><span class='ocrx_word' id='word_1_395' title='bbox 542 4195 775 4262; x_wconf 90' lang='lat' dir='ltr'><strong>periculi</strong></span> <span class='ocrx_word' id='word_1_396' title='bbox 820 4195 1090 4264; x_wconf 70' lang='lat' dir='ltr'><strong>hospites,</strong></span> <span class='ocrx_word' id='word_1_397' title='bbox 1125 4198 1285 4266; x_wconf 89' lang='lat' dir='ltr'><strong>longe</strong></span> <span class='ocrx_word' id='word_1_398' title='bbox 1320 4198 1495 4253; x_wconf 85' lang='lat' dir='ltr'><strong>satius</strong></span> <span class='ocrx_word' id='word_1_399' title='bbox 1519 4199 1786 4254; x_wconf 91' lang='lat' dir='ltr'><strong>ducentes</strong></span> <span class='ocrx_word' id='word_1_400' title='bbox 1817 4210 2119 4270; x_wconf 91' lang='lat' dir='ltr'><strong>quantum-</strong></span> 
     </span>
    </p>
   </div>
   <div class='ocr_carea' id='block_1_59' title="bbox 541 4287 2116 4361">
    <p class='ocr_par' dir='ltr' id='par_1_59' title="bbox 541 4287 2116 4361">
     <span class='ocr_line' id='line_1_59' title="bbox 541 4287 2116 4361; baseline 0.004 -22"><span class='ocrx_word' id='word_1_401' title='bbox 541 4287 678 4342; x_wconf 89' lang='lat' dir='ltr'><strong>libet</strong></span> <span class='ocrx_word' id='word_1_402' title='bbox 705 4298 954 4342; x_wconf 87' lang='lat' dir='ltr'><strong>urentem</strong></span> <span class='ocrx_word' id='word_1_403' title='bbox 979 4289 1126 4344; x_wconf 87' lang='lat' dir='ltr'><strong>sitim</strong></span> <span class='ocrx_word' id='word_1_404' title='bbox 1161 4293 1268 4360; x_wconf 89' lang='lat' dir='ltr'><strong>pati</strong></span> <span class='ocrx_word' id='word_1_405' title='bbox 1300 4306 1459 4358; x_wconf 91' lang='lat' dir='ltr'><strong>quam</strong></span> <span class='ocrx_word' id='word_1_406' title='bbox 1487 4307 1545 4347; x_wconf 92' lang='lat' dir='ltr'><strong>se</strong></span> <span class='ocrx_word' id='word_1_407' title='bbox 1570 4293 1845 4346; x_wconf 84' lang='lat' dir='ltr'><strong>vorandos</strong></span> <span class='ocrx_word' id='word_1_408' title='bbox 1869 4293 2116 4361; x_wconf 67' lang='lat' dir='ltr'><strong>praebere</strong></span> 
     </span>
    </p>
   </div>
   <div class='ocr_carea' id='block_1_60' title="bbox 545 4380 2114 4437">
    <p class='ocr_par' dir='ltr' id='par_1_60' title="bbox 545 4380 2114 4437">
     <span class='ocr_line' id='line_1_60' title="bbox 545 4380 2114 4437; baseline 0.002 -4"><span class='ocrx_word' id='word_1_409' title='bbox 545 4380 958 4436; x_wconf 87' lang='lat' dir='ltr'><strong>immanissimis</strong></span> <span class='ocrx_word' id='word_1_410' title='bbox 1008 4381 1228 4435; x_wconf 89' lang='lat' dir='ltr'><strong>belluis.</strong></span> <span class='ocrx_word' id='word_1_411' title='bbox 1278 4381 1357 4436; x_wconf 85' lang='lat' dir='ltr'><strong>Tu</strong></span> <span class='ocrx_word' id='word_1_412' title='bbox 1407 4398 1538 4436; x_wconf 86' lang='lat' dir='ltr'><strong>vero</strong></span> <span class='ocrx_word' id='word_1_413' title='bbox 1579 4384 1853 4437; x_wconf 89' lang='lat' dir='ltr'><strong>neminem</strong></span> <span class='ocrx_word' id='word_1_414' title='bbox 1895 4381 2114 4436; x_wconf 84' lang='lat' dir='ltr'><strong>voluisti</strong></span> 
     </span>
    </p>
   </div>
   <div class='ocr_carea' id='block_1_61' title="bbox 547 4471 2115 4543">
    <p class='ocr_par' dir='ltr' id='par_1_61' title="bbox 547 4471 2115 4543">
     <span class='ocr_line' id='line_1_61' title="bbox 547 4471 2115 4543; baseline 0.004 -23"><span class='ocrx_word' id='word_1_415' title='bbox 547 4478 750 4537; x_wconf 66' lang='lat' dir='ltr'><strong>praeter</strong></span> <span class='ocrx_word' id='word_1_416' title='bbox 782 4479 832 4523; x_wconf 84' lang='lat' dir='ltr'><strong>te.</strong></span> <span class='ocrx_word' id='word_1_417' title='bbox 868 4471 1130 4539; x_wconf 80' lang='lat' dir='ltr'><strong>peculiari</strong></span> <span class='ocrx_word' id='word_1_418' title='bbox 1170 4472 1348 4526; x_wconf 87' lang='lat' dir='ltr'><strong>leonis</strong></span> <span class='ocrx_word' id='word_1_419' title='bbox 1377 4473 1522 4542; x_wconf 88' lang='lat' dir='ltr'><strong>regis</strong></span> <span class='ocrx_word' id='word_1_420' title='bbox 1561 4473 1735 4543; x_wconf 87' lang='lat' dir='ltr'><strong>gratia</strong></span> <span class='ocrx_word' id='word_1_421' title='bbox 1783 4474 2023 4539; x_wconf 87' lang='lat' dir='ltr'><strong>ﬂorere;</strong></span> <span class='ocrx_word' id='word_1_422' title='bbox 2060 4473 2115 4526; x_wconf 89' lang='lat' dir='ltr'><strong>in</strong></span> 
     </span>
    </p>
   </div>
   <div class='ocr_carea' id='block_1_62' title="bbox 2219 2003 3822 2074">
    <p class='ocr_par' dir='ltr' id='par_1_62' title="bbox 2219 2003 3822 2074">
     <span class='ocr_line' id='line_1_62' title="bbox 2219 2003 3822 2074; baseline -0.006 -13"><span class='ocrx_word' id='word_1_423' title='bbox 2219 2015 2501 2073; x_wconf 65' lang='lat' dir='ltr'><strong>coeperant</strong></span> <span class='ocrx_word' id='word_1_424' title='bbox 2547 2013 2794 2074; x_wconf 90' lang='lat' dir='ltr'><strong>agentes.</strong></span> <span class='ocrx_word' id='word_1_425' title='bbox 2845 2003 3158 2057; x_wconf 81' lang='lat' dir='ltr'><strong>Arbitratus</strong></span> <span class='ocrx_word' id='word_1_426' title='bbox 3202 2016 3400 2054; x_wconf 89' lang='lat' dir='ltr'><strong>corvus</strong></span> <span class='ocrx_word' id='word_1_427' title='bbox 3446 2018 3552 2054; x_wconf 92' lang='lat' dir='ltr'><strong>non</strong></span> <span class='ocrx_word' id='word_1_428' title='bbox 3599 2015 3822 2069; x_wconf 79' lang='lat' dir='ltr'><strong>perve-</strong></span> 
     </span>
    </p>
   </div>
   <div class='ocr_carea' id='block_1_63' title="bbox 2217 2090 3825 2166">
    <p class='ocr_par' dir='ltr' id='par_1_63' title="bbox 2217 2090 3825 2166">
     <span class='ocr_line' id='line_1_63' title="bbox 2217 2090 3825 2166; baseline -0.004 -15"><span class='ocrx_word' id='word_1_429' title='bbox 2217 2099 2364 2152; x_wconf 72' lang='lat' dir='ltr'><strong>nisse</strong></span> <span class='ocrx_word' id='word_1_430' title='bbox 2391 2097 2458 2150; x_wconf 90' lang='lat' dir='ltr'><strong>ad</strong></span> <span class='ocrx_word' id='word_1_431' title='bbox 2485 2098 2632 2166; x_wconf 89' lang='lat' dir='ltr'><strong>ipsos</strong></span> <span class='ocrx_word' id='word_1_432' title='bbox 2655 2110 2871 2161; x_wconf 85' lang='lat' dir='ltr'><strong>vocem,</strong></span> <span class='ocrx_word' id='word_1_433' title='bbox 2907 2093 3195 2147; x_wconf 84' lang='lat' dir='ltr'><strong>descendit</strong></span> <span class='ocrx_word' id='word_1_434' title='bbox 3227 2093 3280 2146; x_wconf 90' lang='lat' dir='ltr'><strong>in</strong></span> <span class='ocrx_word' id='word_1_435' title='bbox 3309 2092 3632 2145; x_wconf 88' lang='lat' dir='ltr'><strong>viciniorem</strong></span> <span class='ocrx_word' id='word_1_436' title='bbox 3669 2090 3825 2160; x_wconf 86' lang='lat' dir='ltr'><strong>ipsis</strong></span> 
     </span>
    </p>
   </div>
   <div class='ocr_carea' id='block_1_64' title="bbox 2219 2181 3822 2250">
    <p class='ocr_par' dir='ltr' id='par_1_64' title="bbox 2219 2181 3822 2250">
     <span class='ocr_line' id='line_1_64' title="bbox 2219 2181 3822 2250; baseline -0.003 -11"><span class='ocrx_word' id='word_1_437' title='bbox 2219 2201 2454 2248; x_wconf 87' lang='lat' dir='ltr'><strong>ramum,</strong></span> <span class='ocrx_word' id='word_1_438' title='bbox 2477 2195 2531 2239; x_wconf 89' lang='lat' dir='ltr'><strong>et</strong></span> <span class='ocrx_word' id='word_1_439' title='bbox 2553 2186 2744 2239; x_wconf 88' lang='lat' dir='ltr'><strong>eadem</strong></span> <span class='ocrx_word' id='word_1_440' title='bbox 2769 2183 3076 2243; x_wconf 89' lang='lat' dir='ltr'><strong>admonuit,</strong></span> <span class='ocrx_word' id='word_1_441' title='bbox 3109 2182 3224 2250; x_wconf 91' lang='lat' dir='ltr'><strong>pari</strong></span> <span class='ocrx_word' id='word_1_442' title='bbox 3259 2195 3546 2244; x_wconf 80' lang='lat' dir='ltr'><strong>successu;</strong></span> <span class='ocrx_word' id='word_1_443' title='bbox 3571 2181 3822 2249; x_wconf 82' lang='lat' dir='ltr'><strong>quando</strong></span> 
     </span>
    </p>
   </div>
   <div class='ocr_carea' id='block_1_65' title="bbox 2218 2273 3824 2346">
    <p class='ocr_par' dir='ltr' id='par_1_65' title="bbox 2218 2273 3824 2346">
     <span class='ocr_line' id='line_1_65' title="bbox 2218 2273 3824 2346; baseline -0.004 -15"><span class='ocrx_word' id='word_1_444' title='bbox 2218 2293 2344 2331; x_wconf 89' lang='lat' dir='ltr'><strong>eum</strong></span> <span class='ocrx_word' id='word_1_445' title='bbox 2383 2277 2704 2346; x_wconf 81' lang='lat' dir='ltr'><strong>praeteriens</strong></span> <span class='ocrx_word' id='word_1_446' title='bbox 2730 2277 2951 2344; x_wconf 81' lang='lat' dir='ltr'><strong>quidam</strong></span> <span class='ocrx_word' id='word_1_447' title='bbox 2987 2275 3164 2327; x_wconf 83' lang='lat' dir='ltr'><strong>viator</strong></span> <span class='ocrx_word' id='word_1_448' title='bbox 3212 2284 3269 2328; x_wconf 90' lang='lat' dir='ltr'><strong>et</strong></span> <span class='ocrx_word' id='word_1_449' title='bbox 3303 2273 3505 2326; x_wconf 80' lang='lat' dir='ltr'><strong>frustra</strong></span> <span class='ocrx_word' id='word_1_450' title='bbox 3541 2283 3824 2342; x_wconf 66' lang='lat' dir='ltr'><strong>satagen-</strong></span> 
     </span>
    </p>
   </div>
   <div class='ocr_carea' id='block_1_66' title="bbox 2221 2363 3869 2442">
    <p class='ocr_par' dir='ltr' id='par_1_66' title="bbox 2221 2363 3869 2442">
     <span class='ocr_line' id='line_1_66' title="bbox 2221 2363 3869 2442; baseline -0.005 -20"><span class='ocrx_word' id='word_1_451' title='bbox 2221 2378 2324 2422; x_wconf 86' lang='lat' dir='ltr'><strong>tem</strong></span> <span class='ocrx_word' id='word_1_452' title='bbox 2385 2368 2674 2427; x_wconf 85' lang='lat' dir='ltr'><strong>miserans.</strong></span> <span class='ocrx_word' id='word_1_453' title='bbox 2730 2367 2949 2428; x_wconf 88' lang='lat' dir='ltr'><strong>Desine,</strong></span> <span class='ocrx_word' id='word_1_454' title='bbox 2997 2379 3184 2426; x_wconf 91' lang='lat' dir='ltr'><strong>corve,</strong></span> <span class='ocrx_word' id='word_1_455' title='bbox 3235 2363 3432 2432; x_wconf 88' lang='lat' dir='ltr'><strong>inquit,</strong></span> <span class='ocrx_word' id='word_1_456' title='bbox 3465 2363 3618 2430; x_wconf 87' lang='lat' dir='ltr'><strong>paria</strong></span> <span class='ocrx_word' id='word_1_457' title='bbox 3653 2371 3720 2415; x_wconf 90' lang='lat' dir='ltr'><strong>et</strong></span> <span class='ocrx_word' id='word_1_458' title='bbox 3757 2372 3819 2414; x_wconf 92' lang='lat' dir='ltr'><strong>tu</strong></span> <span class='ocrx_word' id='word_1_459' title='bbox 3863 2439 3869 2442; x_wconf 15' lang='grc' dir='ltr'><strong>ξ</strong></span> 
     </span>
    </p>
   </div>
   <div class='ocr_carea' id='block_1_67' title="bbox 2220 2455 3820 2528">
    <p class='ocr_par' dir='ltr' id='par_1_67' title="bbox 2220 2455 3820 2528">
     <span class='ocr_line' id='line_1_67' title="bbox 2220 2455 3820 2528; baseline -0.006 -14"><span class='ocrx_word' id='word_1_460' title='bbox 2220 2475 2344 2514; x_wconf 91' lang='lat' dir='ltr'><strong>cum</strong></span> <span class='ocrx_word' id='word_1_461' title='bbox 2384 2460 2452 2514; x_wconf 90' lang='lat' dir='ltr'><strong>iis</strong></span> <span class='ocrx_word' id='word_1_462' title='bbox 2482 2475 2622 2528; x_wconf 89' lang='lat' dir='ltr'><strong>quos</strong></span> <span class='ocrx_word' id='word_1_463' title='bbox 2645 2460 2771 2528; x_wconf 81' lang='lat' dir='ltr'><strong>jure</strong></span> <span class='ocrx_word' id='word_1_464' title='bbox 2802 2459 3082 2526; x_wconf 87' lang='lat' dir='ltr'><strong>vituperas</strong></span> <span class='ocrx_word' id='word_1_465' title='bbox 3131 2470 3384 2523; x_wconf 87' lang='lat' dir='ltr'><strong>peccare,</strong></span> <span class='ocrx_word' id='word_1_466' title='bbox 3422 2455 3602 2507; x_wconf 90' lang='lat' dir='ltr'><strong>nihilo</strong></span> <span class='ocrx_word' id='word_1_467' title='bbox 3630 2469 3820 2522; x_wconf 79' lang='lat' dir='ltr'><strong>quam</strong></span> 
     </span>
    </p>
   </div>
   <div class='ocr_carea' id='block_1_68' title="bbox 2221 2545 3820 2612">
    <p class='ocr_par' dir='ltr' id='par_1_68' title="bbox 2221 2545 3820 2612">
     <span class='ocr_line' id='line_1_68' title="bbox 2221 2545 3820 2612; baseline -0.005 -8"><span class='ocrx_word' id='word_1_468' title='bbox 2221 2551 2258 2604; x_wconf 91' lang='lat' dir='ltr'><strong>ii</strong></span> <span class='ocrx_word' id='word_1_469' title='bbox 2288 2551 2472 2605; x_wconf 90' lang='lat' dir='ltr'><strong>minus</strong></span> <span class='ocrx_word' id='word_1_470' title='bbox 2493 2550 2764 2604; x_wconf 90' lang='lat' dir='ltr'><strong>inutiliter</strong></span> <span class='ocrx_word' id='word_1_471' title='bbox 2794 2548 3071 2601; x_wconf 83' lang='lat' dir='ltr'><strong>laborans.</strong></span> <span class='ocrx_word' id='word_1_472' title='bbox 3096 2545 3228 2599; x_wconf 87' lang='lat' dir='ltr'><strong>Tam</strong></span> <span class='ocrx_word' id='word_1_473' title='bbox 3252 2546 3396 2598; x_wconf 91' lang='lat' dir='ltr'><strong>enim</strong></span> <span class='ocrx_word' id='word_1_474' title='bbox 3423 2545 3820 2612; x_wconf 79' lang='lat' dir='ltr'><strong>nequidquam</strong></span> 
     </span>
    </p>
   </div>
   <div class='ocr_carea' id='block_1_69' title="bbox 2221 2637 3822 2711">
    <p class='ocr_par' dir='ltr' id='par_1_69' title="bbox 2221 2637 3822 2711">
     <span class='ocr_line' id='line_1_69' title="bbox 2221 2637 3822 2711; baseline -0.006 -14"><span class='ocrx_word' id='word_1_475' title='bbox 2221 2644 2405 2706; x_wconf 91' lang='lat' dir='ltr'><strong>sudat,</strong></span> <span class='ocrx_word' id='word_1_476' title='bbox 2440 2641 2535 2711; x_wconf 89' lang='lat' dir='ltr'><strong>qui</strong></span> <span class='ocrx_word' id='word_1_477' title='bbox 2569 2640 2892 2694; x_wconf 89' lang='lat' dir='ltr'><strong>naturaliter</strong></span> <span class='ocrx_word' id='word_1_478' title='bbox 2918 2637 3099 2692; x_wconf 87' lang='lat' dir='ltr'><strong>bardis</strong></span> <span class='ocrx_word' id='word_1_479' title='bbox 3122 2647 3177 2692; x_wconf 91' lang='lat' dir='ltr'><strong>et</strong></span> <span class='ocrx_word' id='word_1_480' title='bbox 3209 2646 3390 2690; x_wconf 88' lang='lat' dir='ltr'><strong>mente</strong></span> <span class='ocrx_word' id='word_1_481' title='bbox 3415 2637 3588 2690; x_wconf 86' lang='lat' dir='ltr'><strong>cassis</strong></span> <span class='ocrx_word' id='word_1_482' title='bbox 3621 2637 3822 2704; x_wconf 79' lang='lat' dir='ltr'><strong>inspi-</strong></span> 
     </span>
    </p>
   </div>
   <div class='ocr_carea' id='block_1_70' title="bbox 2222 2728 3820 2801">
    <p class='ocr_par' dir='ltr' id='par_1_70' title="bbox 2222 2728 3820 2801">
     <span class='ocr_line' id='line_1_70' title="bbox 2222 2728 3820 2801; baseline -0.004 -15"><span class='ocrx_word' id='word_1_483' title='bbox 2222 2750 2342 2788; x_wconf 89' lang='lat' dir='ltr'><strong>rare</strong></span> <span class='ocrx_word' id='word_1_484' title='bbox 2363 2733 2685 2801; x_wconf 85' lang='lat' dir='ltr'><strong>sapientiam</strong></span> <span class='ocrx_word' id='word_1_485' title='bbox 2714 2731 2918 2792; x_wconf 87' lang='lat' dir='ltr'><strong>studet,</strong></span> <span class='ocrx_word' id='word_1_486' title='bbox 2945 2745 3007 2782; x_wconf 92' lang='lat' dir='ltr'><strong>ac</strong></span> <span class='ocrx_word' id='word_1_487' title='bbox 3030 2729 3125 2798; x_wconf 93' lang='lat' dir='ltr'><strong>qui</strong></span> <span class='ocrx_word' id='word_1_488' title='bbox 3154 2743 3267 2780; x_wconf 86' lang='lat' dir='ltr'><strong>rem</strong></span> <span class='ocrx_word' id='word_1_489' title='bbox 3296 2738 3488 2780; x_wconf 89' lang='lat' dir='ltr'><strong>natura</strong></span> <span class='ocrx_word' id='word_1_490' title='bbox 3509 2728 3820 2795; x_wconf 82' lang='lat' dir='ltr'><strong>obliquam</strong></span> 
     </span>
    </p>
   </div>
   <div class='ocr_carea' id='block_1_71' title="bbox 2221 2818 3819 2893">
    <p class='ocr_par' dir='ltr' id='par_1_71' title="bbox 2221 2818 3819 2893">
     <span class='ocr_line' id='line_1_71' title="bbox 2221 2818 3819 2893; baseline -0.006 -15"><span class='ocrx_word' id='word_1_491' title='bbox 2221 2823 2459 2893; x_wconf 84' lang='lat' dir='ltr'><strong>dirigere</strong></span> <span class='ocrx_word' id='word_1_492' title='bbox 2494 2823 2546 2876; x_wconf 92' lang='lat' dir='ltr'><strong>in</strong></span> <span class='ocrx_word' id='word_1_493' title='bbox 2586 2823 2784 2876; x_wconf 82' lang='lat' dir='ltr'><strong>lineam</strong></span> <span class='ocrx_word' id='word_1_494' title='bbox 2819 2819 3136 2884; x_wconf 89' lang='lat' dir='ltr'><strong>contendit;</strong></span> <span class='ocrx_word' id='word_1_495' title='bbox 3175 2820 3309 2887; x_wconf 91' lang='lat' dir='ltr'><strong>quin</strong></span> <span class='ocrx_word' id='word_1_496' title='bbox 3343 2818 3654 2885; x_wconf 76' lang='lat' dir='ltr'><strong>periculum</strong></span> <span class='ocrx_word' id='word_1_497' title='bbox 3698 2827 3819 2882; x_wconf 79' lang='lat' dir='ltr'><strong>est,</strong></span> 
     </span>
    </p>
   </div>
   <div class='ocr_carea' id='block_1_72' title="bbox 2221 2909 3822 2984">
    <p class='ocr_par' dir='ltr' id='par_1_72' title="bbox 2221 2909 3822 2984">
     <span class='ocr_line' id='line_1_72' title="bbox 2221 2909 3822 2984; baseline -0.006 -13"><span class='ocrx_word' id='word_1_498' title='bbox 2221 2917 2266 2971; x_wconf 90' lang='lat' dir='ltr'><strong>si</strong></span> <span class='ocrx_word' id='word_1_499' title='bbox 2295 2917 2496 2984; x_wconf 87' lang='lat' dir='ltr'><strong>pergis,</strong></span> <span class='ocrx_word' id='word_1_500' title='bbox 2518 2931 2586 2969; x_wconf 91' lang='lat' dir='ltr'><strong>ne</strong></span> <span class='ocrx_word' id='word_1_501' title='bbox 2609 2925 2970 2984; x_wconf 72' lang='lat' dir='ltr'><strong>praeterquam</strong></span> <span class='ocrx_word' id='word_1_502' title='bbox 2996 2912 3139 2982; x_wconf 91' lang='lat' dir='ltr'><strong>quod</strong></span> <span class='ocrx_word' id='word_1_503' title='bbox 3167 2910 3300 2964; x_wconf 87' lang='lat' dir='ltr'><strong>nihil</strong></span> <span class='ocrx_word' id='word_1_504' title='bbox 3324 2909 3600 2978; x_wconf 79' lang='lat' dir='ltr'><strong>proficies,</strong></span> <span class='ocrx_word' id='word_1_505' title='bbox 3628 2910 3822 2962; x_wconf 82' lang='lat' dir='ltr'><strong>etiam</strong></span> 
     </span>
    </p>
   </div>
   <div class='ocr_carea' id='block_1_73' title="bbox 2222 2999 3825 3073">
    <p class='ocr_par' dir='ltr' id='par_1_73' title="bbox 2222 2999 3825 3073">
     <span class='ocr_line' id='line_1_73' title="bbox 2222 2999 3825 3073; baseline -0.006 -11"><span class='ocrx_word' id='word_1_506' title='bbox 2222 3009 2480 3062; x_wconf 88' lang='lat' dir='ltr'><strong>damnum</strong></span> <span class='ocrx_word' id='word_1_507' title='bbox 2507 3007 2606 3060; x_wconf 90' lang='lat' dir='ltr'><strong>tibi</strong></span> <span class='ocrx_word' id='word_1_508' title='bbox 2629 3021 2897 3066; x_wconf 83' lang='lat' dir='ltr'><strong>accersas,</strong></span> <span class='ocrx_word' id='word_1_509' title='bbox 2929 3005 3089 3073; x_wconf 84' lang='lat' dir='ltr'><strong>quale</strong></span> <span class='ocrx_word' id='word_1_510' title='bbox 3117 3002 3193 3056; x_wconf 91' lang='lat' dir='ltr'><strong>illi</strong></span> <span class='ocrx_word' id='word_1_511' title='bbox 3220 3000 3446 3067; x_wconf 86' lang='lat' dir='ltr'><strong>contigit</strong></span> <span class='ocrx_word' id='word_1_512' title='bbox 3473 3000 3564 3068; x_wconf 92' lang='lat' dir='ltr'><strong>qui</strong></span> <span class='ocrx_word' id='word_1_513' title='bbox 3595 2999 3825 3052; x_wconf 85' lang='lat' dir='ltr'><strong>acutis-</strong></span> 
     </span>
    </p>
   </div>
   <div class='ocr_carea' id='block_1_74' title="bbox 2223 3092 3823 3166">
    <p class='ocr_par' dir='ltr' id='par_1_74' title="bbox 2223 3092 3823 3166">
     <span class='ocr_line' id='line_1_74' title="bbox 2223 3092 3823 3166; baseline -0.006 -14"><span class='ocrx_word' id='word_1_514' title='bbox 2223 3100 2420 3152; x_wconf 85' lang='lat' dir='ltr'><strong>simum</strong></span> <span class='ocrx_word' id='word_1_515' title='bbox 2455 3099 2641 3152; x_wconf 80' lang='lat' dir='ltr'><strong>eximii</strong></span> <span class='ocrx_word' id='word_1_516' title='bbox 2681 3098 3093 3166; x_wconf 88' lang='lat' dir='ltr'><strong>temperamenti</strong></span> <span class='ocrx_word' id='word_1_517' title='bbox 3119 3109 3311 3148; x_wconf 82' lang='lat' dir='ltr'><strong>ensem</strong></span> <span class='ocrx_word' id='word_1_518' title='bbox 3343 3092 3395 3144; x_wconf 92' lang='lat' dir='ltr'><strong>in</strong></span> <span class='ocrx_word' id='word_1_519' title='bbox 3428 3101 3546 3145; x_wconf 88' lang='lat' dir='ltr'><strong>cote</strong></span> <span class='ocrx_word' id='word_1_520' title='bbox 3585 3106 3823 3159; x_wconf 79' lang='lat' dir='ltr'><strong>aggres-</strong></span> 
     </span>
    </p>
   </div>
   <div class='ocr_carea' id='block_1_75' title="bbox 2221 3184 3819 3259">
    <p class='ocr_par' dir='ltr' id='par_1_75' title="bbox 2221 3184 3819 3259">
     <span class='ocr_line' id='line_1_75' title="bbox 2221 3184 3819 3259; baseline -0.005 -13"><span class='ocrx_word' id='word_1_521' title='bbox 2221 3205 2317 3246; x_wconf 79' lang='lat' dir='ltr'><strong>8us</strong></span> <span class='ocrx_word' id='word_1_522' title='bbox 2346 3191 2636 3246; x_wconf 88' lang='lat' dir='ltr'><strong>durissima</strong></span> <span class='ocrx_word' id='word_1_523' title='bbox 2670 3189 2923 3259; x_wconf 89' lang='lat' dir='ltr'><strong>probare,</strong></span> <span class='ocrx_word' id='word_1_524' title='bbox 2982 3189 3134 3241; x_wconf 93' lang='lat' dir='ltr'><strong>illum</strong></span> <span class='ocrx_word' id='word_1_525' title='bbox 3185 3185 3362 3255; x_wconf 91' lang='lat' dir='ltr'><strong>primo</strong></span> <span class='ocrx_word' id='word_1_526' title='bbox 3411 3184 3547 3245; x_wconf 92' lang='lat' dir='ltr'><strong>ictu,</strong></span> <span class='ocrx_word' id='word_1_527' title='bbox 3582 3199 3687 3236; x_wconf 85' lang='lat' dir='ltr'><strong>ceu</strong></span> <span class='ocrx_word' id='word_1_528' title='bbox 3729 3185 3819 3238; x_wconf 84' lang='lat' dir='ltr'><strong>vi-</strong></span> 
     </span>
    </p>
   </div>
   <div class='ocr_carea' id='block_1_76' title="bbox 2222 3275 3822 3350">
    <p class='ocr_par' dir='ltr' id='par_1_76' title="bbox 2222 3275 3822 3350">
     <span class='ocr_line' id='line_1_76' title="bbox 2222 3275 3822 3350; baseline -0.006 -12"><span class='ocrx_word' id='word_1_529' title='bbox 2222 3292 2366 3338; x_wconf 89' lang='lat' dir='ltr'><strong>trum</strong></span> <span class='ocrx_word' id='word_1_530' title='bbox 2391 3283 2568 3345; x_wconf 87' lang='lat' dir='ltr'><strong>futile,</strong></span> <span class='ocrx_word' id='word_1_531' title='bbox 2589 3281 2849 3350; x_wconf 85' lang='lat' dir='ltr'><strong>diﬂ&#39;regit.</strong></span> <span class='ocrx_word' id='word_1_532' title='bbox 2874 3281 2992 3334; x_wconf 85' lang='lat' dir='ltr'><strong>Non</strong></span> <span class='ocrx_word' id='word_1_533' title='bbox 3016 3276 3254 3348; x_wconf 87' lang='lat' dir='ltr'><strong>pervasit</strong></span> <span class='ocrx_word' id='word_1_534' title='bbox 3284 3275 3546 3328; x_wconf 91' lang='lat' dir='ltr'><strong>monitum</strong></span> <span class='ocrx_word' id='word_1_535' title='bbox 3574 3275 3822 3343; x_wconf 76' lang='lat' dir='ltr'><strong>sapiens</strong></span> 
     </span>
    </p>
   </div>
   <div class='ocr_carea' id='block_1_77' title="bbox 2223 3366 3820 3437">
    <p class='ocr_par' dir='ltr' id='par_1_77' title="bbox 2223 3366 3820 3437">
     <span class='ocr_line' id='line_1_77' title="bbox 2223 3366 3820 3437; baseline -0.006 -7"><span class='ocrx_word' id='word_1_536' title='bbox 2223 3377 2278 3430; x_wconf 92' lang='lat' dir='ltr'><strong>in</strong></span> <span class='ocrx_word' id='word_1_537' title='bbox 2309 3376 2552 3430; x_wconf 90' lang='lat' dir='ltr'><strong>animum</strong></span> <span class='ocrx_word' id='word_1_538' title='bbox 2589 3375 2758 3430; x_wconf 85' lang='lat' dir='ltr'><strong>stulte</strong></span> <span class='ocrx_word' id='word_1_539' title='bbox 2793 3372 2969 3427; x_wconf 91' lang='lat' dir='ltr'><strong>seduli</strong></span> <span class='ocrx_word' id='word_1_540' title='bbox 3008 3369 3184 3432; x_wconf 89' lang='lat' dir='ltr'><strong>corvi,</strong></span> <span class='ocrx_word' id='word_1_541' title='bbox 3225 3368 3317 3437; x_wconf 94' lang='lat' dir='ltr'><strong>qui</strong></span> <span class='ocrx_word' id='word_1_542' title='bbox 3352 3366 3633 3436; x_wconf 91' lang='lat' dir='ltr'><strong>prurigine</strong></span> <span class='ocrx_word' id='word_1_543' title='bbox 3665 3383 3820 3436; x_wconf 80' lang='lat' dir='ltr'><strong>qua-</strong></span> 
     </span>
    </p>
   </div>
   <div class='ocr_carea' id='block_1_78' title="bbox 2223 3458 3819 3533">
    <p class='ocr_par' dir='ltr' id='par_1_78' title="bbox 2223 3458 3819 3533">
     <span class='ocr_line' id='line_1_78' title="bbox 2223 3458 3819 3533; baseline -0.008 -10"><span class='ocrx_word' id='word_1_544' title='bbox 2223 3469 2347 3524; x_wconf 90' lang='lat' dir='ltr'><strong>dam</strong></span> <span class='ocrx_word' id='word_1_545' title='bbox 2401 3465 2738 3521; x_wconf 69' lang='lat' dir='ltr'><strong>OStentandaz</strong></span> <span class='ocrx_word' id='word_1_546' title='bbox 2789 3463 3110 3533; x_wconf 73' lang='lat' dir='ltr'><strong>sapientiae,</strong></span> <span class='ocrx_word' id='word_1_547' title='bbox 3159 3460 3314 3530; x_wconf 92' lang='lat' dir='ltr'><strong>quasi</strong></span> <span class='ocrx_word' id='word_1_548' title='bbox 3360 3474 3431 3513; x_wconf 90' lang='lat' dir='ltr'><strong>ex</strong></span> <span class='ocrx_word' id='word_1_549' title='bbox 3483 3458 3819 3527; x_wconf 83' lang='lat' dir='ltr'><strong>prOpittquo</strong></span> 
     </span>
    </p>
   </div>
   <div class='ocr_carea' id='block_1_79' title="bbox 2223 3553 3816 3634">
    <p class='ocr_par' dir='ltr' id='par_1_79' title="bbox 2223 3553 3816 3634">
     <span class='ocr_line' id='line_1_79' title="bbox 2223 3553 3816 3634; baseline -0.007 -17"><span class='ocrx_word' id='word_1_550' title='bbox 2223 3576 2608 3634; x_wconf 84' lang='lat' dir='ltr'><strong>persuasurus,</strong></span> <span class='ocrx_word' id='word_1_551' title='bbox 2643 3559 2789 3629; x_wconf 90' lang='lat' dir='ltr'><strong>quod</strong></span> <span class='ocrx_word' id='word_1_552' title='bbox 2841 3558 3054 3613; x_wconf 89' lang='lat' dir='ltr'><strong>distans</strong></span> <span class='ocrx_word' id='word_1_553' title='bbox 3087 3554 3460 3624; x_wconf 89' lang='lat' dir='ltr'><strong>nequidquam</strong></span> <span class='ocrx_word' id='word_1_554' title='bbox 3497 3553 3816 3616; x_wconf 85' lang='lat' dir='ltr'><strong>suadebat,</strong></span> 
     </span>
    </p>
   </div>
   <div class='ocr_carea' id='block_1_80' title="bbox 2221 3646 3818 3719">
    <p class='ocr_par' dir='ltr' id='par_1_80' title="bbox 2221 3646 3818 3719">
     <span class='ocr_line' id='line_1_80' title="bbox 2221 3646 3818 3719; baseline -0.006 -10"><span class='ocrx_word' id='word_1_555' title='bbox 2221 3655 2287 3709; x_wconf 88' lang='lat' dir='ltr'><strong>ad</strong></span> <span class='ocrx_word' id='word_1_556' title='bbox 2351 3654 2540 3709; x_wconf 84' lang='lat' dir='ltr'><strong>simios</strong></span> <span class='ocrx_word' id='word_1_557' title='bbox 2568 3651 2928 3714; x_wconf 87' lang='lat' dir='ltr'><strong>descendens,</strong></span> <span class='ocrx_word' id='word_1_558' title='bbox 2968 3650 3210 3719; x_wconf 90' lang='lat' dir='ltr'><strong>ipsisque</strong></span> <span class='ocrx_word' id='word_1_559' title='bbox 3238 3647 3580 3702; x_wconf 77' lang='lat' dir='ltr'><strong>familiariter</strong></span> <span class='ocrx_word' id='word_1_560' title='bbox 3614 3646 3818 3700; x_wconf 87' lang='lat' dir='ltr'><strong>immi-</strong></span> 
     </span>
    </p>
   </div>
   <div class='ocr_carea' id='block_1_81' title="bbox 2222 3740 3813 3816">
    <p class='ocr_par' dir='ltr' id='par_1_81' title="bbox 2222 3740 3813 3816">
     <span class='ocr_line' id='line_1_81' title="bbox 2222 3740 3813 3816; baseline -0.006 -15"><span class='ocrx_word' id='word_1_561' title='bbox 2222 3755 2374 3801; x_wconf 85' lang='lat' dir='ltr'><strong>stus:</strong></span> <span class='ocrx_word' id='word_1_562' title='bbox 2408 3746 2612 3816; x_wconf 82' lang='lat' dir='ltr'><strong>Apage.</strong></span> <span class='ocrx_word' id='word_1_563' title='bbox 2647 3744 2937 3807; x_wconf 80' lang='lat' dir='ltr'><strong>clamabat,</strong></span> <span class='ocrx_word' id='word_1_564' title='bbox 2971 3741 3221 3796; x_wconf 89' lang='lat' dir='ltr'><strong>absistite</strong></span> <span class='ocrx_word' id='word_1_565' title='bbox 3259 3740 3494 3793; x_wconf 90' lang='lat' dir='ltr'><strong>ridiculo</strong></span> <span class='ocrx_word' id='word_1_566' title='bbox 3539 3749 3760 3793; x_wconf 88' lang='lat' dir='ltr'><strong>conatu</strong></span> <span class='ocrx_word' id='word_1_567' title='bbox 3796 3759 3813 3806; x_wconf 88' lang='lat'><strong>;</strong></span> 
     </span>
    </p>
   </div>
   <div class='ocr_carea' id='block_1_82' title="bbox 2223 3832 3818 3908">
    <p class='ocr_par' dir='ltr' id='par_1_82' title="bbox 2223 3832 3818 3908">
     <span class='ocr_line' id='line_1_82' title="bbox 2223 3832 3818 3908; baseline -0.004 -16"><span class='ocrx_word' id='word_1_568' title='bbox 2223 3855 2291 3892; x_wconf 87' lang='lat' dir='ltr'><strong>an</strong></span> <span class='ocrx_word' id='word_1_569' title='bbox 2333 3837 2570 3908; x_wconf 87' lang='lat' dir='ltr'><strong>speratis</strong></span> <span class='ocrx_word' id='word_1_570' title='bbox 2603 3837 2799 3906; x_wconf 91' lang='lat' dir='ltr'><strong>spiritu</strong></span> <span class='ocrx_word' id='word_1_571' title='bbox 2849 3850 2879 3889; x_wconf 89' lang='lat' dir='ltr'><strong>e</strong></span> <span class='ocrx_word' id='word_1_572' title='bbox 2924 3843 3074 3904; x_wconf 90' lang='lat' dir='ltr'><strong>petra</strong></span> <span class='ocrx_word' id='word_1_573' title='bbox 3119 3832 3390 3886; x_wconf 88' lang='lat' dir='ltr'><strong>ﬂammam</strong></span> <span class='ocrx_word' id='word_1_574' title='bbox 3435 3832 3760 3886; x_wconf 77' lang='lat' dir='ltr'><strong>extundere</strong></span> <span class='ocrx_word' id='word_1_575' title='bbox 3791 3832 3818 3885; x_wconf 72' lang='grc'><strong><em>2</em></strong></span> 
     </span>
    </p>
   </div>
   <div class='ocr_carea' id='block_1_83' title="bbox 2224 3923 3816 3984">
    <p class='ocr_par' dir='ltr' id='par_1_83' title="bbox 2224 3923 3816 3984">
     <span class='ocr_line' id='line_1_83' title="bbox 2224 3923 3816 3984; baseline -0.005 0"><span class='ocrx_word' id='word_1_576' title='bbox 2224 3930 2372 3984; x_wconf 87' lang='lat' dir='ltr'><strong>Talia</strong></span> <span class='ocrx_word' id='word_1_577' title='bbox 2423 3929 2576 3982; x_wconf 91' lang='lat' dir='ltr'><strong>illum</strong></span> <span class='ocrx_word' id='word_1_578' title='bbox 2616 3929 3034 3982; x_wconf 82' lang='lat' dir='ltr'><strong>concionantem</strong></span> <span class='ocrx_word' id='word_1_579' title='bbox 3068 3925 3378 3978; x_wconf 71' lang='lat' dir='ltr'><strong>coorientcs</strong></span> <span class='ocrx_word' id='word_1_580' title='bbox 3414 3923 3678 3977; x_wconf 85' lang='lat' dir='ltr'><strong>concordi</strong></span> <span class='ocrx_word' id='word_1_581' title='bbox 3718 3939 3816 3976; x_wconf 87' lang='lat' dir='ltr'><strong>ra-</strong></span> 
     </span>
    </p>
   </div>
   <div class='ocr_carea' id='block_1_84' title="bbox 2223 4014 3815 4086">
    <p class='ocr_par' dir='ltr' id='par_1_84' title="bbox 2223 4014 3815 4086">
     <span class='ocr_line' id='line_1_84' title="bbox 2223 4014 3815 4086; baseline -0.003 -11"><span class='ocrx_word' id='word_1_582' title='bbox 2223 4021 2311 4075; x_wconf 91' lang='lat' dir='ltr'><strong>bie</strong></span> <span class='ocrx_word' id='word_1_583' title='bbox 2343 4020 2396 4074; x_wconf 93' lang='lat' dir='ltr'><strong>in</strong></span> <span class='ocrx_word' id='word_1_584' title='bbox 2451 4021 2780 4074; x_wconf 89' lang='lat' dir='ltr'><strong>monitorem</strong></span> <span class='ocrx_word' id='word_1_585' title='bbox 2818 4017 3262 4086; x_wconf 91' lang='lat' dir='ltr'><strong>intempestivum</strong></span> <span class='ocrx_word' id='word_1_586' title='bbox 3301 4015 3445 4070; x_wconf 89' lang='lat' dir='ltr'><strong>simii</strong></span> <span class='ocrx_word' id='word_1_587' title='bbox 3486 4014 3815 4084; x_wconf 56' lang='lat' dir='ltr'><strong>discerpse-</strong></span> 
     </span>
    </p>
   </div>
   <div class='ocr_carea' id='block_1_85' title="bbox 2225 4104 3811 4175">
    <p class='ocr_par' dir='ltr' id='par_1_85' title="bbox 2225 4104 3811 4175">
     <span class='ocr_line' id='line_1_85' title="bbox 2225 4104 3811 4175; baseline -0.003 -10"><span class='ocrx_word' id='word_1_588' title='bbox 2225 4119 2372 4165; x_wconf 90' lang='lat' dir='ltr'><strong>runt.</strong></span> <span class='ocrx_word' id='word_1_589' title='bbox 2408 4110 2510 4164; x_wconf 87' lang='lat' dir='ltr'><strong>Par</strong></span> <span class='ocrx_word' id='word_1_590' title='bbox 2549 4111 2730 4165; x_wconf 77' lang='lat' dir='ltr'><strong>exitus</strong></span> <span class='ocrx_word' id='word_1_591' title='bbox 2779 4125 2848 4162; x_wconf 91' lang='lat' dir='ltr'><strong>ne</strong></span> <span class='ocrx_word' id='word_1_592' title='bbox 2895 4124 2981 4162; x_wconf 90' lang='lat' dir='ltr'><strong>me</strong></span> <span class='ocrx_word' id='word_1_593' title='bbox 3015 4116 3251 4170; x_wconf 87' lang='lat' dir='ltr'><strong>maneat,</strong></span> <span class='ocrx_word' id='word_1_594' title='bbox 3282 4104 3538 4175; x_wconf 89' lang='lat' dir='ltr'><strong>equidem</strong></span> <span class='ocrx_word' id='word_1_595' title='bbox 3579 4122 3811 4161; x_wconf 78' lang='lat' dir='ltr'><strong>vereor.</strong></span> 
     </span>
    </p>
   </div>
   <div class='ocr_carea' id='block_1_86' title="bbox 2221 4197 3812 4264">
    <p class='ocr_par' dir='ltr' id='par_1_86' title="bbox 2221 4197 3812 4264">
     <span class='ocr_line' id='line_1_86' title="bbox 2221 4197 3812 4264; baseline -0.003 -7"><span class='ocrx_word' id='word_1_596' title='bbox 2221 4202 2340 4257; x_wconf 86' lang='lat' dir='ltr'><strong>Non</strong></span> <span class='ocrx_word' id='word_1_597' title='bbox 2366 4201 2593 4257; x_wconf 86' lang='lat' dir='ltr'><strong>cessabo</strong></span> <span class='ocrx_word' id='word_1_598' title='bbox 2624 4209 2805 4253; x_wconf 88' lang='lat' dir='ltr'><strong>tamen</strong></span> <span class='ocrx_word' id='word_1_599' title='bbox 2831 4197 3031 4261; x_wconf 89' lang='lat' dir='ltr'><strong>adhuc,</strong></span> <span class='ocrx_word' id='word_1_600' title='bbox 3056 4197 3326 4250; x_wconf 88' lang='lat' dir='ltr'><strong>charitate</strong></span> <span class='ocrx_word' id='word_1_601' title='bbox 3353 4204 3649 4264; x_wconf 81' lang='lat' dir='ltr'><strong>provectus</strong></span> <span class='ocrx_word' id='word_1_602' title='bbox 3670 4213 3812 4252; x_wconf 80' lang='lat' dir='ltr'><strong>vera</strong></span> 
     </span>
    </p>
   </div>
   <div class='ocr_carea' id='block_1_87' title="bbox 2225 4283 3815 4364">
    <p class='ocr_par' dir='ltr' id='par_1_87' title="bbox 2225 4283 3815 4364">
     <span class='ocr_line' id='line_1_87' title="bbox 2225 4283 3815 4364; baseline -0.004 -19"><span class='ocrx_word' id='word_1_603' title='bbox 2225 4293 2325 4352; x_wconf 79' lang='lat' dir='ltr'><strong>tui,</strong></span> <span class='ocrx_word' id='word_1_604' title='bbox 2357 4303 2410 4345; x_wconf 89' lang='lat' dir='ltr'><strong>et</strong></span> <span class='ocrx_word' id='word_1_605' title='bbox 2443 4290 2546 4344; x_wconf 89' lang='lat' dir='ltr'><strong>hoc</strong></span> <span class='ocrx_word' id='word_1_606' title='bbox 2571 4288 2921 4348; x_wconf 91' lang='lat' dir='ltr'><strong>denuntiare,</strong></span> <span class='ocrx_word' id='word_1_607' title='bbox 2957 4287 3002 4364; x_wconf 84' lang='lat' dir='ltr'><strong>si</strong></span> <span class='ocrx_word' id='word_1_608' title='bbox 3035 4285 3175 4339; x_wconf 84' lang='lat' dir='ltr'><strong>forte</strong></span> <span class='ocrx_word' id='word_1_609' title='bbox 3212 4285 3428 4338; x_wconf 87' lang='lat' dir='ltr'><strong>tandem</strong></span> <span class='ocrx_word' id='word_1_610' title='bbox 3460 4284 3540 4337; x_wconf 86' lang='lat' dir='ltr'><strong>vel</strong></span> <span class='ocrx_word' id='word_1_611' title='bbox 3567 4283 3676 4338; x_wconf 87' lang='lat' dir='ltr'><strong>hoc</strong></span> <span class='ocrx_word' id='word_1_612' title='bbox 3712 4300 3815 4352; x_wconf 89' lang='lat' dir='ltr'><strong>po-</strong></span> 
     </span>
    </p>
   </div>
   <div class='ocr_carea' id='block_1_88' title="bbox 2223 4373 3812 4445">
    <p class='ocr_par' dir='ltr' id='par_1_88' title="bbox 2223 4373 3812 4445">
     <span class='ocr_line' id='line_1_88' title="bbox 2223 4373 3812 4445; baseline -0.003 -11"><span class='ocrx_word' id='word_1_613' title='bbox 2223 4392 2430 4435; x_wconf 81' lang='lat' dir='ltr'><strong>stremo</strong></span> <span class='ocrx_word' id='word_1_614' title='bbox 2461 4397 2527 4436; x_wconf 85' lang='lat' dir='ltr'><strong>ex</strong></span> <span class='ocrx_word' id='word_1_615' title='bbox 2560 4395 2645 4434; x_wconf 92' lang='lat' dir='ltr'><strong>me</strong></span> <span class='ocrx_word' id='word_1_616' title='bbox 2674 4378 2950 4432; x_wconf 90' lang='lat' dir='ltr'><strong>audiendo</strong></span> <span class='ocrx_word' id='word_1_617' title='bbox 2996 4376 3246 4445; x_wconf 80' lang='lat' dir='ltr'><strong>exemplo</strong></span> <span class='ocrx_word' id='word_1_618' title='bbox 3278 4373 3484 4428; x_wconf 86' lang='lat' dir='ltr'><strong>moveri</strong></span> <span class='ocrx_word' id='word_1_619' title='bbox 3534 4374 3604 4428; x_wconf 91' lang='lat' dir='ltr'><strong>ad</strong></span> <span class='ocrx_word' id='word_1_620' title='bbox 3649 4375 3812 4430; x_wconf 74' lang='lat' dir='ltr'><strong>salu-</strong></span> 
     </span>
    </p>
   </div>
   <div class='ocr_carea' id='block_1_89' title="bbox 2226 4468 3064 4540">
    <p class='ocr_par' dir='ltr' id='par_1_89' title="bbox 2226 4468 3064 4540">
     <span class='ocr_line' id='line_1_89' title="bbox 2226 4468 3064 4540; baseline -0.006 -16"><span class='ocrx_word' id='word_1_621' title='bbox 2226 4471 2377 4524; x_wconf 89' lang='lat' dir='ltr'><strong>brem</strong></span> <span class='ocrx_word' id='word_1_622' title='bbox 2406 4469 2836 4540; x_wconf 87' lang='lat' dir='ltr'><strong>resipiscentiam</strong></span> <span class='ocrx_word' id='word_1_623' title='bbox 2865 4468 3064 4536; x_wconf 91' lang='lat' dir='ltr'><strong>possis.</strong></span> 
     </span>
    </p>
   </div>
   <div class='ocr_carea' id='block_1_90' title="bbox 545 4556 3804 4649">
    <p class='ocr_par' dir='ltr' id='par_1_90' title="bbox 545 4556 3804 4649">
     <span class='ocr_line' id='line_1_90' title="bbox 545 4556 3804 4649; baseline 0 -37"><span class='ocrx_word' id='word_1_624' title='bbox 545 4575 657 4628; x_wconf 91' lang='lat' dir='ltr'><strong>quo</strong></span> <span class='ocrx_word' id='word_1_625' title='bbox 693 4563 930 4630; x_wconf 81' lang='lat' dir='ltr'><strong>pessime</strong></span> <span class='ocrx_word' id='word_1_626' title='bbox 977 4561 1044 4616; x_wconf 83' lang='lat' dir='ltr'><strong>de</strong></span> <span class='ocrx_word' id='word_1_627' title='bbox 1099 4562 1217 4631; x_wconf 93' lang='lat' dir='ltr'><strong>ipso</strong></span> <span class='ocrx_word' id='word_1_628' title='bbox 1266 4565 1534 4618; x_wconf 87' lang='lat' dir='ltr'><strong>meruisti.</strong></span> <span class='ocrx_word' id='word_1_629' title='bbox 1569 4565 1724 4619; x_wconf 90' lang='lat' dir='ltr'><strong>Sicut</strong></span> <span class='ocrx_word' id='word_1_630' title='bbox 1772 4563 2112 4634; x_wconf 74' lang='lat' dir='ltr'><strong>maiestatem</strong></span> <span class='ocrx_word' id='word_1_631' title='bbox 2151 4597 2191 4649; x_wconf 69' lang='grc' dir='ltr'>υ</span> <span class='ocrx_word' id='word_1_632' title='bbox 2293 4561 2480 4615; x_wconf 72' lang='lat' dir='ltr'><strong>XXVI.</strong></span> <span class='ocrx_word' id='word_1_633' title='bbox 2513 4563 2634 4621; x_wconf 80' lang='lat' dir='ltr'><strong>Aio,</strong></span> <span class='ocrx_word' id='word_1_634' title='bbox 2660 4570 2734 4623; x_wconf 89' lang='lat' dir='ltr'><strong>te,</strong></span> <span class='ocrx_word' id='word_1_635' title='bbox 2778 4559 2824 4613; x_wconf 88' lang='lat' dir='ltr'><strong>si</strong></span> <span class='ocrx_word' id='word_1_636' title='bbox 2853 4558 3100 4612; x_wconf 85' lang='lat' dir='ltr'><strong>consiliis</strong></span> <span class='ocrx_word' id='word_1_637' title='bbox 3126 4556 3528 4611; x_wconf 78' lang='lat' dir='ltr'><strong>benevolorum</strong></span> <span class='ocrx_word' id='word_1_638' title='bbox 3562 4559 3804 4628; x_wconf 76' lang='lat' dir='ltr'><strong>spretis,</strong></span> 
     </span>
    </p>
   </div>
   <div class='ocr_carea' id='block_1_91' title="bbox 546 4653 2114 4725">
    <p class='ocr_par' dir='ltr' id='par_1_91' title="bbox 546 4653 2114 4725">
     <span class='ocr_line' id='line_1_91' title="bbox 546 4653 2114 4725; baseline 0.004 -21"><span class='ocrx_word' id='word_1_639' title='bbox 546 4653 719 4706; x_wconf 87' lang='lat' dir='ltr'><strong>maris</strong></span> <span class='ocrx_word' id='word_1_640' title='bbox 743 4668 960 4706; x_wconf 92' lang='lat' dir='ltr'><strong>omnem</strong></span> <span class='ocrx_word' id='word_1_641' title='bbox 985 4668 1048 4707; x_wconf 88' lang='lat' dir='ltr'><strong>ac</strong></span> <span class='ocrx_word' id='word_1_642' title='bbox 1069 4654 1306 4722; x_wconf 89' lang='lat' dir='ltr'><strong>speciem</strong></span> <span class='ocrx_word' id='word_1_643' title='bbox 1335 4657 1570 4719; x_wconf 90' lang='lat' dir='ltr'><strong>tolleret,</strong></span> <span class='ocrx_word' id='word_1_644' title='bbox 1598 4658 1688 4725; x_wconf 91' lang='lat' dir='ltr'><strong>qui</strong></span> <span class='ocrx_word' id='word_1_645' title='bbox 1714 4655 1779 4709; x_wconf 88' lang='lat' dir='ltr'><strong>ad</strong></span> <span class='ocrx_word' id='word_1_646' title='bbox 1809 4656 2028 4709; x_wconf 92' lang='lat' dir='ltr'><strong>unicum</strong></span> <span class='ocrx_word' id='word_1_647' title='bbox 2061 4655 2114 4710; x_wconf 92' lang='lat' dir='ltr'><strong>id</strong></span> 
     </span>
    </p>
   </div>
   <div class='ocr_carea' id='block_1_92' title="bbox 545 4744 2118 4816">
    <p class='ocr_par' dir='ltr' id='par_1_92' title="bbox 545 4744 2118 4816">
     <span class='ocr_line' id='line_1_92' title="bbox 545 4744 2118 4816; baseline 0 -16"><span class='ocrx_word' id='word_1_648' title='bbox 545 4744 770 4800; x_wconf 91' lang='lat' dir='ltr'><strong>ﬂuctum</strong></span> <span class='ocrx_word' id='word_1_649' title='bbox 805 4745 971 4800; x_wconf 89' lang='lat' dir='ltr'><strong>vellet</strong></span> <span class='ocrx_word' id='word_1_650' title='bbox 1009 4747 1275 4816; x_wconf 87' lang='lat' dir='ltr'><strong>redigere,</strong></span> <span class='ocrx_word' id='word_1_651' title='bbox 1312 4763 1434 4802; x_wconf 90' lang='lat' dir='ltr'><strong>cum</strong></span> <span class='ocrx_word' id='word_1_652' title='bbox 1469 4765 1537 4802; x_wconf 88' lang='lat' dir='ltr'><strong>ex</strong></span> <span class='ocrx_word' id='word_1_653' title='bbox 1566 4748 1919 4803; x_wconf 88' lang='lat' dir='ltr'><strong>multitudine</strong></span> <span class='ocrx_word' id='word_1_654' title='bbox 1955 4747 2118 4801; x_wconf 82' lang='lat' dir='ltr'><strong>innu—</strong></span> 
     </span>
    </p>
   </div>
   <div class='ocr_carea' id='block_1_93' title="bbox 547 4836 2120 4910">
    <p class='ocr_par' dir='ltr' id='par_1_93' title="bbox 547 4836 2120 4910">
     <span class='ocr_line' id='line_1_93' title="bbox 547 4836 2120 4910; baseline 0.004 -21"><span class='ocrx_word' id='word_1_655' title='bbox 547 4836 796 4890; x_wconf 90' lang='lat' dir='ltr'><strong>mcrabili</strong></span> <span class='ocrx_word' id='word_1_656' title='bbox 836 4837 1173 4891; x_wconf 91' lang='lat' dir='ltr'><strong>trudentium</strong></span> <span class='ocrx_word' id='word_1_657' title='bbox 1215 4839 1325 4892; x_wconf 92' lang='lat' dir='ltr'><strong>illic</strong></span> <span class='ocrx_word' id='word_1_658' title='bbox 1371 4855 1490 4894; x_wconf 90' lang='lat' dir='ltr'><strong>sese</strong></span> <span class='ocrx_word' id='word_1_659' title='bbox 1525 4857 1586 4896; x_wconf 90' lang='lat' dir='ltr'><strong>ac</strong></span> <span class='ocrx_word' id='word_1_660' title='bbox 1625 4839 1947 4910; x_wconf 71' lang='lat' dir='ltr'><strong>stipantium</strong></span> <span class='ocrx_word' id='word_1_661' title='bbox 2017 4842 2120 4895; x_wconf 88' lang='lat' dir='ltr'><strong>ﬂu-</strong></span> 
     </span>
    </p>
   </div>
   <div class='ocr_carea' id='block_1_94' title="bbox 547 4931 2122 5002">
    <p class='ocr_par' dir='ltr' id='par_1_94' title="bbox 547 4931 2122 5002">
     <span class='ocr_line' id='line_1_94' title="bbox 547 4931 2122 5002; baseline 0.003 -20"><span class='ocrx_word' id='word_1_662' title='bbox 547 4939 742 4983; x_wconf 91' lang='lat' dir='ltr'><strong>ctuum</strong></span> <span class='ocrx_word' id='word_1_663' title='bbox 792 4937 958 4999; x_wconf 84' lang='lat' dir='ltr'><strong>atque</strong></span> <span class='ocrx_word' id='word_1_664' title='bbox 993 4931 1285 4990; x_wconf 88' lang='lat' dir='ltr'><strong>undarum.</strong></span> <span class='ocrx_word' id='word_1_665' title='bbox 1324 4932 1490 4986; x_wconf 89' lang='lat' dir='ltr'><strong>maris</strong></span> <span class='ocrx_word' id='word_1_666' title='bbox 1517 4933 1793 5001; x_wconf 87' lang='lat' dir='ltr'><strong>dignatus,</strong></span> <span class='ocrx_word' id='word_1_667' title='bbox 1826 4943 1880 4987; x_wconf 90' lang='lat' dir='ltr'><strong>et</strong></span> <span class='ocrx_word' id='word_1_668' title='bbox 1903 4948 2022 5002; x_wconf 82' lang='lat' dir='ltr'><strong>quae</strong></span> <span class='ocrx_word' id='word_1_669' title='bbox 2055 4949 2122 4987; x_wconf 87' lang='lat' dir='ltr'><strong>ex</strong></span> 
     </span>
    </p>
   </div>
   <div class='ocr_carea' id='block_1_95' title="bbox 550 5021 2124 5092">
    <p class='ocr_par' dir='ltr' id='par_1_95' title="bbox 550 5021 2124 5092">
     <span class='ocr_line' id='line_1_95' title="bbox 550 5021 2124 5092; baseline 0.001 -18"><span class='ocrx_word' id='word_1_670' title='bbox 550 5021 653 5080; x_wconf 86' lang='lat' dir='ltr'><strong>hac</strong></span> <span class='ocrx_word' id='word_1_671' title='bbox 683 5021 882 5085; x_wconf 90' lang='lat' dir='ltr'><strong>oritur,</strong></span> <span class='ocrx_word' id='word_1_672' title='bbox 909 5023 1281 5090; x_wconf 86' lang='lat' dir='ltr'><strong>navigantium</strong></span> <span class='ocrx_word' id='word_1_673' title='bbox 1319 5024 1565 5092; x_wconf 64' lang='lat' dir='ltr'><strong>qumdam</strong></span> <span class='ocrx_word' id='word_1_674' title='bbox 1600 5023 1904 5087; x_wconf 87' lang='lat' dir='ltr'><strong>veneratio,</strong></span> <span class='ocrx_word' id='word_1_675' title='bbox 1934 5037 2124 5075; x_wconf 92' lang='lat' dir='ltr'><strong>nasca-</strong></span> 
     </span>
    </p>
   </div>
   <div class='ocr_carea' id='block_1_96' title="bbox 553 5110 2125 5182">
    <p class='ocr_par' dir='ltr' id='par_1_96' title="bbox 553 5110 2125 5182">
     <span class='ocr_line' id='line_1_96' title="bbox 553 5110 2125 5182; baseline -0.001 -15"><span class='ocrx_word' id='word_1_676' title='bbox 553 5121 662 5167; x_wconf 89' lang='lat' dir='ltr'><strong>tur.</strong></span> <span class='ocrx_word' id='word_1_677' title='bbox 701 5110 961 5166; x_wconf 88' lang='lat' dir='ltr'><strong>lnsanum</strong></span> <span class='ocrx_word' id='word_1_678' title='bbox 1005 5127 1136 5166; x_wconf 84' lang='lat' dir='ltr'><strong>vero</strong></span> <span class='ocrx_word' id='word_1_679' title='bbox 1167 5127 1392 5182; x_wconf 91' lang='lat' dir='ltr'><strong>prorsus</strong></span> <span class='ocrx_word' id='word_1_680' title='bbox 1421 5122 1505 5167; x_wconf 91' lang='lat' dir='ltr'><strong>est</strong></span> <span class='ocrx_word' id='word_1_681' title='bbox 1537 5113 1791 5167; x_wconf 74' lang='lat' dir='ltr'><strong>amicitia:</strong></span> <span class='ocrx_word' id='word_1_682' title='bbox 1821 5111 1953 5166; x_wconf 86' lang='lat' dir='ltr'><strong>foris</strong></span> <span class='ocrx_word' id='word_1_683' title='bbox 1987 5127 2125 5182; x_wconf 69' lang='lat' dir='ltr'><strong>pra:-</strong></span> 
     </span>
    </p>
   </div>
   <div class='ocr_carea' id='block_1_97' title="bbox 550 5206 2122 5270">
    <p class='ocr_par' dir='ltr' id='par_1_97' title="bbox 550 5206 2122 5270">
     <span class='ocr_line' id='line_1_97' title="bbox 550 5206 2122 5270; baseline 0.001 -12"><span class='ocrx_word' id='word_1_684' title='bbox 550 5206 698 5259; x_wconf 88' lang='lat' dir='ltr'><strong>ferre</strong></span> <span class='ocrx_word' id='word_1_685' title='bbox 739 5206 1123 5270; x_wconf 88' lang='lat' dir='ltr'><strong>simulacrum,</strong></span> <span class='ocrx_word' id='word_1_686' title='bbox 1162 5208 1437 5264; x_wconf 87' lang='lat' dir='ltr'><strong>foventem</strong></span> <span class='ocrx_word' id='word_1_687' title='bbox 1472 5209 1620 5262; x_wconf 89' lang='lat' dir='ltr'><strong>intus</strong></span> <span class='ocrx_word' id='word_1_688' title='bbox 1653 5209 1791 5262; x_wconf 91' lang='lat' dir='ltr'><strong>nihil</strong></span> <span class='ocrx_word' id='word_1_689' title='bbox 1832 5209 1980 5262; x_wconf 90' lang='lat' dir='ltr'><strong>aliud</strong></span> <span class='ocrx_word' id='word_1_690' title='bbox 2017 5207 2122 5262; x_wconf 88' lang='lat' dir='ltr'><strong>nisi</strong></span> 
     </span>
    </p>
   </div>
   <div class='ocr_carea' id='block_1_98' title="bbox 550 5297 2126 5367">
    <p class='ocr_par' dir='ltr' id='par_1_98' title="bbox 550 5297 2126 5367">
     <span class='ocr_line' id='line_1_98' title="bbox 550 5297 2126 5367; baseline 0.001 -16"><span class='ocrx_word' id='word_1_691' title='bbox 550 5306 898 5364; x_wconf 78' lang='lat' dir='ltr'><strong>quzestuosas</strong></span> <span class='ocrx_word' id='word_1_692' title='bbox 943 5297 1290 5367; x_wconf 84' lang='lat' dir='ltr'><strong>cupiditates,</strong></span> <span class='ocrx_word' id='word_1_693' title='bbox 1343 5299 1569 5367; x_wconf 88' lang='lat' dir='ltr'><strong>privatis</strong></span> <span class='ocrx_word' id='word_1_694' title='bbox 1618 5297 1782 5352; x_wconf 91' lang='lat' dir='ltr'><strong>unice</strong></span> <span class='ocrx_word' id='word_1_695' title='bbox 1817 5297 2126 5352; x_wconf 86' lang='lat' dir='ltr'><strong>rationibus</strong></span> 
     </span>
    </p>
   </div>
   <div class='ocr_carea' id='block_1_99' title="bbox 556 5388 2123 5452">
    <p class='ocr_par' dir='ltr' id='par_1_99' title="bbox 556 5388 2123 5452">
     <span class='ocr_line' id='line_1_99' title="bbox 556 5388 2123 5452; baseline 0.001 -9"><span class='ocrx_word' id='word_1_696' title='bbox 556 5388 816 5446; x_wconf 84' lang='lat' dir='ltr'><strong>intentas.</strong></span> <span class='ocrx_word' id='word_1_697' title='bbox 855 5398 909 5442; x_wconf 91' lang='lat' dir='ltr'><strong>et</strong></span> <span class='ocrx_word' id='word_1_698' title='bbox 951 5389 1176 5444; x_wconf 87' lang='lat' dir='ltr'><strong>sordido</strong></span> <span class='ocrx_word' id='word_1_699' title='bbox 1204 5390 1518 5445; x_wconf 89' lang='lat' dir='ltr'><strong>avidissime</strong></span> <span class='ocrx_word' id='word_1_700' title='bbox 1551 5388 1917 5444; x_wconf 88' lang='lat' dir='ltr'><strong>inbiahundas</strong></span> <span class='ocrx_word' id='word_1_701' title='bbox 1948 5391 2123 5452; x_wconf 91' lang='lat' dir='ltr'><strong>lucro,</strong></span> 
     </span>
    </p>
   </div>
   <div class='ocr_carea' id='block_1_100' title="bbox 553 5480 2127 5552">
    <p class='ocr_par' dir='ltr' id='par_1_100' title="bbox 553 5480 2127 5552">
     <span class='ocr_line' id='line_1_100' title="bbox 553 5480 2127 5552; baseline 0.001 -17"><span class='ocrx_word' id='word_1_702' title='bbox 553 5480 806 5549; x_wconf 90' lang='lat' dir='ltr'><strong>nihilque</strong></span> <span class='ocrx_word' id='word_1_703' title='bbox 851 5481 1001 5549; x_wconf 88' lang='lat' dir='ltr'><strong>pensi</strong></span> <span class='ocrx_word' id='word_1_704' title='bbox 1045 5481 1332 5542; x_wconf 88' lang='lat' dir='ltr'><strong>habentes.</strong></span> <span class='ocrx_word' id='word_1_705' title='bbox 1366 5487 1643 5552; x_wconf 86' lang='lat' dir='ltr'><strong>propriam</strong></span> <span class='ocrx_word' id='word_1_706' title='bbox 1677 5483 1781 5538; x_wconf 91' lang='lat' dir='ltr'><strong>sibi</strong></span> <span class='ocrx_word' id='word_1_707' title='bbox 1823 5481 2127 5551; x_wconf 89' lang='lat' dir='ltr'><strong>quomodo-</strong></span> 
     </span>
    </p>
   </div>
   <div class='ocr_carea' id='block_1_101' title="bbox 557 5572 2128 5643">
    <p class='ocr_par' dir='ltr' id='par_1_101' title="bbox 557 5572 2128 5643">
     <span class='ocr_line' id='line_1_101' title="bbox 557 5572 2128 5643; baseline 0.001 -19"><span class='ocrx_word' id='word_1_708' title='bbox 557 5585 776 5640; x_wconf 86' lang='lat' dir='ltr'><strong>cunque</strong></span> <span class='ocrx_word' id='word_1_709' title='bbox 817 5572 1104 5624; x_wconf 90' lang='lat' dir='ltr'><strong>utilitatem</strong></span> <span class='ocrx_word' id='word_1_710' title='bbox 1144 5574 1437 5639; x_wconf 89' lang='lat' dir='ltr'><strong>conﬁcere,</strong></span> <span class='ocrx_word' id='word_1_711' title='bbox 1479 5575 1566 5628; x_wconf 89' lang='lat' dir='ltr'><strong>vel</strong></span> <span class='ocrx_word' id='word_1_712' title='bbox 1604 5573 1894 5643; x_wconf 87' lang='lat' dir='ltr'><strong>dispendio</strong></span> <span class='ocrx_word' id='word_1_713' title='bbox 1932 5572 2128 5626; x_wconf 76' lang='lat' dir='ltr'><strong>exitio-</strong></span> 
     </span>
    </p>
   </div>
   <div class='ocr_carea' id='block_1_102' title="bbox 557 5664 1712 5732">
    <p class='ocr_par' dir='ltr' id='par_1_102' title="bbox 557 5664 1712 5732">
     <span class='ocr_line' id='line_1_102' title="bbox 557 5664 1712 5732; baseline 0.008 -19"><span class='ocrx_word' id='word_1_714' title='bbox 557 5677 663 5728; x_wconf 87' lang='lat' dir='ltr'><strong>que</strong></span> <span class='ocrx_word' id='word_1_715' title='bbox 696 5664 1017 5729; x_wconf 77' lang='lat' dir='ltr'><strong>quarumvis</strong></span> <span class='ocrx_word' id='word_1_716' title='bbox 1052 5665 1354 5732; x_wconf 84' lang='lat' dir='ltr'><strong>quamlibet</strong></span> <span class='ocrx_word' id='word_1_717' title='bbox 1389 5666 1712 5722; x_wconf 92' lang='lat' dir='ltr'><strong>insontium.</strong></span> 
     </span>
    </p>
   </div>
   <div class='ocr_carea' id='block_1_103' title="bbox 631 5751 2125 5828">
    <p class='ocr_par' dir='ltr' id='par_1_103' title="bbox 631 5751 2125 5828">
     <span class='ocr_line' id='line_1_103' title="bbox 631 5751 2125 5828; baseline 0.003 -24"><span class='ocrx_word' id='word_1_718' title='bbox 631 5751 797 5807; x_wconf 75' lang='lat' dir='ltr'><strong>XXV.</strong></span> <span class='ocrx_word' id='word_1_719' title='bbox 839 5753 964 5808; x_wconf 69' lang='grc' dir='ltr'><strong>Πωο</strong></span> <span class='ocrx_word' id='word_1_720' title='bbox 991 5771 1092 5824; x_wconf 86' lang='lat' dir='ltr'><strong>ego</strong></span> <span class='ocrx_word' id='word_1_721' title='bbox 1123 5756 1254 5811; x_wconf 90' lang='lat' dir='ltr'><strong>satis</strong></span> <span class='ocrx_word' id='word_1_722' title='bbox 1295 5757 1560 5828; x_wconf 86' lang='lat' dir='ltr'><strong>intelligo,</strong></span> <span class='ocrx_word' id='word_1_723' title='bbox 1598 5759 1808 5828; x_wconf 90' lang='lat' dir='ltr'><strong>pridem</strong></span> <span class='ocrx_word' id='word_1_724' title='bbox 1844 5765 2125 5827; x_wconf 73' lang='lat' dir='ltr'><strong>expertus,</strong></span> 
     </span>
    </p>
   </div>
   <div class='ocr_carea' id='block_1_104' title="bbox 563 5843 2126 5919">
    <p class='ocr_par' dir='ltr' id='par_1_104' title="bbox 563 5843 2126 5919">
     <span class='ocr_line' id='line_1_104' title="bbox 563 5843 2126 5919; baseline 0.001 -19"><span class='ocrx_word' id='word_1_725' title='bbox 563 5851 621 5900; x_wconf 80' lang='lat' dir='ltr'><strong>ct</strong></span> <span class='ocrx_word' id='word_1_726' title='bbox 645 5843 812 5899; x_wconf 87' lang='lat' dir='ltr'><strong>surdo</strong></span> <span class='ocrx_word' id='word_1_727' title='bbox 845 5860 931 5899; x_wconf 89' lang='lat' dir='ltr'><strong>me</strong></span> <span class='ocrx_word' id='word_1_728' title='bbox 973 5848 1237 5904; x_wconf 89' lang='lat' dir='ltr'><strong>cecinisse</strong></span> <span class='ocrx_word' id='word_1_729' title='bbox 1281 5849 1570 5917; x_wconf 88' lang='lat' dir='ltr'><strong>hactenus,</strong></span> <span class='ocrx_word' id='word_1_730' title='bbox 1615 5859 1671 5905; x_wconf 92' lang='lat' dir='ltr'><strong>ct</strong></span> <span class='ocrx_word' id='word_1_731' title='bbox 1707 5865 1870 5919; x_wconf 87' lang='lat' dir='ltr'><strong>porro</strong></span> <span class='ocrx_word' id='word_1_732' title='bbox 1909 5864 2126 5917; x_wconf 84' lang='lat' dir='ltr'><strong>canere,</strong></span> 
     </span>
    </p>
   </div>
   <div class='ocr_carea' id='block_1_105' title="bbox 2221 4649 3805 4718">
    <p class='ocr_par' dir='ltr' id='par_1_105' title="bbox 2221 4649 3805 4718">
     <span class='ocr_line' id='line_1_105' title="bbox 2221 4649 3805 4718; baseline -0.001 -13"><span class='ocrx_word' id='word_1_733' title='bbox 2221 4653 2420 4706; x_wconf 90' lang='lat' dir='ltr'><strong>astutia</strong></span> <span class='ocrx_word' id='word_1_734' title='bbox 2474 4660 2530 4706; x_wconf 90' lang='lat' dir='ltr'><strong>et</strong></span> <span class='ocrx_word' id='word_1_735' title='bbox 2575 4665 2718 4705; x_wconf 66' lang='grc' dir='ltr'><strong>οωεο</strong></span> <span class='ocrx_word' id='word_1_736' title='bbox 2765 4651 2839 4703; x_wconf 89' lang='lat' dir='ltr'><strong>tui</strong></span> <span class='ocrx_word' id='word_1_737' title='bbox 2888 4665 3077 4703; x_wconf 88' lang='lat' dir='ltr'><strong>amore</strong></span> <span class='ocrx_word' id='word_1_738' title='bbox 3122 4663 3282 4702; x_wconf 89' lang='lat' dir='ltr'><strong>ruere</strong></span> <span class='ocrx_word' id='word_1_739' title='bbox 3331 4664 3544 4718; x_wconf 85' lang='lat' dir='ltr'><strong>perges,</strong></span> <span class='ocrx_word' id='word_1_740' title='bbox 3595 4649 3805 4705; x_wconf 81' lang='lat' dir='ltr'><strong>similia</strong></span> 
     </span>
    </p>
   </div>
   <div class='ocr_carea' id='block_1_106' title="bbox 2222 4739 3805 4812">
    <p class='ocr_par' dir='ltr' id='par_1_106' title="bbox 2222 4739 3805 4812">
     <span class='ocr_line' id='line_1_106' title="bbox 2222 4739 3805 4812; baseline -0.001 -16"><span class='ocrx_word' id='word_1_741' title='bbox 2222 4757 2508 4812; x_wconf 85' lang='lat' dir='ltr'><strong>passurum</strong></span> <span class='ocrx_word' id='word_1_742' title='bbox 2554 4750 2778 4797; x_wconf 89' lang='lat' dir='ltr'><strong>versuto</strong></span> <span class='ocrx_word' id='word_1_743' title='bbox 2818 4740 3080 4794; x_wconf 81' lang='lat' dir='ltr'><strong>nebuloni</strong></span> <span class='ocrx_word' id='word_1_744' title='bbox 3122 4741 3238 4792; x_wconf 90' lang='lat' dir='ltr'><strong>suis</strong></span> <span class='ocrx_word' id='word_1_745' title='bbox 3287 4739 3460 4808; x_wconf 89' lang='lat' dir='ltr'><strong>ipsius</strong></span> <span class='ocrx_word' id='word_1_746' title='bbox 3495 4739 3560 4792; x_wconf 91' lang='lat' dir='ltr'><strong>ad</strong></span> <span class='ocrx_word' id='word_1_747' title='bbox 3609 4751 3805 4795; x_wconf 79' lang='lat' dir='ltr'><strong>extre-</strong></span> 
     </span>
    </p>
   </div>
   <div class='ocr_carea' id='block_1_107' title="bbox 2223 4830 3805 4900">
    <p class='ocr_par' dir='ltr' id='par_1_107' title="bbox 2223 4830 3805 4900">
     <span class='ocr_line' id='line_1_107' title="bbox 2223 4830 3805 4900; baseline -0.003 -10"><span class='ocrx_word' id='word_1_748' title='bbox 2223 4852 2371 4890; x_wconf 90' lang='lat' dir='ltr'><strong>mum</strong></span> <span class='ocrx_word' id='word_1_749' title='bbox 2422 4835 2800 4890; x_wconf 84' lang='lat' dir='ltr'><strong>circumvento</strong></span> <span class='ocrx_word' id='word_1_750' title='bbox 2845 4831 3080 4887; x_wconf 91' lang='lat' dir='ltr'><strong>technis.</strong></span> <span class='ocrx_word' id='word_1_751' title='bbox 3120 4830 3496 4886; x_wconf 90' lang='lat' dir='ltr'><strong>Scholasticus</strong></span> <span class='ocrx_word' id='word_1_752' title='bbox 3543 4832 3805 4900; x_wconf 78' lang='lat' dir='ltr'><strong>quidam,</strong></span> 
     </span>
    </p>
   </div>
   <div class='ocr_carea' id='block_1_108' title="bbox 2222 4921 3809 4996">
    <p class='ocr_par' dir='ltr' id='par_1_108' title="bbox 2222 4921 3809 4996">
     <span class='ocr_line' id='line_1_108' title="bbox 2222 4921 3809 4996; baseline -0.002 -16"><span class='ocrx_word' id='word_1_753' title='bbox 2222 4929 2308 4981; x_wconf 86' lang='lat' dir='ltr'><strong>vir</strong></span> <span class='ocrx_word' id='word_1_754' title='bbox 2338 4925 2569 4996; x_wconf 82' lang='lat' dir='ltr'><strong>simplex</strong></span> <span class='ocrx_word' id='word_1_755' title='bbox 2601 4936 2657 4980; x_wconf 89' lang='lat' dir='ltr'><strong>et</strong></span> <span class='ocrx_word' id='word_1_756' title='bbox 2703 4925 2814 4979; x_wconf 91' lang='lat' dir='ltr'><strong>fuci</strong></span> <span class='ocrx_word' id='word_1_757' title='bbox 2848 4938 3071 4992; x_wconf 83' lang='lat' dir='ltr'><strong>expers,</strong></span> <span class='ocrx_word' id='word_1_758' title='bbox 3103 4921 3204 4976; x_wconf 76' lang='lat' dir='ltr'><strong>vize</strong></span> <span class='ocrx_word' id='word_1_759' title='bbox 3237 4922 3532 4990; x_wconf 88' lang='lat' dir='ltr'><strong>aliquando</strong></span> <span class='ocrx_word' id='word_1_760' title='bbox 3560 4923 3809 4978; x_wconf 77' lang='lat' dir='ltr'><strong>societa-</strong></span> 
     </span>
    </p>
   </div>
   <div class='ocr_carea' id='block_1_109' title="bbox 2227 5012 3808 5071">
    <p class='ocr_par' dir='ltr' id='par_1_109' title="bbox 2227 5012 3808 5071">
     <span class='ocr_line' id='line_1_109' title="bbox 2227 5012 3808 5071; baseline -0.003 0"><span class='ocrx_word' id='word_1_761' title='bbox 2227 5027 2333 5071; x_wconf 90' lang='lat' dir='ltr'><strong>tem</strong></span> <span class='ocrx_word' id='word_1_762' title='bbox 2386 5017 2545 5070; x_wconf 88' lang='lat' dir='ltr'><strong>inivit</strong></span> <span class='ocrx_word' id='word_1_763' title='bbox 2594 5032 2718 5070; x_wconf 92' lang='lat' dir='ltr'><strong>cum</strong></span> <span class='ocrx_word' id='word_1_764' title='bbox 2754 5014 3037 5068; x_wconf 90' lang='lat' dir='ltr'><strong>ardelione</strong></span> <span class='ocrx_word' id='word_1_765' title='bbox 3070 5012 3450 5068; x_wconf 83' lang='lat' dir='ltr'><strong>callidissimo.</strong></span> <span class='ocrx_word' id='word_1_766' title='bbox 3481 5013 3646 5067; x_wconf 90' lang='lat' dir='ltr'><strong>Bonis</strong></span> <span class='ocrx_word' id='word_1_767' title='bbox 3679 5014 3808 5067; x_wconf 78' lang='lat' dir='ltr'><strong>avi-</strong></span> 
     </span>
    </p>
   </div>
   <div class='ocr_carea' id='block_1_110' title="bbox 2226 5103 3803 5177">
    <p class='ocr_par' dir='ltr' id='par_1_110' title="bbox 2226 5103 3803 5177">
     <span class='ocr_line' id='line_1_110' title="bbox 2226 5103 3803 5177; baseline -0.002 -15"><span class='ocrx_word' id='word_1_768' title='bbox 2226 5107 2328 5162; x_wconf 88' lang='lat' dir='ltr'><strong>bus</strong></span> <span class='ocrx_word' id='word_1_769' title='bbox 2377 5108 2479 5161; x_wconf 78' lang='lat' dir='ltr'><strong>iter</strong></span> <span class='ocrx_word' id='word_1_770' title='bbox 2543 5107 2800 5177; x_wconf 87' lang='lat' dir='ltr'><strong>ingressi,</strong></span> <span class='ocrx_word' id='word_1_771' title='bbox 2849 5120 3076 5174; x_wconf 84' lang='lat' dir='ltr'><strong>peregre</strong></span> <span class='ocrx_word' id='word_1_772' title='bbox 3153 5103 3208 5156; x_wconf 93' lang='lat' dir='ltr'><strong>in</strong></span> <span class='ocrx_word' id='word_1_773' title='bbox 3281 5104 3601 5157; x_wconf 88' lang='lat' dir='ltr'><strong>thesaurum</strong></span> <span class='ocrx_word' id='word_1_774' title='bbox 3652 5105 3803 5159; x_wconf 86' lang='lat' dir='ltr'><strong>inci-</strong></span> 
     </span>
    </p>
   </div>
   <div class='ocr_carea' id='block_1_111' title="bbox 2225 5196 3810 5266">
    <p class='ocr_par' dir='ltr' id='par_1_111' title="bbox 2225 5196 3810 5266">
     <span class='ocr_line' id='line_1_111' title="bbox 2225 5196 3810 5266; baseline -0.003 -12"><span class='ocrx_word' id='word_1_775' title='bbox 2225 5200 2362 5254; x_wconf 91' lang='lat' dir='ltr'><strong>dunt</strong></span> <span class='ocrx_word' id='word_1_776' title='bbox 2397 5200 2715 5263; x_wconf 85' lang='lat' dir='ltr'><strong>maximum,</strong></span> <span class='ocrx_word' id='word_1_777' title='bbox 2750 5199 2900 5252; x_wconf 90' lang='lat' dir='ltr'><strong>mille</strong></span> <span class='ocrx_word' id='word_1_778' title='bbox 2946 5196 3066 5250; x_wconf 86' lang='lat' dir='ltr'><strong>auri</strong></span> <span class='ocrx_word' id='word_1_779' title='bbox 3115 5197 3471 5250; x_wconf 91' lang='lat' dir='ltr'><strong>talentorum.</strong></span> <span class='ocrx_word' id='word_1_780' title='bbox 3505 5197 3635 5250; x_wconf 89' lang='lat' dir='ltr'><strong>Post</strong></span> <span class='ocrx_word' id='word_1_781' title='bbox 3676 5213 3810 5266; x_wconf 82' lang='lat' dir='ltr'><strong>gra-</strong></span> 
     </span>
    </p>
   </div>
   <div class='ocr_carea' id='block_1_112' title="bbox 2229 5288 3809 5352">
    <p class='ocr_par' dir='ltr' id='par_1_112' title="bbox 2229 5288 3809 5352">
     <span class='ocr_line' id='line_1_112' title="bbox 2229 5288 3809 5352; baseline -0.004 -4"><span class='ocrx_word' id='word_1_782' title='bbox 2229 5293 2552 5348; x_wconf 90' lang='lat' dir='ltr'><strong>tulationem</strong></span> <span class='ocrx_word' id='word_1_783' title='bbox 2607 5301 2714 5345; x_wconf 91' lang='lat' dir='ltr'><strong>tam</strong></span> <span class='ocrx_word' id='word_1_784' title='bbox 2780 5289 2942 5344; x_wconf 81' lang='lat' dir='ltr'><strong>fausti</strong></span> <span class='ocrx_word' id='word_1_785' title='bbox 2986 5304 3169 5352; x_wconf 89' lang='lat' dir='ltr'><strong>casus,</strong></span> <span class='ocrx_word' id='word_1_786' title='bbox 3233 5288 3622 5352; x_wconf 90' lang='lat' dir='ltr'><strong>scholasticus,</strong></span> <span class='ocrx_word' id='word_1_787' title='bbox 3666 5305 3809 5342; x_wconf 84' lang='lat' dir='ltr'><strong>con-</strong></span> 
     </span>
    </p>
   </div>
   <div class='ocr_carea' id='block_1_113' title="bbox 2226 5378 3805 5445">
    <p class='ocr_par' dir='ltr' id='par_1_113' title="bbox 2226 5378 3805 5445">
     <span class='ocr_line' id='line_1_113' title="bbox 2226 5378 3805 5445; baseline -0.003 -7"><span class='ocrx_word' id='word_1_788' title='bbox 2226 5399 2418 5438; x_wconf 89' lang='lat' dir='ltr'><strong>versus</strong></span> <span class='ocrx_word' id='word_1_789' title='bbox 2481 5383 2547 5438; x_wconf 85' lang='lat' dir='ltr'><strong>ad</strong></span> <span class='ocrx_word' id='word_1_790' title='bbox 2606 5381 2852 5445; x_wconf 85' lang='lat' dir='ltr'><strong>socium,</strong></span> <span class='ocrx_word' id='word_1_791' title='bbox 2898 5379 3029 5434; x_wconf 85' lang='lat' dir='ltr'><strong>Mihi</strong></span> <span class='ocrx_word' id='word_1_792' title='bbox 3077 5379 3331 5443; x_wconf 88' lang='lat' dir='ltr'><strong>videtur,</strong></span> <span class='ocrx_word' id='word_1_793' title='bbox 3372 5378 3589 5442; x_wconf 81' lang='lat' dir='ltr'><strong>inquit,</strong></span> <span class='ocrx_word' id='word_1_794' title='bbox 3649 5379 3805 5435; x_wconf 84' lang='lat' dir='ltr'><strong>factu</strong></span> 
     </span>
    </p>
   </div>
   <div class='ocr_carea' id='block_1_114' title="bbox 2229 5468 3806 5544">
    <p class='ocr_par' dir='ltr' id='par_1_114' title="bbox 2229 5468 3806 5544">
     <span class='ocr_line' id='line_1_114' title="bbox 2229 5468 3806 5544; baseline -0.004 -14"><span class='ocrx_word' id='word_1_795' title='bbox 2229 5476 2498 5544; x_wconf 87' lang='lat' dir='ltr'><strong>Optimum</strong></span> <span class='ocrx_word' id='word_1_796' title='bbox 2537 5473 2733 5543; x_wconf 92' lang='lat' dir='ltr'><strong>partiri</strong></span> <span class='ocrx_word' id='word_1_797' title='bbox 2781 5487 2847 5525; x_wconf 82' lang='lat' dir='ltr'><strong>ex</strong></span> <span class='ocrx_word' id='word_1_798' title='bbox 2899 5486 3056 5539; x_wconf 72' lang='lat' dir='ltr'><strong>aequo</strong></span> <span class='ocrx_word' id='word_1_799' title='bbox 3098 5470 3243 5523; x_wconf 91' lang='lat' dir='ltr'><strong>inter</strong></span> <span class='ocrx_word' id='word_1_800' title='bbox 3281 5484 3381 5521; x_wconf 91' lang='lat' dir='ltr'><strong>nos</strong></span> <span class='ocrx_word' id='word_1_801' title='bbox 3416 5468 3522 5522; x_wconf 92' lang='lat' dir='ltr'><strong>hoc</strong></span> <span class='ocrx_word' id='word_1_802' title='bbox 3565 5469 3806 5523; x_wconf 64' lang='lat' dir='ltr'><strong>fortuna:</strong></span> 
     </span>
    </p>
   </div>
   <div class='ocr_carea' id='block_1_115' title="bbox 2232 5563 3800 5632">
    <p class='ocr_par' dir='ltr' id='par_1_115' title="bbox 2232 5563 3800 5632">
     <span class='ocr_line' id='line_1_115' title="bbox 2232 5563 3800 5632; baseline -0.005 -11"><span class='ocrx_word' id='word_1_803' title='bbox 2232 5568 2462 5630; x_wconf 90' lang='lat' dir='ltr'><strong>donum,</strong></span> <span class='ocrx_word' id='word_1_804' title='bbox 2497 5575 2555 5621; x_wconf 89' lang='lat' dir='ltr'><strong>et</strong></span> <span class='ocrx_word' id='word_1_805' title='bbox 2593 5565 2723 5619; x_wconf 90' lang='lat' dir='ltr'><strong>dare</strong></span> <span class='ocrx_word' id='word_1_806' title='bbox 2755 5563 3016 5632; x_wconf 89' lang='lat' dir='ltr'><strong>deinceps</strong></span> <span class='ocrx_word' id='word_1_807' title='bbox 3049 5576 3322 5631; x_wconf 90' lang='lat' dir='ltr'><strong>quemque</strong></span> <span class='ocrx_word' id='word_1_808' title='bbox 3369 5571 3621 5614; x_wconf 86' lang='lat' dir='ltr'><strong>nostrum</strong></span> <span class='ocrx_word' id='word_1_809' title='bbox 3667 5576 3800 5628; x_wconf 80' lang='lat' dir='ltr'><strong>Ope-</strong></span> 
     </span>
    </p>
   </div>
   <div class='ocr_carea' id='block_1_116' title="bbox 2232 5651 3802 5725">
    <p class='ocr_par' dir='ltr' id='par_1_116' title="bbox 2232 5651 3802 5725">
     <span class='ocr_line' id='line_1_116' title="bbox 2232 5651 3802 5725; baseline -0.007 -11"><span class='ocrx_word' id='word_1_810' title='bbox 2232 5675 2349 5714; x_wconf 91' lang='lat' dir='ltr'><strong>ram</strong></span> <span class='ocrx_word' id='word_1_811' title='bbox 2380 5655 2776 5725; x_wconf 90' lang='lat' dir='ltr'><strong>comportando</strong></span> <span class='ocrx_word' id='word_1_812' title='bbox 2811 5654 2865 5707; x_wconf 92' lang='lat' dir='ltr'><strong>in</strong></span> <span class='ocrx_word' id='word_1_813' title='bbox 2908 5662 3083 5707; x_wconf 91' lang='lat' dir='ltr'><strong>tutum</strong></span> <span class='ocrx_word' id='word_1_814' title='bbox 3117 5653 3297 5706; x_wconf 90' lang='lat' dir='ltr'><strong>locum</strong></span> <span class='ocrx_word' id='word_1_815' title='bbox 3333 5651 3478 5720; x_wconf 89' lang='lat' dir='ltr'><strong>quod</strong></span> <span class='ocrx_word' id='word_1_816' title='bbox 3519 5652 3622 5719; x_wconf 90' lang='lat' dir='ltr'><strong>ipsi</strong></span> <span class='ocrx_word' id='word_1_817' title='bbox 3651 5652 3802 5704; x_wconf 85' lang='lat' dir='ltr'><strong>obti-</strong></span> 
     </span>
    </p>
   </div>
   <div class='ocr_carea' id='block_1_117' title="bbox 2230 5742 3802 5821">
    <p class='ocr_par' dir='ltr' id='par_1_117' title="bbox 2230 5742 3802 5821">
     <span class='ocr_line' id='line_1_117' title="bbox 2230 5742 3802 5821; baseline -0.006 -17"><span class='ocrx_word' id='word_1_818' title='bbox 2230 5750 2374 5821; x_wconf 78' lang='lat' dir='ltr'><strong>gerit</strong></span> <span class='ocrx_word' id='word_1_819' title='bbox 2403 5765 2422 5808; x_wconf 84' lang='lat'><strong>.&#39;</strong></span> <span class='ocrx_word' id='word_1_820' title='bbox 2465 5749 2568 5804; x_wconf 90' lang='lat' dir='ltr'><strong>nisi</strong></span> <span class='ocrx_word' id='word_1_821' title='bbox 2601 5749 2644 5801; x_wconf 89' lang='lat' dir='ltr'><strong>si</strong></span> <span class='ocrx_word' id='word_1_822' title='bbox 2679 5747 2810 5818; x_wconf 92' lang='lat' dir='ltr'><strong>quid</strong></span> <span class='ocrx_word' id='word_1_823' title='bbox 2839 5756 2894 5800; x_wconf 86' lang='lat' dir='ltr'><strong>tu</strong></span> <span class='ocrx_word' id='word_1_824' title='bbox 2920 5759 3085 5799; x_wconf 88' lang='lat' dir='ltr'><strong>secus</strong></span> <span class='ocrx_word' id='word_1_825' title='bbox 3119 5743 3311 5799; x_wconf 82' lang='lat' dir='ltr'><strong>sentis.</strong></span> <span class='ocrx_word' id='word_1_826' title='bbox 3347 5743 3483 5796; x_wconf 82' lang='lat' dir='ltr'><strong>Huic</strong></span> <span class='ocrx_word' id='word_1_827' title='bbox 3514 5742 3802 5805; x_wconf 77' lang='lat' dir='ltr'><strong>improbus</strong></span> 
     </span>
    </p>
   </div>
   <div class='ocr_carea' id='block_1_118' title="bbox 2231 5836 3797 5913">
    <p class='ocr_par' dir='ltr' id='par_1_118' title="bbox 2231 5836 3797 5913">
     <span class='ocr_line' id='line_1_118' title="bbox 2231 5836 3797 5913; baseline -0.008 -14"><span class='ocrx_word' id='word_1_828' title='bbox 2231 5843 2439 5910; x_wconf 87' lang='lat' dir='ltr'><strong>socius,</strong></span> <span class='ocrx_word' id='word_1_829' title='bbox 2497 5843 2589 5913; x_wconf 92' lang='lat' dir='ltr'><strong>qui</strong></span> <span class='ocrx_word' id='word_1_830' title='bbox 2645 5849 2795 5913; x_wconf 89' lang='lat' dir='ltr'><strong>parte</strong></span> <span class='ocrx_word' id='word_1_831' title='bbox 2846 5837 3041 5910; x_wconf 58' lang='lat' dir='ltr'><strong>praedae</strong></span> <span class='ocrx_word' id='word_1_832' title='bbox 3094 5836 3289 5907; x_wconf 60' lang='lat' dir='ltr'><strong>opimae</strong></span> <span class='ocrx_word' id='word_1_833' title='bbox 3339 5852 3446 5891; x_wconf 85' lang='lat' dir='ltr'><strong>non</strong></span> <span class='ocrx_word' id='word_1_834' title='bbox 3480 5844 3797 5901; x_wconf 80' lang='lat' dir='ltr'><strong>contentus,</strong></span> 
     </span>
    </p>
   </div>
  </div>
