4016 6528
298 451 435 516 ῙΞῙἹ

1182 454 1561 512 SPEUIMEN
1601 448 2033 510 ΞᾹΡῙΕΝΊῚᾸΞ
2081 450 2435 510 INDORUM
2470 449 2632 507 VET.

3406 439 3542 508 1278

292 575 471 622 totam
506 579 669 617 avara
699 561 1004 632 cupiditate
1037 562 1399 617 devoraverat
1436 582 1447 614 :
1479 562 1876 621 Periculosum,
1915 564 1955 615 Α
2057 559 2259 613 XXVII.
2312 560 2597 628 Digressus
2655 558 2937 613 fraudator
2987 555 3253 620 nefarius,
3308 562 3546 621 patrem,

292 656 503 724 inquit,
535 653 826 708 consilium
871 653 1150 723 suggeris;
1179 667 1303 705 nam
1342 653 1469 705 dum
1498 662 1873 706 numeramus.

290 746 430 801 dum
470 745 758 798 efferimus
798 759 1018 805 aurum,
1053 746 1423 797 intervenient
1458 741 1670 794 molesti
1702 748 1757 791 et
1790 752 1875 790 ra-

294 851 465 905 paces
494 834 712 888 arbitri.
739 834 851 904 Age
886 836 1068 903 potius
1100 834 1434 888 infodiamns
1463 830 1871 899 quamprimum

298 928 406 981 sub
454 928 546 980 illa
598 942 809 996 quercu
859 926 1007 995 quod
1063 925 1393 994 reperimus.
1426 924 1553 977 inde
1597 920 1870 989 sumpturi

280 1019 537 1072 subinde
570 1018 716 1087 quod
754 1033 887 1072 usus
933 1026 1153 1085 poscet;
1182 1016 1261 1070 sic
1310 1014 1457 1069 enim
1510 1024 1870 1083 praeterquam

300 1112 450 1180 quod
480 1109 661 1163 securi
689 1109 899 1162 erimus
925 1123 953 1161 a
980 1107 1269 1161 calumniis
1310 1106 1514 1165 litium,
1547 1120 1575 1158 a
1604 1104 1869 1157 fiscalium

300 1204 792 1268 concussionibus,
818 1202 889 1255 ab
931 1201 1146 1255 insidiis
1171 1200 1371 1259 furum,
1401 1198 1565 1252 etiam
1600 1198 1701 1251 hoc
1729 1210 1871 1250 novo

302 1294 563 1347 indivisa:
611 1290 978 1361 possessionis
1010 1290 1230 1342 vinculo
1272 1288 1639 1356 astringemus
1680 1285 1873 1338 fortius

300 1386 498 1437 initam
531 1385 676 1437 inter
703 1376 808 1437 'nos
839 1381 1097 1436 amicitiae
1128 1382 1471 1442 societatem,
1509 1379 1666 1447 cujus
1696 1376 1869 1437 initia,

299 1476 396 1543 qui
453 1474 591 1527 tanti
651 1487 942 1527 successus
991 1471 1225 1541 augurio
1272 1469 1623 1523 fortunarum
1658 1467 1867 1535 superi,

299 1566 584 1620 declarare
634 1564 895 1618 videntur
942 1563 1185 1617 voluisse
1245 1560 1383 1631 nihil
1440 1574 1549 1613 non
1598 1558 1873 1613 felicitatis

302 1671 374 1709 ex
409 1658 531 1726 ejus
581 1670 682 1708 nos
726 1670 949 1723 sperare
1004 1652 1409 1723 perseverantia
1464 1651 1682 1705 debere.
1733 1648 1870 1713 Quid

305 1746 517 1801 multa?
562 1746 839 1800 Persuasit
888 1747 1031 1800 latro
1082 1744 1321 1814 perfidus
1376 1744 1566 1812 ignaro
1619 1740 1870 1795 fraudum

304 1838 456 1906 quod
494 1837 713 1891 volebat
741 1855 755 1891 :
796 1835 1068 1904 amboque
1100 1836 1376 1890 cmumuni
1409 1849 1596 1903 opera,
1627 1833 1732 1886 sub
1765 1847 1872 1901 qua

298 1930 514 1986 dictum
559 1940 642 1985 est
671 1944 879 1984 annosa
912 1945 1144 1998 quercu,
1175 1930 1228 1983 in
1260 1929 1379 1983 loco
1411 1930 1534 1981 avio
1580 1928 1704 1987 sita.
1742 1925 1868 1979 the.

301 2038 533 2077 saurum
580 2022 867 2075 inventum
919 2020 1313 2083 condiderunt,
1363 2019 1543 2072 ablata
1604 2017 1659 2069 in
1712 2030 1871 2069 usum

300 2122 630 2183 praesentem
696 2113 913 2167 modica
985 2121 1174 2182 parte;
1244 2111 1432 2180 sicque
1521 2116 1874 2163 recesserunt

300 2205 532 2259 domum
568 2204 803 2273 quisque
833 2220 1014 2267 suam,
1047 2205 1250 2259 omisso
1281 2204 1515 2258 consilio
1546 2201 1870 2274 peregrina-

300 2295 496 2357 tionis,
530 2295 689 2364 cujus
736 2294 998 2347 institutze
1027 2294 1167 2347 lucri
1218 2292 1431 2346 honesti
1469 2292 1675 2352 studio,
1721 2296 1870 2343 certa

294 2390 407 2452 jam
473 2394 638 2439 tanta
702 2385 952 2454 pecunia:
1008 2384 1229 2453 adeptio
1291 2398 1487 2437 causas
1548 2381 1867 2435 abstulerat.

294 2477 515 2532 Paucos
562 2484 688 2546 post
737 2475 859 2530 dies
903 2476 1252 2542 consumptis
1300 2474 1683 2532 scholasticus.
1734 2487 1870 2541 quos

294 2584 367 2622 ex
421 2568 683 2623 thesauro
718 2566 1083 2631 delibaverat,
1134 2566 1390 2626 nummis,
1427 2566 1639 2619 socium
1672 2579 1867 2617 conve-

298 2659 403 2722 nit,
437 2669 515 2726 ct,
558 2660 617 2713 Si
662 2659 760 2713 tibi
802 2660 1044 2721 videtur,
1080 2658 1281 2726 inquit,
1322 2672 1511 2710 eamus
1544 2655 1609 2708 ad
1648 2656 1869 2709 thesau-

298 2767 475 2817 rum;
530 2751 768 2819 expendi
818 2751 965 2805 enim
1020 2751 1163 2819 quod
1200 2750 1525 2803 extuleram.
1576 2748 1739 2805 Sane.
1792 2748 1868 2800 ait

296 2846 413 2910 ille,
452 2846 561 2898 hoc
600 2845 779 2913 ipsum
814 2842 1127 2912 cupiebam,
1173 2842 1468 2895 vaferrime
1516 2840 1869 2895 dissimulans

295 2948 467 2992 noctu
491 2951 551 2991 se
578 2935 888 3006 profectum
913 2934 980 2989 ad
1010 2948 1276 3003 quercum
1302 2948 1425 2987 cum
1452 2934 1607 2988 cistis
1628 2943 1685 2987 et
1714 2934 1867 3002 baju-

294 3030 387 3092 lis,
419 3039 623 3084 cuneta
651 3037 947 3083 convasata
978 3027 1352 3096 praeripuisse.
1377 3028 1549 3089 Eunt,
1569 3025 1863 3090 effodiunt,

293 3120 435 3175 nihil
467 3119 780 3173 inveniunt.
831 3117 1017 3171 Mirari
1067 3118 1454 3183 scholasticus;
1487 3126 1540 3171 at
1575 3118 1664 3171 fur
1694 3116 1864 3170 scele-

1978 666 2141 719 quem
2183 651 2329 704 domi
2373 652 2610 705 habebat
2652 652 2922 713 vetulum,
2965 650 3248 707 convenit.
3281 655 3359 711 et,
3386 645 3541 713 Quod

1976 743 2214 797 docuisti
2262 758 2349 797 me
2397 757 2636 810 semper,
2668 742 2865 811 inquit,
2917 741 3063 795 omni
3096 749 3213 793 arte
3241 754 3304 793 ac
3342 746 3542 793 conatu

1977 851 2090 888 rem
2126 850 2339 905 parare,
2392 834 2447 887 in
2477 849 2543 887 eo
2578 834 2840 887 navandae
2885 848 3065 902 operae
3098 832 3330 899 benigna
3360 844 3416 882 se
3450 843 3547 882 no-

1977 926 2063 979 bis
2111 925 2316 994 praebet
2347 925 2588 985 occasio,
2624 925 2719 977 sed
2762 941 2881 994 quae
2930 936 3086 978 tuum
3115 924 3361 993 exposcit
3391 922 3545 974 auxi-

1977 1016 2114 1071 lium
2174 1017 2232 1072 in
2270 1034 2329 1072 re
2392 1034 2502 1072 non
2562 1017 2736 1086 gravi.
2796 1016 2916 1071 Scis
2957 1026 3093 1085 quot
3152 1016 3271 1070 auri
3316 1015 3539 1074 talenta,

1976 1110 2224 1165 Laverna
2252 1111 2491 1171 favente,
2526 1112 2751 1165 domum
2785 1126 2961 1179 nuper
2993 1110 3270 1164 intulerim
3307 1127 3320 1162 :
3353 1123 3417 1161 ea
3446 1124 3541 1159 cu-

1974 1203 2185 1255 mulare
2240 1202 2550 1257 additendo
2616 1203 2776 1256 nobis
2841 1201 3174 1270 patrimonio
3230 1199 3541 1254 scholaslici

1974 1295 2134 1349 istius
2181 1295 2578 1364 simplicissimi
2628 1295 2893 1359 hominis,
2945 1304 3000 1348 et
3049 1293 3264 1349 animus
3308 1302 3365 1347 et
3418 1307 3544 1359 Spes

1972 1394 2078 1445 est,
2109 1384 2273 1438 modo
2304 1400 2414 1438 non
2451 1386 2699 1454 graveris
2729 1385 3011 1454 cooperari
3044 1400 3142 1451 pro
3189 1382 3331 1436 virili
3362 1392 3543 1447 coepto

1973 1484 2172 1530 nostra:
2202 1477 2419 1529 familiae
2447 1477 2947 1545 quzestnosissimo.
2980 1477 3219 1545 Exponit
3252 1475 3377 1533 inde
3408 1474 3541 1543 quid

1967 1566 2148 1635 judici
2201 1566 2540 1634 promiserit,
2595 1567 2727 1635 quid
2783 1568 2827 1621 is
2871 1568 3224 1622 constituerit
3262 1566 3314 1618 iu
3350 1564 3543 1619 crasti-

1973 1673 2127 1711 num.
2180 1656 2318 1713 Tum
2354 1656 2564 1711 infert:
2611 1658 2902 1727 Exploravi
2948 1644 3244 1719 diligenter
3275 1670 3541 1725 quercum

1975 1750 2143 1814 illam,
2182 1764 2346 1817 quam
2396 1748 2656 1803 afﬁrmavi
2710 1750 3083 1803 testimonium
3117 1764 3217 1817 pro
3250 1763 3335 1801 me
3366 1748 3543 1800 dictu-

1975 1855 2125 1905 ram;
2177 1856 2372 1895 cavum
2427 1841 2578 1894 intus
2608 1850 2864 1894 truncum
2899 1840 3086 1902 habet,
3145 1849 3201 1894 et
3257 1839 3312 1892 in
3383 1840 3539 1891 istam

1973 1948 2197 2000 specum
2247 1948 2483 2003 superne
2524 1942 2668 2000 patet
2717 1934 2898 1987 aditus
2943 1932 3116 1986 facilis
3146 1945 3250 1985 nec
3280 1929 3544 1984 observa-

1972 2021 2105 2075 bilis
2138 2021 2485 2076 intuentibus
2529 2038 2595 2075 ex
2632 2023 2815 2089 plano.
2850 2021 2984 2091 Age,
3017 2030 3144 2075 ante
3174 2023 3349 2074 lucem
3380 2034 3543 2073 acea-

1972 2128 2165 2180 pemus
2212 2128 2278 2165 eo
2324 2113 2488 2167 ambo
2548 2129 2647 2166 nos
2681 2112 2957 2167 conferre.
3013 2111 3186 2165 Scalis
3236 2110 3302 2163 ad
3358 2123 3542 2162 ramos

1971 2215 2227 2257 evectum
2282 2214 2334 2258 te
2371 2219 2475 2271 ego
2526 2205 2916 2273 percommode
2965 2203 3250 2257 demittam
3285 2201 3337 2255 in
3374 2215 3541 2268 pene-

1973 2296 2127 2347 tralia
2152 2296 2563 2359 cavaearboris;
2596 2296 2671 2350 ibi
2702 2305 2819 2349 tuto
2843 2295 3190 2353 delitescens,
3219 2291 3312 2345 ubi
3336 2297 3540 2344 statuta

1972 2385 2128 2445 hora.
2161 2395 2431 2454 prasente
2460 2388 2569 2455 jam
2612 2397 2867 2456 praetore,
2912 2383 3345 2453 interrogabitur
3376 2396 3543 2449 quer-

1968 2491 2069 2531 cus
2113 2478 2238 2546 quis
2285 2480 2606 2531 thesaurum
2641 2478 2952 2537 abstulerit,
3006 2484 3284 2529 memento
3322 2488 3389 2527 ex
3431 2472 3542 2525 imo

1970 2569 2325 2636 respondere,
2372 2570 2767 2624 seholasticum
2819 2568 3188 2636 praeripuisse.
3218 2564 3543 2633 lRespondit

1968 2660 2035 2712 ad
2068 2676 2132 2713 ea
2162 2676 2328 2713 senex
2363 2678 2376 2713 :
2408 2661 2623 2713 Faciam
2654 2661 2936 2728 equidem,
2971 2660 3064 2722 fili,
3112 2658 3257 2727 quod
3293 2658 3415 2719 vis;
3444 2656 3537 2709 sed

1968 2760 2020 2804 te
2065 2752 2233 2803 etiam
2276 2757 2442 2818 atque
2473 2751 2639 2803 etiam
2677 2751 3036 2804 considerare
3070 2760 3268 2804 cuncta
3296 2750 3451 2817 prius
3478 2764 3540 2801 ac

1967 2857 2277 2910 praecavere
2334 2857 2617 2909 cuperem,
2660 2857 2727 2894 ne
2757 2841 2899 2894 forte
2933 2842 3043 2894 tuis
3094 2841 3208 2909 ipse
3240 2840 3539 2909 implicitus

1965 2935 2199 3003 laqueis,
2256 2935 2482 3004 patiaris
2532 2934 2676 3004 quod
2727 2950 2898 3005 cycno
2933 2935 3181 3002 contigit,
3222 2934 3437 2986 insidiis
3470 2934 3536 2987 ad

1963 3039 2270 3083 extremum
2316 3044 2605 3097 oppresso,
2636 3044 2773 3097 quas
2812 3029 2900 3082 ille
2930 3028 3155 3082 inimico
3183 3042 3539 3096 comparave-

1966 3130 2072 3175 rat.
2099 3121 2239 3175 Audi
2278 3122 2545 3184 fabulam,
2570 3137 2679 3174 non
2734 3123 2893 3189 longa
2929 3130 3155 3174 narratu
3182 3130 3289 3174 est.
3331 3119 3539 3173 Ferunt

293 3215 574 3269 stzssimus
629 3211 887 3266 bacchari
939 3211 1167 3280 tragicis
1224 3210 1585 3281 intemperiis,
1634 3211 1859 3279 capillos
1888 3221 1932 3279 ο
1963 3210 2248 3265 nidificare
2271 3212 2492 3265 solitum
2519 3226 2751 3282 cycnum
2768 3227 2875 3264 non
2903 3213 3109 3281 longea
3128 3225 3263 3263 cavo
3281 3208 3535 3264 familiari

295 3304 408 3359 sibi
462 3304 690 3365 vellere,
773 3310 939 3371 caput
992 3302 1250 3364 tundere,
1305 3302 1500 3357 insane
1552 3300 1863 3361 vociferari,

292 3396 461 3451 deum
487 3395 883 3461 hominumque
909 3393 1179 3448 obtestari
1213 3393 1398 3454 fidem,
1426 3395 1863 3448 circumventum

291 3502 416 3541 sese
464 3501 494 3539 a
529 3484 866 3540 scholastica
900 3485 1167 3554 dejerare.
1218 3483 1321 3546 Tu,
1350 3484 1553 3547 aiebat,
1590 3485 1691 3538 ista
1731 3482 1863 3537 falsa

290 3576 590 3648 probitatis
634 3577 818 3644 specie
868 3583 1072 3629 tantam
1124 3575 1416 3643 perfidiam
1470 3575 1707 3644 tegebas.
1742 3574 1862 3628 Tibi

288 3670 393 3723 soli
442 3678 607 3721 notus
647 3667 806 3720 locus
853 3674 991 3729 erat;
1028 3674 1085 3719 tu
1121 3681 1207 3719 me
1241 3666 1739 3734 circumscripsisti,
1774 3680 1859 3719 ra«

292 3761 606 3831 paeissimis
640 3759 760 3814 istis
805 3758 1080 3819 manibus,
1112 3767 1302 3821 noctu,
1331 3772 1545 3813 mecum
1582 3758 1679 3811 tibi
1716 3773 1866 3813 com-

292 3869 541 3916 munem,
573 3851 862 3920 pecuniam
895 3865 1039 3903 unus
1076 3848 1353 3903 auferens.
1382 3848 1479 3902 llic
1506 3850 1672 3903 miser
1701 3850 1862 3903 scho-

290 3946 540 4001 lasticus.
594 3942 683 3997 ubi
719 3957 817 4010 per
853 3956 1046 3995 omnes
1093 3943 1312 4011 juratus
1358 3941 1492 3995 deos
1537 3956 1650 3995 suae
1700 3939 1859 3994 fidem

291 4034 625 4089 innocentiae
675 4050 786 4087 non
817 4032 969 4097 fecit,
1004 4033 1070 4085 ad
1096 4032 1335 4102 judicem
1372 4048 1402 4087 a
1437 4033 1607 4087 sodali
1638 4033 1862 4101 nequis-

289 4127 433 4183 simo
495 4133 706 4179 tractus
761 4131 865 4177 est.
935 4122 1165 4187 Praetor,
1228 4138 1337 4176 non
1398 4122 1620 4191 ignarus
1673 4124 1859 4185 oflicii.

287 4232 551 4274 severum
609 4213 842 4269 delatori
906 4214 1117 4266 vultum
1181 4214 1476 4268 obverteus
1528 4231 1542 4268 :
1594 4214 1857 4279 Accusas,

288 4309 491 4379 inquit,
522 4314 836 4376 negantem,
880 4304 1059 4358 neutri
1087 4316 1331 4357 vestrum
1357 4304 1660 4358 credimus.
1684 4304 1861 4359 Caste-

287 4417 408 4455 rum
445 4400 545 4454 tibi
590 4397 760 4452 actori
795 4412 935 4450 onus
971 4396 1241 4450 incumbit
1283 4396 1653 4451 convincendi
1690 4398 1861 4453 certis

202 4516 211 4523 ’
286 4492 512 4547 indiciis
542 4490 646 4544 rei.
681 4493 790 4558 Age
835 4487 1023 4559 igitur,
1052 4504 1159 4556 quo
1210 4499 1347 4543 teste
1380 4489 1581 4558 probas
1618 4490 1856 4543 furatum

1968 3302 2097 3358 ferte
2123 3302 2417 3371 serpentis,
2447 3318 2568 3372 quae
2597 3304 2845 3357 malefico
2876 3303 3167 3372 indulgens
3196 3302 3379 3372 genio,
3415 3300 3539 3369 pul-

1966 3393 2051 3447 los
2081 3392 2236 3461 cycni
2265 3391 2431 3446 simul
2462 3392 2669 3445 est-lusi
2716 3392 2953 3456 fuerant,
2978 3392 3091 3459 jam
3130 3391 3331 3460 saepius
3367 3390 3541 3443 devo-

1968 3492 2203 3539 raverat.
2259 3484 2511 3542 lrritatus
2555 3484 2755 3553 injuria
2816 3493 2923 3537 tam
2968 3483 3278 3537 vehementi
3309 3494 3537 3550 cycnus.

1965 3576 2192 3628 consilia
2222 3585 2405 3628 tamen
2429 3575 2663 3643 neglexit
2690 3574 3017 3635 amicorum,
3054 3576 3234 3628 locum
3255 3574 3538 3633 infestum,

1968 3675 2250 3735 utcunque
2291 3667 2369 3721 illi
2400 3666 2465 3718 ad
2494 3676 2691 3719 caetera
2754 3666 3129 3727 commodum,
3186 3664 3293 3717 alio
3348 3662 3539 3717 tutiori

1964 3770 2308 3812 commutare
2338 3758 2710 3812 suadentium.
2755 3757 2859 3811 Sed
2900 3767 3047 3810 totus
3088 3756 3337 3809 intentus
3367 3755 3421 3806 in
3455 3753 3539 3807 ul-

1966 3847 2171 3898 tionem
2218 3845 2403 3914 iujusti
2432 3845 2780 3913 grassatoris,
2821 3844 3151 3913 exquirebat
3182 3859 3366 3897 secum
3416 3858 3537 3896 mo-

1964 3935 2062 3988 dos
2088 3933 2391 4002 reponendi
2422 3934 2473 3987 ei
2501 3934 2709 3987 damni.
2746 3933 2900 3988 Talia
2954 3933 3309 3986 meditantem
3366 3931 3537 3984 adivit

1964 4041 2184 4088 cancer,
2213 4034 2287 4087 et,
2312 4025 2446 4089 Cur,
2481 4026 2579 4087 ait,
2605 4041 2794 4095 cycnc,
2829 4023 3233 4093 cogitabundus
3277 4034 3333 4076 et
3364 4014 3545 4077 tristis'

1963 4119 2063 4172 es?
2095 4116 2248 4171 Justa
2277 4117 2433 4179 mihi,
2471 4133 2673 4187 cycnus
2704 4117 2902 4186 inquit,
2956 4125 3012 4171 et
3060 4115 3452 4172 sollicitudinis
3483 4126 3539 4169 et

1965 4212 2218 4264 mmroris
2243 4226 2403 4264 causa
2425 4219 2509 4264 est
2535 4225 2601 4263 ex
2624 4209 2822 4262 vicinia
2846 4208 3214 4263 voracissima:
3243 4208 3534 4275 serpentis.

1964 4320 2098 4358 meze
2127 4302 2333 4357 sobolis
2366 4317 2564 4356 cruore
2627 4300 2863 4369 saginari
2910 4300 3108 4354 solitae.
3150 4299 3251 4353 llic
3315 4313 3535 4361 cancer,

1966 4396 2148 4456 Vides,
2179 4395 2381 4460 inquit.
2414 4394 2520 4448 hoc
2545 4408 2740 4447 cavum
2763 4392 2821 4459 ?(
2846 4392 3175 4445 ostendebat
3196 4406 3257 4444 os
3288 4390 3536 4460 patulum

1963 4491 2271 4540 cavernulze
2315 4486 2627 4554 oppositum
2654 4500 2683 4538 e
2715 4483 2935 4553 regione
2964 4483 3205 4551 hospitio
3238 4480 3531 4549 serpentis)

286 4585 436 4639 hunc
479 4584 767 4652 pecuniam
797 4582 900 4635 sub
949 4596 1157 4649 quercu
1188 4549 1511 4636 defossam?
1538 4582 1660 4651 Quo
1697 4592 1857 4649 teste,
1898 4549 1937 4602 ί)
1970 4576 2045 4629 ibi
2078 4575 2293 4628 habitat
2323 4549 2579 4644 nymphe,
2614 4549 3136 4626 nostrivcancroru—m
3168 4572 3387 4640 generis
3416 4569 3535 4622 ani-

285 4678 489 4745 inquit,
538 4674 781 4745 quieris?
809 4674 963 4743 quasi
994 4673 1234 4729 arbitros
1259 4674 1368 4729 illic
1401 4674 1717 4729 adhibuerit
1748 4691 1865 4729 ma-

281 4767 468 4825 leﬁcio
518 4775 819 4829 nocturno;
869 4772 1051 4817 tamen
1095 4771 1156 4816 ut
1188 4763 1265 4817 dii
1309 4764 1519 4818 scelera
1554 4765 1725 4817 latere
1753 4779 1863 4816 non

280 4860 500 4919 sinunt,
563 4864 760 4909 testem
817 4854 962 4907 dabo
1024 4853 1197 4922 ipsam
1268 4853 1521 4907 arborem
1584 4853 1861 4907 consciam

281 4948 440 5003 furti.
492 4947 626 5001 Cras
677 4961 745 4998 ne
789 4944 1032 5014 graveris
1078 4958 1145 4997 eo
1176 4944 1463 4998 nobiscum
1512 4945 1655 5011 (nec
1701 4944 1860 5011 longa

281 5040 370 5093 via
426 5043 543 5103 est)
596 5035 859 5099 tendere;
894 5035 1086 5088 audies
1122 5049 1237 5088 rem
1286 5035 1504 5099 miram,
1537 5036 1858 5100 loquentem

280 5131 539 5185 arborem
557 5138 612 5182 et
634 5128 845 5182 facinus
868 5126 1340 5196 improbissimum
1364 5128 1707 5195 prodentem.
1742 5129 1857 5181 Jam

280 5222 496 5277 dudum
552 5220 845 5274 subolebat
900 5218 1155 5287 prudenti
1205 5220 1379 5289 judici
1437 5235 1505 5272 ex
1566 5212 1683 5287 ipsa
1740 5219 1859 5287 ejus

282 5312 693 5385 inquietissima
721 5311 1043 5380 jactatione,
1076 5320 1133 5364 et
1159 5310 1472 5364 scholastici
1501 5310 1855 5376 simplicitate

277 5409 563 5463 eminente
609 5421 675 5458 ex
725 5418 822 5456 ore
869 5412 1031 5471 atque
1081 5402 1291 5463 oculis.
1345 5402 1635 5455 nebulonis
1667 5401 1852 5463 fraus;

277 5511 416 5567 ergo
482 5495 796 5563 suspicans,
842 5493 987 5560 quod
1051 5508 1140 5546 res
1198 5501 1337 5556 erat,
1393 5492 1580 5545 dolum
1650 5494 1720 5548 ab
1788 5510 1854 5547 eo

277 5588 573 5658 quemdam
617 5588 966 5646 adornatum,
1002 5586 1096 5639 sed
1135 5586 1440 5653 prudenter
1482 5586 1850 5654 suspicionem

276 5680 664 5741 dissimulans,
710 5678 1084 5731 conditionem
1132 5676 1387 5740 admisit;
1450 5678 1743 5746 edictoque
1796 5688 1853 5731 ut

278 5772 551 5843 postridie
609 5771 742 5823 hora
772 5769 932 5823 tertia
990 5777 1097 5821 tam
1159 5777 1446 5822 accusator
1506 5785 1669 5837 quam
1727 5786 1851 5826 reus

276 5866 346 5917 ad
386 5878 651 5930 quercum
702 5861 979 5921 adessent,
1026 5860 1217 5912 eodem
1268 5860 1381 5926 ipse
1419 5861 1701 5916 lictoribus
1740 5878 1839 5917 cm~

281 5967 525 6024 temque
560 5953 759 6008 forensi
790 5952 1005 6006 familia:
1040 5951 1301 6005 condixit.

1971 4667 2076 4720 mal
2106 4682 2268 4721 vorax
2300 4674 2353 4718 et
2385 4664 2559 4718 valide
2592 4675 2887 4725 armatum,
2924 4664 2991 4717 ad
3048 4662 3162 4715 haec
3224 4659 3537 4714 inimicissi-

1971 4774 2119 4811 mum
2152 4755 2521 4824 serpentibus.
2549 4755 2698 4809 Afl'er
2722 4771 2752 4808 e
2779 4755 3023 4822 piscibus
3048 4753 3253 4821 quibus
3276 4748 3537 4811 veSt-eris,

1966 4860 2016 4903 et
2046 4864 2142 4916 per
2182 4847 2529 4900 intervallum
2561 4846 2889 4899 foraminum
2939 4845 3173 4896 duorum
3210 4856 3424 4909 sparge,
3461 4840 3540 4889 ita

1968 4950 2026 4991 ut
2055 4948 2235 5005 partes
2266 4937 2487 4991 ultimas
2508 4937 2649 4988 ostio
2670 4949 2920 4987 caverna!
2948 4931 3220 5000 serpentis
3241 4934 3549 4983 admoveas.

1966 5030 2234 5099 proxime.
2267 5028 2519 5096 Egressa,
2572 5036 2631 5079 ut
2687 5028 2847 5087 solet,
2910 5030 3149 5094 nymphe
3195 5024 3263 5075 ad
3304 5021 3547 5079 odorem.

1963 5121 2180 5191 praedae,
2216 5121 2306 5174 ubi
2338 5119 2583 5188 saginam
2606 5132 2865 5186 sequens,
2894 5118 2959 5170 ad
2994 5117 3219 5183 specum
3250 5112 3543 5181 serpentis,

1960 5212 2291 5284 pervenerit,
2324 5212 2502 5266 iSthue
2534 5224 2751 5279 quoquc
2774 5220 3065 5278 penetrans
3091 5209 3262 5276 ipsam
3296 5206 3539 5269 occidet,

1962 5309 2115 5362 Fecit
2136 5306 2282 5375 quod
2314 5304 2717 5358 admonebatur
2738 5318 2964 5372 cycnus,
2988 5313 3046 5357 et
3074 5302 3277 5355 factum
3311 5314 3533 5355 succes-

1959 5401 2050 5459 sit,
2086 5400 2226 5451 ultra
2267 5397 2487 5464 quidem
2521 5396 2692 5464 ipsius
2717 5405 2926 5458 votum,
2959 5396 3024 5447 ad
3053 5392 3354 5462 perniciem
3386 5391 3530 5459 ejus;

1958 5508 2083 5546 nam
2113 5492 2293 5544 occisa
2324 5498 2603 5557 serpente,
2644 5490 2904 5559 nymphe,
2967 5500 3196 5556 cycnum
3266 5491 3533 5552 praeterea

1960 5599 2125 5654 prope
2159 5582 2522 5635 dormientem
2585 5592 2767 5644 nacta,
2826 5580 3085 5643 confecit,
3123 5578 3289 5647 pullis
3322 5574 3537 5645 quibus

1961 5674 2254 5728 incubabat
2286 5672 2491 5740 pariter
2514 5672 2843 5740 absumptis.
2893 5670 3069 5725 Simili
3100 5667 3375 5735 exemplo.
3430 5663 3531 5727 fili,

1959 5782 2154 5819 vereor
2182 5780 2252 5818 ne
2288 5779 2390 5817 nos
2414 5780 2633 5833 quoque
2666 5763 2989 5817 insidiantes
3036 5758 3215 5821 alteri,
3246 5755 3531 5816 confracta

1957 5863 2009 5914 iu
2039 5874 2136 5912 uos
2157 5873 2319 5926 quam
2358 5859 2626 5911 struimus
2657 5856 2907 5911 machina
2936 5853 3325 5923 opprimantur.
3361 5846 3529 5901 Filius

1954 5955 2018 6006 ad
2045 5969 2106 6005 ea
2138 5970 2147 6003 :
2184 5949 2333 6004 Bono
2365 5950 2551 6007 animo
2582 5961 2720 6013 esto,
2786 5957 2961 6018 pater,
3015 5946 3212 6015 inquit,
3266 5937 3525 6000 terricula
