4016 6538
491 458 631 523 12τ9

1898 441 2311 504 APPENDIX.

3592 415 3745 486 1980

485 578 675 632 isthaec
718 589 854 628 vana
895 582 1060 638 sunt;
1116 571 1437 639 navigamus
1482 567 1535 621 in
1577 576 1765 637 portu.
1823 556 2050 619 Talénta
2082 565 2124 619 Α
2155 565 2234 620 tui
2287 565 2497 620 reditus
2562 561 2856 618 incolumis
2905 553 3258 627 interpellare
3309 547 3748 622 gratulationem

485 663 652 719 modo
688 674 744 718 et
771 663 1005 732 praedam
1035 663 1272 731 Opimam
1299 659 1475 729 cogita
1509 657 1744 711 fructum
1772 654 2050 725 paratissi-

487 771 639 810 mum
668 772 774 810 non
807 755 1096 809 laboriosae
1119 752 1349 806 fraudis.
1393 749 1536 817 Quid
1570 748 1776 801 multa?
1822 747 2056 801 Persua-

487 863 586 902 sus
615 863 779 904 senex
808 861 996 901 cavam
1021 845 1272 898 arborem
1329 841 1494 895 subit.
1534 839 1710 895 Judex
1749 836 1818 890 ad
1865 833 2061 890 condi-

489 953 639 998 ctum
673 943 846 997 adest.
887 942 1225 1010 Interrogata
1261 952 1450 1006 magna
1502 948 1634 988 voce
1668 945 1898 1002 quercu,
1936 928 2063 998 quis

489 1034 708 1090 furatus
765 1035 1084 1090 thesaurum
1127 1031 1314 1085 esset?
1367 1028 1514 1083 senis
1549 1038 1870 1094 responsum
1907 1020 2075 1075 audi-.

492 1125 1011 1193 tur,ascholastico
1063 1123 1319 1179 effossam
1373 1119 1719 1187 ablatamque
1775 1113 2062 1184 pecuniam

491 1220 788 1275 affirmans.
819 1217 1147 1273 Mirantibus
1176 1212 1417 1273 cunctis,
1471 1225 1634 1280 sagax
1665 1216 1868 1277 praetor
1900 1205 2065 1260 intel-

492 1310 627 1366 lexit
664 1310 811 1378 quod
850 1324 938 1362 res
968 1316 1108 1369 erat,
1147 1305 1275 1359 dolo
1314 1303 1458 1356 malo
1491 1300 1773 1356 conditum
1800 1299 1941 1352 intra
1969 1311 2062 1351 ca-

492 1416 620 1455 vam
652 1415 916 1470 quercum
941 1397 1217 1452 hominem
1259 1394 1458 1449 audita:
1491 1390 1640 1446 vocis
1668 1398 1947 1444 auctorem
1974 1404 1989 1453 ;
2013 1395 2068 1441 et

491 1492 711 1546 sublato
740 1490 792 1543 in
819 1502 1068 1544 severum
1100 1483 1428 1554 supercilio:
1458 1479 1727 1543 Mentiris,
1754 1478 1951 1546 inquit,
1974 1491 2066 1530 ar-

495 1581 892 1651 borimproba.
934 1578 1245 1633 innocentia
1291 1573 1604 1630 scholastici
1630 1579 1910 1642 perspecta
1935 1567 2069 1622 mibi

497 1683 602 1731 est.
625 1675 706 1729 Tu
725 1688 852 1728 vero
869 1672 990 1727 falsi
1009 1668 1516 1738 testimoniijustam
1537 1678 1755 1736 poenam
1775 1677 1859 1717 me
1882 1661 2068 1731 judice

497 1779 608 1820 non
662 1764 908 1833 effugies.
945 1763 1066 1816 Mox
1100 1760 1165 1813 ad
1197 1757 1563 1828 apparitores.
1588 1753 1813 1817 All'erte,
1850 1752 2067 1806 clamat.

503 1855 686 1923 ignem
704 1853 882 1916 ocius,
904 1853 1008 1905 huc
1029 1850 1283 1918 stipulam
1302 1857 1358 1900 et
1388 1846 1553 1909 faces;
1572 1842 1867 1912 conflagret
1888 1840 2069 1896 statim

497 1945 725 2000 mendax
749 1955 994 2005 truncus,
1015 1957 1114 1995 nec
1132 1940 1339 1994 diutius
1361 1935 1564 1991 mundo
1581 1933 1863 1990 fallacibus
1878 1946 2070 1986 oracu-

497 2035 570 2091 lis
616 2035 834 2088 illudat.
887 2035 1112 2089 Paretur
1145 2032 1312 2085 illico:
1339 2029 1448 2099 jam
1488 2037 1675 2082 cortex
1731 2023 1924 2087 fumat,
1960 2024 2069 2093 jam

495 2127 731 2184 flammae
747 2128 829 2182 vis
858 2127 1009 2180 intus
1039 2132 1311 2195 penetrat,
1335 2123 1445 2192 jam
1471 2135 1634 2175 sensu
1651 2117 1918 2172 excitatus
1943 2113 2069 2168 mali

498 2229 553 2276 et
579 2218 815 2288 imagine
843 2225 1226 2272 consternatus
1271 2212 1499 2283 periculi
1536 2225 1724 2272 senex,
1759 2208 2068 2262 exclamat:

500 2311 672 2366 Vivus
697 2311 888 2373 ardeo,
933 2308 1152 2364 educite
1186 2322 1295 2360 me.
1355 2306 1646 2359 Extractus
1689 2299 2071 2356 semiustulato

500 2411 699 2456 trunco
729 2409 885 2471 pater
909 2410 964 2454 et
991 2415 1149 2454 suum
1181 2410 1238 2451 et
1266 2396 1358 2451 lilii
1415 2396 1595 2450 scelus
1648 2390 2070 2462 impudentissi-

499 2507 649 2547 mum
675 2491 879 2560 prodit.
904 2490 960 2543 In
992 2489 1185 2543 ambos
1210 2489 1328 2558 lege
1351 2495 1533 2540 actum
1559 2502 1574 2548 ;
1608 2493 1664 2538 et
1690 2483 1981 2536 thesaurus
2009 2481 2066 2535 in

499 2583 738 2638 solidum
768 2581 1114 2651 adiudicatus
1142 2578 1470 2634 scholastico
1495 2585 1600 2630 est.
1636 2573 1916 2645 Ejusmodi
1941 2587 2069 2626 suc-

498 2685 686 2728 cessus
709 2671 886 2724 solent
906 2682 1026 2724 esse
1051 2668 1373 2722 insidiarum
1402 2663 1670 2718 malitiose
1706 2670 2067 2716 structarum.

572 2762 810 2817 XXVIII.
863 2762 1046 2826 Quare
1115 2758 1339 2828 (pergit
1390 2754 1719 2824 Vestigatori
1765 2752 2070 2807 Coronatus

498 2854 734 2922 dicere)
773 2853 1046 2906 infaustus
1071 2850 1193 2913 tibi,
1225 2859 1280 2903 et
1310 2847 1520 2902 utinam
1555 2846 1721 2900 falsus
1746 2855 1918 2908 vates,
1953 2843 2069 2897 cxi—

501 2947 637 2998 tium
679 2943 993 3008 denuntio;
1025 2942 1219 2997 deesse
1262 2939 1532 3009 siquidem
1569 2952 1675 2992 non
1709 2943 1888 3004 potest
1936 2935 2070 3004 quin

441 3045 452 3062 '
503 3036 646 3090 male
670 3051 735 3089 ac
763 3043 976 3088 mature
1015 3047 1210 3103 pereas
1258 3030 1465 3086 scelere
1524 3029 1726 3099 lingua:
1762 3027 1920 3082 istius
1973 3025 2074 3080 ob-

503 3126 838 3180 trectatricis
873 3139 929 3180 et
960 3126 1208 3179 rixarum
1242 3121 1457 3176 satricis
1485 3128 1610 3186 tute,
1666 3133 1830 3188 quam
1871 3127 1930 3171 ut
1960 3131 2074 3172 ser-

2159 655 2394 718 debeat;
2455 647 2850 709 obliviscamur
2909 651 3034 712 ista,
3098 656 3155 702 et
3209 643 3410 700 soteria
3449 649 3539 694 tua
3588 638 3752 693 cele-

2161 749 2386 804 bremus
2416 749 2641 812 hilares,
2668 763 2775 802 una
2808 746 2980 801 simus
3011 742 3176 796 hodie
3212 737 3280 791 ad
3336 749 3571 790 caenam.
3609 730 3747 794 Die,

2163 842 2343 906 sodes,
2389 843 2605 910 spernis
2661 839 2927 901 sodalem,
2959 852 3026 890 an
3058 839 3437 904 exspectamus
3466 827 3557 881 te?
3607 822 3754 878 Haec

2162 940 2434 985 mercator
2462 931 2713 992 audiens,
2753 929 2857 983 etsi
2885 927 3104 997 penitus
3163 919 3569 989 indignabatur,
3613 913 3754 968 infi-

2163 1021 2384 1076 ciatoris
2439 1019 2835 1089 impudentiatn
2889 1017 3192 1076 admirans,
3260 1014 3396 1064 iram
3439 1017 3623 1062 tamen
3682 1003 3750 1058 in

2162 1121 2428 1182 potestate
2461 1112 2673 1175 habuit,
2731 1120 2786 1165 et
2842 1109 2960 1164 suis
3019 1107 3198 1160 furem
3243 1101 3456 1157 artibus
3503 1093 3750 1167 aggredi

2165 1214 2368 1270 certus,
2408 1205 2754 1260 occasionem
2787 1198 3128 1266 exsequendi
3165 1195 3448 1257 meditata,
3481 1193 3534 1246 in
3573 1201 3751 1244 creua

2165 1299 2267 1354 ista
2301 1299 2366 1352 ad
2397 1312 2560 1367 quam
2592 1294 2950 1357 invitabatur,
3007 1287 3348 1345 offerendam
3386 1283 3492 1338 sibi
3554 1291 3752 1342 ratus,

2166 1389 2380 1444 vocanti
2419 1391 2648 1443 comiter
2674 1384 2946 1456 promisit.
2970 1380 3111 1435 Tum
3141 1377 3304 1447 paulo
3353 1381 3478 1428 ante
3529 1369 3758 1424 consti-

2168 1489 2346 1536 tutum
2385 1478 2703 1540 adveniens,
2742 1473 3024 1529 ludentem
3055 1471 3109 1524 in
3153 1468 3296 1522 ostio
3341 1462 3533 1534 perfidi
3571 1458 3752 1512 amici

2169 1571 2399 1627 filiolum
2436 1578 2652 1633 nactus,
2704 1566 3054 1622 familiariter
3096 1566 3152 1617 in
3184 1561 3342 1614 ulnas
3374 1557 3660 1611 sublatum
3689 1552 3754 1604 in

2169 1680 2323 1719 suam
2361 1663 2584 1718 domum
2621 1660 2818 1723 aufert,
2865 1668 2922 1713 et
2953 1657 3069 1711 suis
3096 1655 3174 1710 ibi
3228 1653 3520 1720 diligenter
3554 1659 3757 1701 asser-

2171 1758 2408 1810 vandum
2448 1753 2799 1808 commendat
2830 1749 3033 1818 pueris.
3087 1747 3360 1800 Reversus
3391 1742 3537 1795 vultu
3592 1738 3762 1793 reni-

2174 1849 2351 1910 denti.
2379 1855 2628 1917 paratum
2662 1861 2721 1900 se
2751 1843 2818 1898 ad
2851 1838 3307 1898 discumbendum
3343 1834 3519 1889 offert.
3547 1834 3621 1884 At
3655 1843 3764 1900 pa—

2171 1950 2254 1997 ter
2281 1939 2525 2003 infantis,
2584 1939 2702 2004 eius
2743 1935 2992 1990 absentia
3049 1931 3339 1992 sollicitus,
3381 1927 3560 1980 statim
3623 1922 3766 1976 viso

2173 2040 2512 2086 mercatore:
2546 2029 2730 2084 Heusl
2770 2043 2900 2096 quo,
2959 2023 3160 2093 inquit,
3200 2020 3484 2088 pusionem
3539 2016 3770 2083 depor-

2174 2125 2339 2179 tasti‘!
2382 2138 2503 2177 nam
2549 2131 2602 2176 te
2640 2119 2933 2174 abstulisse
2991 2115 3167 2186 geruli
3224 2118 3537 2166 narrarunt.
3599 2108 3763 2160 'l‘um

2170 2224 2468 2276 mercator,
2507 2214 2622 2268 Ilcu
2655 2227 2840 2266 casum
2869 2207 3178 2263 infelicem!
3217 2202 3572 2260 exclamavit;
3631 2211 3770 2252 sta-

2171 2305 2268 2361 tim
2297 2305 2540 2360 sedatius
2566 2303 2932 2371 subjungens:
2966 2294 3334 2351 Referendum
3365 2292 3508 2345 enim
3538 2299 3592 2341 et
3641 2302 3767 2355 ego

2174 2399 2348 2452 habeo
2411 2393 2914 2464 inOpinatissimum
2988 2397 3044 2442 et
3098 2385 3196 2441 tibi
3275 2384 3362 2438 vix
3412 2381 3766 2437 credibilem

2171 2498 2450 2544 eventum.
2487 2486 2765 2542 Tenebam
2799 2483 3052 2552 amplexu
3108 2477 3367 2533 suavians
3421 2475 3760 2545 parvulum,

2171 2593 2294 2634 cum
2320 2579 2581 2646 accipiter
2611 2577 2817 2644 impetu
2849 2571 3114 2626 devolans
3169 2579 3418 2637 ereptum
3452 2581 3482 2620 e
3526 2564 3764 2635 gremio

2173 2671 2347 2726 altum‘
2377 2672 2579 2739 rapuit,
2646 2665 2994 2732 avolavitque
3040 2661 3228 2716 nescio
3287 2674 3417 2728 quo,
3473 2654 3771 2724 disparuit

2175 2764 2378 2832 quippe
2436 2777 2502 2816 ex
2550 2760 2726 2814 oculis
2791 2756 3080 2810 citissime.
3124 2754 3326 2822 Apage,
3372 2757 3594 2806 vocator
3645 2747 3765 2809 ait,

2173 2869 2345 2922 nugas
2379 2857 2529 2917 istas,
2566 2850 2735 2906 redde
2768 2848 2844 2904 sis
2877 2846 3139 2901 infantem
3185 2862 3197 2897 :
3231 2840 3518 2910 accipitres
3538 2851 3768 2907 pueros

2174 2946 2410 3015 rapiant,
2442 2943 2670 2998 scilicet.
2695 2939 2898 3007 Quidni
2930 2935 3183 3006 rapiant?
3209 2933 3424 3002 reponit
3449 2937 3763 2986 mercator.

2175 3039 2385 3094 ironico
2415 3037 2628 3101 arrisu;
2667 3033 2922 3104 equidem
2952 3047 3016 3084 ex
3047 3044 3178 3099 quo,
3213 3036 3273 3080 ut
3329 3037 3618 3085 memoras,
3660 3035 3770 3074 ro-

2178 3130 2308 3186 dere
2366 3143 2547 3183 mures
2591 3128 2798 3182 ferrum
2846 3131 3175 3192 cmperunt,
3223 3118 3413 3172 eadem
3464 3127 3765 3170 astrorum

501 3218 783 3287 pentinam
822 3217 1042 3281 horreo,
1076 3216 1249 3269 nihilo
1276 3215 1422 3269 enim
1457 3228 1622 3282 quam
1649 3212 1765 3266 hare
1795 3211 1982 3265 minus
2012 3217 2068 3262 et

2177 3221 2255 3275 vis
2284 3235 2482 3275 arcana
2520 3234 2642 3288 qua:
2669 3217 2862 3271 dentes
2913 3215 3154 3268 soricum
3193 3207 3575 3265 adamantinos
3623 3203 3770 3257 red-

504 3311 594 3363 illa
623 3325 890 3364 venenum
927 3309 1153 3378 spargit.
1186 3307 1297 3361 Nec
1347 3306 1517 3375 magis
1570 3312 1622 3359 te
1671 3313 1832 3358 vetus
1883 3311 2070 3356 nostra

509 3401 646 3453 mihi
678 3399 1029 3454 necessitudo
1068 3398 1344 3462 conciliat,
1369 3412 1532 3466 quam
1559 3411 1773 3448 morum
1799 3409 1862 3448 ac
1881 3393 2075 3447 volun-

508 3491 638 3546 tatis
676 3491 1058 3545 irreviicabilis
1111 3489 1419 3558 malignitas
1469 3502 1694 3542 exosum
1735 3485 1885 3542 facit.
1933 3485 2070 3538 Novi

505 3585 658 3636 enim
691 3591 747 3636 et
798 3581 972 3651 probo
1013 3581 1280 3648 sapientis
1319 3579 1569 3641 effatum,
1625 3578 1944 3645 sceleratos,
1990 3587 2075 3630 ut—

507 3689 725 3741 cunque
761 3672 964 3736 intimi,
1007 3671 1361 3741 quantumvis
1383 3669 1706 3738 cognatione
1751 3677 1848 3720 aut
1879 3667 2075 3736 quovis

507 3765 617 3818 alio
651 3764 736 3830 vel
769 3762 1080 3816 arctissimo
1135 3760 1414 3816 affinitatis
1453 3761 1674 3814 vinculo
1716 3759 1897 3829 juncti
1953 3774 2076 3827 pro-

510 3854 652 3908 xime
677 3855 809 3920 sint,
834 3869 970 3910 cane
1002 3854 1161 3924 pejus
1185 3863 1238 3906 et
1269 3868 1444 3922 angue
1481 3849 1790 3920 fugiendos.
1824 3848 1930 3902 Sed
1959 3861 2076 3902 tan-

509 3944 684 4011 tisper
711 3944 864 4012 juvat
891 3943 1176 3996 remittere
1203 3955 1291 3995 me
1331 3955 1398 3993 ex
1422 3937 1720 3992 acerbitate
1751 3944 1918 3994 tanta,
1950 3933 2077 3987 tibi-

509 4051 619 4103 que
678 4036 1057 4090 imminentem
1121 4032 1549 4102 detegendarum
1623 4045 1749 4083 mox
1819 4025 2073 4080 fraudum

511 4127 865 4191 ignominiam
898 4126 1105 4181 mitiori
1136 4125 1386 4194 exemplo
1430 4138 1758 4192 pr0ponere.
1809 4120 2076 4174 Mercator

510 4218 804 4288 aliquando
843 4233 1038 4272 navem
1073 4217 1292 4272 solvens
1338 4217 1392 4269 in
1438 4213 1831 4284 profectionem
1865 4210 2078 4278 longin-

509 4325 699 4379 quam,
734 4309 964 4365 laminas
994 4309 1124 4364 ferri
1159 4307 1369 4378 probati
1395 4314 1616 4360 centum
1649 4302 1792 4372 apud
1838 4303 2073 4356 amicum

511 4402 789 4471 deposuit.
823 4400 986 4454 Redit
1010 4399 1192 4454 salvus
1220 4407 1340 4468 post
1371 4410 1586 4450 menses
1616 4394 1844 4462 aliquot,
1867 4401 1922 4446 et
1946 4390 2079 4445 ami—

513 4510 638 4555 eum
680 4494 941 4556 invisens,
1009 4492 1078 4544 ab
1103 4506 1188 4554 eo,
1245 4492 1291 4545 si
1327 4489 1593 4549 videatur,
1644 4485 1950 4555 depositum
1995 4499 2080 4537 re-

2175 3315 2336 3378 didit,
2389 3326 2598 3380 ungues
2647 3323 2863 3379 quoque
2919 3305 3196 3360 falconum
3256 3317 3361 3355 tere
3400 3309 3504 3353 tam
3564 3297 3766 3365 rigido

2175 3403 2428 3465 armavit,
2471 3411 2531 3456 ut
2557 3402 2666 3472 jam
2705 3401 2789 3454 vel
2819 3398 3143 3466 elephantes
3193 3393 3249 3446 in
3317 3392 3484 3444 altum
3528 3388 3762 3442 tollant.

2176 3498 2268 3553 Sic
2291 3496 2458 3566 igitur
2485 3495 2648 3555 habe,
2682 3491 2801 3559 pari
2848 3488 3114 3544 ambobus
3138 3484 3300 3538 nobis
3341 3497 3467 3536 casu
3513 3480 3768 3548 periisse

2176 3581 2309 3642 mihi
2365 3587 2596 3648 ferrum,
2646 3583 2742 3638 tibi
2791 3582 2984 3635 filium.
3044 3576 3430 3645 Deprehensus
3459 3573 3609 3625 dicto
3653 3587 3765 3625 ne.

2178 3681 2349 3743 bulo,
2421 3676 2641 3732 nonnisi
2718 3671 2968 3742 ahnegati
3035 3667 3266 3738 depositi
3323 3665 3603 3734 persoluto
3651 3664 3770 3718 rite

2175 3773 2356 3844 pretio
2387 3780 2574 3825 natum
2607 3767 2846 3836 denique
2883 3764 3115 3832 recepit.

2249 3856 2437 3911 XXIX.
2465 3855 2648 3908 Talem
2674 3861 2728 3905 et
2759 3861 2809 3905 te
2833 3849 3213 3905 confusionem
3231 3842 3763 3916 exspectarejubco,

2177 3948 2288 4002 tuis
2343 3945 2560 4000 tandem
2614 3942 2898 3997 fraudibus
2931 3940 3336 4008 mendaciisque
3370 3933 3765 4005 deprehensis.

2179 4040 2282 4094 Sed
2315 4039 2436 4093 lavo
2470 4038 2696 4091 laterem
2735 4034 2851 4088 haec
2889 4033 3227 4092 admonens,
3266 4043 3570 4098 aquamque
3609 4027 3770 4094 pari-

2178 4141 2264 4186 ter
2296 4139 2460 4199 atque
2491 4143 2712 4196 operam
2744 4127 2800 4179 in
2839 4123 3173 4192 detergenda
3207 4119 3483 4187 Ethiopis
3513 4116 3770 4185 nigredi-

2178 4238 2271 4283 ne.
2328 4235 2450 4290 quae
2506 4218 2726 4287 penitus
2782 4224 3040 4270 concreta
3097 4211 3244 4266 nullo
3302 4210 3451 4263 nitro
3503 4207 3771 4261 delebilis

2181 4307 2429 4367 inolevit.
2470 4307 2658 4378 perdo.
2695 4305 2786 4361 Sic
2817 4305 2981 4358 homo
3024 4303 3222 4364 malus,
3250 4307 3536 4368 postquam
3573 4297 3768 4350 omnia

2184 4400 2502 4462 tentaveris,
2529 4398 2667 4452 nihil
2706 4396 2925 4451 domum
2965 4393 3110 4447 aliud
3165 4406 3328 4461 quam
3375 4390 3542 4442 homo
3586 4388 3772 4440 malus

2183 4503 2310 4549 est:
2348 4501 2408 4546 ut
2445 4505 2664 4561 pomum
2705 4488 2988 4549 acerbum,
3042 4493 3319 4552 utcunque
3371 4481 3550 4550 ipsum
3603 4477 3772 4532 melle.

519 4585 674 4652 pt‘lil.
705 4585 800 4638 Ille
829 4583 1093 4652 perﬁdus,
1130 4583 1223 4651 qui
1275 4581 1480 4635 ferrum
1537 4577 1744 4632 dudum
1795 4575 2073 4629 venditum

2183 4586 2384 4654 saepius
2427 4583 2665 4644 oblinas,
2693 4579 2951 4634 acerbum
2985 4587 3164 4630 tamen
3205 4581 3430 4629 manet:
3472 4584 3581 4623 non
3611 4568 3762 4620 enim

513 4676 572 4730 in
612 4693 727 4730 rem
769 4691 921 4730 suam
945 4684 1204 4739 verterat,
1237 4675 1481 4744 Ignosce,
1513 4670 1710 4739 inquit.
1747 4678 1801 4720 et
1849 4666 2079 4721 condole

515 4769 773 4823 hutnanis
806 4768 1042 4823 casibus.
1079 4767 1190 4837 Ego
1241 4778 1393 4821 tuum
1438 4763 1749 4833 depositum
1801 4760 2080 4830 apotheca:

516 4861 806 4916 tutissima:
839 4861 1241 4923 commiseram,
1275 4868 1459 4928 portas
1508 4866 1561 4910 et
1606 4871 1756 4910 seras
1816 4851 2085 4906 validissi-

515 4969 634 5010 mas
690 4953 974 5008 obducens
1022 4953 1283 5006 adversus
1328 4959 1587 5004 externos
1645 4947 1815 5010 fures,
1863 4945 2082 5015 ignarus

515 5045 812 5112 nequiores
837 5045 982 5114 apud
1008 5061 1094 5100 me
1123 5044 1271 5098 nasci
1296 5056 1359 5096 ac
1381 5037 1847 5107 domijnnndinari
1875 5038 2085 5092 latrun-

514 5137 673 5195 culos
713 5152 918 5198 mures,
951 5137 1044 5205 qui
1077 5151 1238 5204 quam
1264 5135 1404 5188 bene
1449 5133 1656 5187 dentati
1702 5131 1815 5185 sint
1871 5130 2086 5184 labora-

517 5229 627 5292 his,
659 5230 876 5300 opinor,
909 5230 966 5283 in
997 5227 1313 5292 credendo;
1366 5239 1490 5279 nam
1545 5239 1616 5278 ne
1677 5221 1809 5276 mihi
1860 5220 2084 5292 quidem

518 5320 840 5390 persuaderi
874 5320 1163 5390 potuisset,
1196 5319 1300 5372 nisi
1350 5316 1639 5371 vidissem.
1678 5314 1853 5368 Narro
1902 5323 2085 5367 autem

518 5426 646 5480 qua
696 5411 872 5466 oculis
913 5424 1156 5480 prtesens
1193 5409 1402 5478 subjeci
1432 5426 1447 5462 :
1513 5407 1746 5461 (lirciter
1782 5414 1906 5473 post
1937 5421 2089 5460 men—

517 5511 636 5557 sem
675 5511 837 5566 quam
889 5497 1117 5550 laminas
1175 5505 1296 5550 tuas
1336 5495 1391 5548 in
1431 5504 1548 5548 tuto
1605 5508 1977 5562 reposueram,
2032 5495 2085 5548 in

522 5592 780 5656 intimum
807 5591 938 5645 illud
987 5591 1268 5660 ingressus
1319 5587 1623 5657 penetrale,
1679 5586 1894 5656 reperio
1932 5601 2087 5650 ecce,

527 5683 721 5736 miram
755 5683 900 5736 rem!
933 5681 1138 5737 comcsi
1169 5695 1201 5734 a
1235 5680 1508 5734 soricibus
1532 5677 1662 5732 ferri
1702 5675 1927 5745 exiguas
1953 5676 2092 5730 dun-

525 5780 676 5830 taxat
705 5775 982 5844 reliquias,
1020 5783 1076 5829 et
1125 5774 1253 5826 vilia
1287 5773 1422 5826 nulli
1480 5771 1559 5825 rei
1613 5769 1766 5824 utilia
1822 5779 2086 5823 ramenta.

527 5867 728 5923 Verum
765 5883 870 5923 non
904 5884 967 5924 ea
1021 5866 1154 5922 tanti
1194 5873 1303 5920 tota
1353 5865 1570 5920 demum
1628 5863 1838 5934 jactura
1877 5870 1978 5927 est,
2036 5872 2092 5916 ut

2183 4683 2397 4726 mutare
2445 4678 2692 4724 naturam
2728 4666 2988 4737 applicita
3041 4661 3285 4720 exterius
3315 4669 3498 4730 potest
3539 4657 3723 4711 unctio
3751 4669 3770 4706 :

2181 4773 2276 4819 aut
2305 4764 2406 4817 mel
2441 4763 2494 4815 in
2521 4759 2808 4827 superficie
2853 4757 3155 4813 affrictum.
3219 4751 3530 4806 amaritiem
3585 4765 3777 4802 emen-

2181 4855 2313 4908 dare
2332 4853 2480 4907 succi
2508 4851 2750 4920 maligni,
2773 4846 3135 4902 substantiam
3158 4843 3408 4897 intimam
3441 4839 3768 4893 inficientis.

2181 4947 2359 5012 Quare
2386 4946 2557 4999 satius
2585 4951 2688 5008 est,
2726 4941 3016 5010 desperata
3043 4937 3330 4992 curatione
3359 4933 3769 5003 improborum,

2185 5035 2444 5089 recedere
2477 5033 2544 5088 ab
2581 5046 2773 5086 eorum
2797 5027 3234 5090 consuetudine;
3275 5023 3600 5093 versarique
3637 5037 3768 5076 cum

2185 5124 2346 5177 bonis
2373 5131 2431 5178 et
2467 5120 2872 5176 innocentibus.
2902 5115 3214 5173 Periculum
3241 5113 3387 5166 enim
3415 5121 3501 5166 est
3530 5126 3599 5165 ne
3624 5126 3777 5164 mor-

2185 5214 2289 5269 bus
2320 5214 2642 5282 contagione
2690 5219 3040 5280 propagetur,
3090 5215 3146 5261 et
3177 5206 3296 5259 sani
3349 5217 3775 5272 supervacanee

2187 5309 2365 5363 seduli
2411 5310 2468 5361 in
2515 5305 2772 5378 iuvandis
2819 5302 2980 5372 aegris
3027 5296 3364 5363 istiusmodi,
3397 5310 3501 5350 nec
3556 5295 3776 5364 prosint

2190 5403 2316 5466 illis,
2360 5410 2416 5456 et
2442 5400 2547 5456 sibi
2591 5390 2861 5464 noceant;
2905 5409 2968 5448 ac
2998 5393 3042 5447 si
3079 5393 3259 5445 minus
3291 5390 3585 5458 languores
3615 5387 3773 5456 ipso-

2191 5510 2311 5548 rum
2355 5491 2714 5552 contrahant;
2759 5495 2908 5542 certe
2943 5483 3105 5540 afﬂati
3145 5481 3286 5537 malo
3327 5494 3393 5533 ex
3437 5480 3507 5532 iis
3547 5479 3774 5532 halante

2191 5587 2382 5650 odore,
2414 5585 2649 5644 feteant;
2681 5594 2791 5634 non
2829 5577 2977 5632 enim
3011 5576 3151 5629 bene
3199 5573 3346 5627 olere
3387 5577 3626 5639 possunt
3672 5569 3774 5636 qui

2194 5673 2402 5730 latrinis
2438 5680 2534 5726 aut
2564 5669 2766 5726 cloacis
2806 5667 3078 5726 assident,
3113 5666 3190 5717 uti
3240 5678 3271 5718 e
3309 5660 3588 5716 contrario
3626 5675 3777 5712 nunc-

2195 5783 2356 5839 quam
2414 5769 2566 5821 abest
2624 5765 2754 5833 quin
2807 5761 3046 5816 suaviter
3103 5757 3312 5827 spirent
3371 5755 3465 5824 qui
3521 5752 3774 5822 scplasiis

2197 5861 2648 5915 aromatariorum
2704 5858 3083 5911 immorantur.
3149 5851 3257 5905 Nec
3299 5865 3386 5904 me
3428 5847 3566 5918 fugit
3611 5860 3774 5916 quam
