4016 6594
224 383 232 388 -
323 352 462 417 1281

1196 349 1578 412 SPECIMEN
1627 345 2060 410 SAPIENTUE
2108 349 2469 409 lNDﬂIlUM
2505 350 2666 411 VET.

3451 347 3590 414 128$!

314 473 466 525 nulla
508 489 639 543 spes
666 473 922 543 aﬂulgeat
947 473 1072 533 huic
1101 486 1242 526 vano
1274 480 1330 524 et
1375 471 1505 523 mihi
1543 469 1705 523 noxio
1738 464 1909 521 labori
1939 471 1986 528 Λ
2016 482 2129 531 rus,
2165 466 2364 520 nedum
2398 482 2623 536 regnare
2661 465 2787 519 felix
2808 475 3046 536 poteras.
3082 466 3260 533 Quare
3304 469 3446 522 refer
3476 471 3589 524 ani-

312 574 460 627 meo,
493 561 684 627 gratia:
708 561 896 614 saltem
923 560 1174 615 ineundm
1211 577 1240 615 a
1269 568 1340 624 te,
1374 575 1534 629 quem
1565 560 1678 613 seio
1714 555 1896 628 gravi-

307 661 392 706 ter
423 650 633 704 oﬂ‘endi
662 652 886 707 monitis
914 652 1064 706 hisce
1092 651 1250 717 meis,
1283 666 1348 705 ac
1378 665 1446 705 ne
1475 650 1618 705 ferre
1679 648 1894 718 quidem

304 742 552 797 libenter
609 753 962 812 conspectum
1019 757 1224 801 meum.
1271 743 1362 797 Sic
1423 745 1570 796 enim
1615 755 1897 809 compara.

305 841 427 885 tum
480 843 678 888 natura
723 843 842 897 est,
911 843 971 888 ut
1028 833 1224 904 ingrati
1277 844 1463 887 nmtuo
1525 833 1635 887 sint
1681 843 1897 886 eontra-

307 922 524 977 riorum
574 939 896 979 occursus:
959 933 1014 979 et
1089 924 1242 979 stulti
1305 923 1636 992 sapientum,
1691 921 1895 976 indocti

303 1013 698 1077 eruditorum,
762 1015 912 1084 parci
991 1015 1306 1084 largorum,
1362 1013 1663 1067 irritabiles
1689 1013 1900 1082 patien-

305 1111 467 1165 tum,
531 1119 866 1172 congressus
921 1114 1266 1170 aversentur,
1317 1117 1369 1160 et
1398 1105 1730 1159 cxhorreant
1775 1105 1896 1160 visu

305 1191 432 1261 ipso
491 1196 651 1263 quasi
722 1197 905 1251 avium
982 1196 1207 1250 infausti
1263 1195 1513 1266 augurii.
1570 1194 1692 1250 Haec
1747 1196 1900 1250 locu-

304 1292 399 1336 tus
456 1283 768 1340 Coronatus
822 1285 1048 1339 recessit
1099 1284 1344 1340 domum.
1399 1285 1668 1338 Caeterum
1735 1284 1900 1339 inter-

303 1372 454 1427 fecto
487 1384 668 1440 tauro,
693 1375 874 1429 statim
902 1376 1112 1428 leonem
1139 1374 1264 1430 facti
1287 1374 1558 1443 pamituit,
1582 1374 1898 1430 exstabant—

301 1465 490 1532 quein
509 1466 630 1536 ejus
660 1467 811 1521 vultu
840 1481 950 1520 non
984 1467 1218 1519 obseura
1249 1465 1448 1525 indicia
1480 1466 1748 1529 muneris;
1780 1480 1901 1534 quae

299 1570 430 1610 eum
470 1556 818 1612 observasset
857 1557 1281 1613 scelestissimus
1331 1557 1656 1626 Vestigator,
1706 1566 1760 1611 et
1795 1557 1900 1611 sibi

302 1648 449 1701 male
481 1649 740 1702 conscius
771 1656 1037 1703 metueret
1071 1665 1138 1703 ne
1195 1648 1544 1702 retractanda
1576 1647 1714 1700 tauri
1739 1663 1901 1702 causa

301 1738 518 1806 aliquid
567 1739 940 1808 detegeretur,
991 1739 1137 1809 quod
1180 1755 1276 1793 sua
1318 1740 1548 1792 maxime
1612 1738 1902 1792 interesset

2000 573 2147 610 mum
2189 557 2254 610 ad
2287 558 2648 611 constantiam
2676 567 2726 610 te
2754 557 2994 626 dignam,
3027 567 3099 620 et.
3121 573 3349 612 excussa
3395 561 3590 614 mulie-

1998 647 2356 714 bri.mollitie,
2408 649 2676 717 gratulare
2712 649 2806 702 tibi
2839 658 2893 703 et
2927 649 3085 704 nobis
3118 663 3464 704 communem
3511 649 3592 704 fe-

1999 738 2289 802 licitatem,
2325 754 2426 807 pro
2486 749 2635 792 certo
2701 739 2929 803 habens,
2995 739 3048 792 id
3094 739 3242 807 quod
3273 748 3455 794 actum
3503 747 3590 794 est

2001 831 2369 884 necessarium
2416 829 2719 884 remedium
2773 814 2899 884 mali
2943 831 3251 900 gravissimi
3297 832 3489 886 fuisse.
3519 831 3591 887 Ut

1999 926 2144 979 enim
2193 925 2499 979 membrum
2532 924 2678 993 quod
2736 926 2920 994 vipera
2945 925 3262 990 momordit,
3310 927 3417 981 nisi
3466 942 3590 983 sca-

2000 1015 2263 1077 rificetur,
2310 1023 2405 1070 aut
2455 1016 2620 1068 etiam
2669 1014 3015 1083 praacidatur,
3070 1030 3342 1070 venenum
3387 1031 3592 1086 propa-

2000 1115 2089 1176 gat
2145 1108 2201 1160 in
2257 1123 2458 1176 corpus
2523 1105 2821 1174 reliquum,
2909 1105 3087 1174 quoad
3146 1107 3200 1158 in
3254 1106 3374 1174 ipso
3420 1107 3588 1162 corde

2003 1197 2167 1250 vitam
2207 1196 2536 1267 exstinguat,
2581 1197 2662 1249 sic
2690 1206 2880 1249 taurus
2913 1195 3013 1248 iste
3045 1194 3278 1264 negotiis
3307 1211 3338 1248 a
3373 1204 3426 1248 te
3452 1210 3591 1264 prae-

2003 1289 2234 1359 positus,
2273 1298 2328 1343 et
2384 1305 2415 1343 e
2454 1288 2716 1342 membris
2761 1300 2959 1343 noetrre
3020 1287 3342 1356 reipublicae
3397 1290 3585 1357 praeci-

2003 1395 2190 1449 puum,
2247 1363 2586 1448 indulgentia
2636 1387 2725 1430 tua
2762 1377 2962 1442 factus,
3005 1388 3294 1446 postquam
3331 1378 3584 1448 viperino

2003 1470 2636 1540 quodamingratissimae
2658 1469 2874 1525 invidia:
2894 1470 3068 1524 livore
3089 1486 3261 1539 usque
3295 1471 3362 1525 ad
3396 1472 3584 1526 odium

2006 1564 2083 1616 tui
2153 1575 2208 1618 et
2255 1565 2522 1618 nefarium
2567 1561 2859 1616 insidiandi
2920 1562 3044 1616 vita:
3104 1572 3210 1617 tua:
3293 1564 3587 1618 consrlium

2003 1655 2268 1714 extabuit.
2294 1654 2544 1709 abseindi
2567 1663 2778 1707 mature
2800 1652 3008 1720 debuit,
3037 1669 3105 1708 ne
3131 1662 3306 1708 totum
3337 1669 3588 1724 regnum,

2004 1756 2061 1798 et
2097 1755 2147 1798 te
2199 1745 2456 1808 niaxime,
2501 1761 2596 1798 eor
2626 1758 2690 1798 ac
2735 1755 2902 1812 caput
2931 1743 3094 1812 hujus
3145 1745 3418 1812 corporis,
3448 1745 3588 1800 male

301 1832 589 1884 occultum
644 1847 988 1900 permanere.
1020 1831 1486 1886 confidentissime
1536 1832 1752 1885 leonem
1796 1830 1895 1884 ad-
1926 1831 1966 1886 Β
1997 1837 2272 1905 perderet.
2307 1836 2379 1890 Ea
2417 1835 2610 1905 perfidi
2668 1833 2993 1888 veteratoris
3059 1833 3204 1888 dicta
3256 1834 3400 1889 leoni
3457 1846 3589 1892 tunc

305 1921 431 1974 iens
462 1938 476 1974 :
511 1920 654 1986 Quid
699 1931 772 1988 te,
806 1923 1005 1990 inquit,
1039 1921 1280 1986 domine,
1318 1919 1524 1974 tristem
1557 1919 1718 1973 video
1768 1935 1892 1973 cum

304 2011 514 2080 injuria
571 2011 829 2077 fortunae,
877 2018 966 2069 cui
995 2015 1038 2067 si
1069 2024 1274 2083 gratus,
1314 2023 1374 2067 ut
1419 2013 1611 2078 debes,
1639 2028 1758 2067 esse
1787 2013 1892 2078 vis,

299 2117 609 2172 agnoscere
663 2112 719 2158 et
777 2104 1074 2173 prazdicare
1122 2114 1172 2157 te
1214 2110 1436 2172 oportet
1517 2118 1792 2157 summanr
1842 2114 1899 2157 et

302 2193 754 2248 recentissimum
806 2196 924 2261 ejus
989 2193 1335 2261 beneficium,
1384 2210 1492 2264 quo
1521 2210 1550 2248 a
1596 2195 1901 2264 proditione

303 2281 642 2350 insidiisque
693 2284 834 2335 lauri
864 2295 1114 2336 servatus
1164 2297 1242 2336 es.
1298 2284 1365 2335 At
1417 2294 1474 2336 tu
1536 2295 1723 2337 contra
1771 2281 1903 2339 mihi

300 2374 538 2434 videris.
591 2377 756 2428 fatua:
801 2375 1018 2428 cuidam
1077 2374 1364 2442 indulgens
1396 2375 1578 2428 cordis
1647 2375 1912 2428 teneritu-

298 2464 463 2526 dini,
523 2465 748 2520 fallaces
813 2464 1153 2519 insidiatoris
1239 2463 1516 2517 vaferrimi
1616 2465 1910 2518 blanditias

302 2557 614 2620 recordari,
638 2558 886 2626 adeoque
918 2572 1058 2626 pene
1089 2556 1402 2611 desiderare
1444 2557 1591 2625 justo
1639 2557 1908 2624 supplicio

299 2659 680 2717 peremptum,
710 2664 822 2718 quo
870 2647 1131 2703 incolumi
1161 2647 1441 2716 nevivere
1483 2645 1706 2714 quidem
1748 2661 1907 2701 seco-

1995 1926 2312 1992 scrupulum
2346 1934 2690 1987 exemerunt,
2725 1925 2800 1979 ita
2825 1934 2884 1980 ut
2917 1940 3132 1994 aequum
3169 1926 3281 1995 jam
3312 1927 3586 1996 animum,

1998 2025 2060 2070 ut
2118 2025 2270 2079 ante,
2328 2017 2563 2086 negotiis
2620 2015 2950 2080 adverteret,
2989 2031 3285 2084 persuasus
3314 2020 3586 2073 meruisse

2001 2117 2214 2160 taurum
2240 2121 2361 2174 qua:
2397 2121 2586 2174 passus
2615 2105 2812 2159 fuerat.
2841 2105 2938 2160 His
2979 2107 3424 2176 gymnosophista
3455 2123 3584 2177 per-

2004 2199 2172 2252 oratis
2215 2197 2641 2267 disputationem
2697 2196 3031 2252 concludens
3085 2198 3200 2266 regi
3259 2197 3397 2252 dixit
3451 2216 3465 2253 :
3519 2200 3581 2254 ln

2006 2289 2155 2342 hunc
2189 2288 2435 2351 modum,
2463 2287 2704 2351 domine,
2735 2289 2878 2357 quod
2922 2291 3236 2356 qua'sieras,
3267 2289 3431 2344 homo
3459 2306 3584 2346 sce-

2003 2376 2208 2430 leratus
2243 2387 2298 2431 et
2351 2377 2568 2431 invidus
2609 2378 2753 2432 duos
2806 2388 2964 2432 antea
3003 2378 3145 2433 inter
3174 2394 3233 2433 se
3279 2382 3587 2436 concordes-

2003 2469 2360 2524 ealunmiosis
2393 2470 2644 2524 artificiis
2690 2470 2922 2524 invicem
2953 2471 3269 2533 committit,
3303 2487 3369 2526 ex
3401 2473 3582 2527 aliena

2004 2568 2060 2615 et
2111 2575 2249 2624 sazpe
2295 2561 2512 2630 publica
2559 2562 2871 2618 calamitate
2921 2563 3194 2631 privatum
3242 2565 3580 2622 astutiasinte

2003 2661 2272 2719 quaestum
2299 2663 2549 2720 captans.

1325 2877 1853 2941 DlSSERTATlO
1891 2881 2397 2944 PARABOLICA
2436 2881 2518 2944 ll.

297 3029 637 3108 Exprimit
693 3025 1016 3105 ingenium
1084 3025 1179 3086 rei
1227 3025 1484 3085 audacis
1535 3034 1594 3086 ct
1638 3026 1856 3087 callidi
1907 3027 1977 3086 in
2029 3027 2628 3108 eludendojudicio,
2685 3036 2744 3088 et
2787 3027 3172 3090 demonstrat
3222 3030 3442 3091 inutile
3490 3033 3576 3095 ad

1285 3111 1626 3163 extremum
1650 3123 1776 3164 esse
1813 3115 2010 3165 totum
2039 3108 2210 3168 istud
2232 3109 2594 3186 artiﬁcium.

373 3236 524 3289 Dixit
555 3244 738 3288 autem
772 3248 867 3286 rex
900 3232 1360 3301 gymnosophistae
1396 3249 1408 3282 :
1445 3232 1715 3302 Cuperem
1741 3233 1897 3288 audi-
1923 3242 1966 3299 ο
2001 3236 2214 3306 pungit,
2246 3251 2447 3305 corpus
2478 3236 2654 3305 ipsum
2684 3235 2870 3290 exedit
2913 3244 2965 3288 et
3017 3245 3274 3290 macerat.
3301 3235 3572 3292 Praeterea
3613 3217 3628 3230 ’

297 3345 359 3382 ro
387 3328 523 3396 quid
558 3325 891 3396 Vestigatori
923 3324 1169 3378 evenerit
1199 3333 1320 3392 post
1354 3339 1545 3378 necem
1591 3325 1756 3379 tauri.

377 3422 419 3474 I.
464 3418 769 3487 Respondit
797 3414 1240 3484 gymnosophista
1268 3431 1280 3466 :
1307 3412 1500 3469 Occiso
1529 3424 1706 3476 tauro,
1729 3422 1890 3470 nocte

292 3510 574 3584 quadam"
652 3521 906 3576 egressus
989 3505 1313 3574 leopardus,
1401 3505 1494 3574 qui
1566 3506 1712 3560 olinL
1769 3506 1890 3559 fue-

295 3612 384 3654 ι·.ιι
436 3599 697 3668 magister
737 3597 935 3661 leonis,
979 3603 1035 3650 et
1089 3605 1241 3664 tunc,
1269 3595 1409 3648 inter
1458 3595 1576 3664 ejus
1641 3598 1892 3651 consilia-

293 3694 409 3746 rios
439 3679 663 3745 intimos
692 3689 796 3742 fide
828 3697 990 3757 atque
1017 3688 1341 3742 auctoritate
1379 3688 1686 3756 prtecipuus
1720 3689 1889 3742 habe-

291 3785 485 3848 batur,
540 3781 806 3849 applicuit
838 3792 1026 3831 aurem
1079 3777 1222 3831 forte
1289 3776 1557 3831 transiens
1584 3778 1649 3830 ad
1690 3778 1890 3832 ostium

296 3873 683 3944 Vestigatoris,
717 3885 782 3925 eo
806 3868 1152 3922 commodum
1199 3876 1440 3936 tempore
1465 3882 1575 3937 quo
1618 3883 1679 3921 ea
1714 3867 1888 3922 Coro-

292 3981 462 4021 natus
493 3965 543 4018 ei
600 3975 953 4024 succensens,
999 3958 1348 4027 loquebatur,
1381 3973 1501 4026 quae
1535 3959 1694 4011 retuli
1724 3958 1889 4026 paulo

295 4059 578 4129 superius.
611 4054 835 4109 Audivit
862 4053 1028 4122 igitur
1075 4051 1499 4119 exprobrantem
1567 4051 1886 4120 Vestigatori

293 4143 638 4198 Coronatum
683 4140 944 4208 malignas
993 4146 1138 4191 artes
1195 4136 1414 4204 quibus,
1477 4137 1696 4190 invidia:
1727 4147 1890 4206 atque

295 4236 432 4288 odio
486 4231 780 4295 indulgens
813 4229 1070 4297 propriis,
1120 4238 1335 4280 taurum
1377 4231 1726 4281 innocentem
1781 4229 1892 4282 eir—

297 4329 684 4384 cumvenerat,
733 4321 950 4373 leonem
993 4321 1096 4373 fido
1128 4318 1323 4372 etutili
1364 4320 1612 4373 ministro
1644 4321 1892 4389 privare-

292 4425 380 4467 rat
413 4431 426 4466 :
463 4412 890 4466 comminantem
926 4411 1088 4462 etiam
1132 4409 1268 4462 iram
1320 4409 1570 4474 deorum,
1632 4422 1685 4464 et
1715 4427 1894 4482 augu-

293 4513 514 4559 rantetn
576 4502 626 4556 ei
659 4518 688 4555 a
720 4502 876 4555 leone
909 4501 1032 4569 ipso
1081 4516 1242 4568 quem
1297 4500 1608 4568 deceperat,
1656 4504 1881 4573 dignum

1994 3327 2139 3395 quod
2191 3327 2561 3396 perniciosum
2591 3326 2679 3380 vel
2735 3327 2966 3380 maxime
3006 3329 3252 3396 regnanti
3287 3337 3391 3392 est,
3437 3328 3574 3382 cali-

1993 3419 2173 3488 ginem
2221 3418 2447 3472 obducit
2481 3419 2669 3480 menti,
2706 3433 2868 3488 quam
2902 3419 2990 3471 ille
3029 3433 3246 3487 semper
3271 3418 3489 3489 vigilem
3518 3427 3576 3472 et

1995 3511 2288 3579 tranquille
2344 3521 2608 3565 attentam
2668 3511 2931 3564 adhibere
2996 3512 3231 3580 negotiis
3280 3511 3567 3566 debuerat.

1993 3601 2121 3665 Sed,
2176 3617 2360 3669 quzeso
2393 3611 2464 3667 te,
2490 3602 2662 3656 fatere
2715 3602 2846 3656 mihi
2904 3603 3033 3670 quid
3067 3610 3119 3655 te
3157 3610 3358 3670 angat;
3394 3612 3488 3654 aut
3523 3602 3570 3654 si

1992 3689 2176 3743 dicere
2208 3691 2502 3753 cunctaris,
2534 3692 2672 3752 sine,
2723 3690 2990 3754 divinem;
3025 3705 3132 3742 non
3177 3690 3325 3743 enim
3365 3699 3571 3744 temere

1990 3777 2320 3832 aﬂirmatura
2377 3780 2598 3840 videor,
2659 3777 2894 3832 cruciari
2961 3786 3012 3830 te
3069 3791 3189 3829 sera
3246 3778 3568 3845 pmnitenta

1991 3867 2142 3920 necis
2193 3868 2354 3932 tauri,
2389 3867 2543 3936 quasi
2575 3867 2694 3936 ejus
2729 3875 3016 3920 accusator
3059 3865 3221 3919 nimis
3255 3866 3412 3920 facile
3448 3883 3572 3922 ενοι

1992 3955 2197 4009 dideris
2223 3972 2236 4008 :
2261 3971 2384 4008 cum
2424 3955 2696 4008 aestimare
2728 3965 2777 4008 te
2809 3955 2990 4023 potius
3035 3954 3101 4007 de
3126 3955 3244 4023 ejus
3278 3955 3330 4008 in
3370 3966 3419 4010 te
3450 3961 3569 4010 anis

1993 4062 2080 4098 mo
2103 4055 2170 4100 ex
2200 4056 2294 4099 tuo
2341 4047 2392 4099 in
2442 4062 2565 4100 eum
2603 4045 2803 4100 affectu
2859 4061 2956 4114 par
2995 4045 3212 4110 fuisset;
3245 4045 3356 4100 fere
3396 4049 3568 4116 siqui.

1990 4136 2112 4189 dem
2177 4137 2277 4190 ista
2317 4137 2420 4190 sibi
2477 4146 2668 4190 mutuo
2721 4137 3100 4204 respondent:
3139 4151 3434 4206 rarumque
3482 4147 3566 4192 est

1991 4242 2099 4281 non
2143 4227 2414 4279 redamari
2463 4227 2676 4280 sincere
2707 4229 2800 4295 qui
2847 4243 2973 4280 vere.
3034 4227 3230 4296 diligit,
3298 4230 3434 4282 adeo
3464 4231 3564 4284 ista

1991 4319 2321 4372 commercia
2349 4317 2596 4372 cordium
2645 4316 2828 4371 fucum
2855 4318 3177 4371 excludunt.
3221 4319 3331 4388 Age
3375 4321 3562 4390 igitur,

1992 4405 2084 4460 die
2105 4407 2234 4459 mihi
2263 4407 2538 4475 quomodo
2565 4414 2623 4459 tu
2653 4406 2884 4459 affectus
2904 4421 3029 4474 erga
3056 4415 3272 4460 taurum
3296 4411 3457 4464 eras?
3483 4412 3564 4464 Ad

1993 4512 2056 4551 ea
2091 4498 2177 4551 leo
2209 4515 2223 4551 :
2261 4497 2552 4565 Equidem,
2581 4508 2775 4560 mater,
2820 4496 3019 4565 inquit,
3051 4500 3281 4552 charum
3317 4515 3442 4554 eum
3473 4502 3568 4555 ha-

291 4613 400 4650 suo
448 4595 660 4648 scelere
707 4591 1062 4660 supplicium.
1098 4591 1221 4642 llaec
1268 4589 1563 4659 leopardus
1597 4593 1880 4662 inopinato
1911 4573 1962 4632 Ῐ)
1991 4590 2182 4642 bebam
2241 4587 2586 4657 ﬁdebamque
2647 4588 2722 4642 illi
2782 4589 3051 4654 maxime;
3094 4599 3148 4642 el
3197 4605 3322 4644 cum
3383 4603 3566 4647 mente

292 4685 520 4755 cognita
564 4684 750 4738 statim
797 4697 999 4734 arcano
1046 4681 1243 4734 detulit
1281 4681 1344 4733 ad
1392 4682 1567 4736 leonis
1630 4695 1878 4742 matrem.

295 4778 531 4833 Interim
556 4786 740 4830 autem
799 4775 889 4827 leo
927 4774 1058 4841 quid
1087 4774 1284 4841 egisset
1331 4785 1613 4840 reputans,
1642 4778 1886 4832 revolve-

294 4870 464 4922 batur
499 4867 553 4919 in
589 4865 927 4920 desiderium
961 4863 1099 4916 tauri
1135 4880 1148 4916 :
1197 4879 1296 4917 nec
1335 4863 1538 4918 ultima:
1571 4866 1674 4920 illa:
1707 4868 1886 4922 Vesu-

291 4957 505 5028 gatoris
540 4971 702 5009 voces
725 4956 836 5022 jam
879 4966 1087 5008 tantum
1118 4953 1261 5022 apud
1295 4955 1413 5023 ejus
1454 4957 1694 5010 animum
1731 4961 1880 5014 vale-

291 5051 450 5114 bant,
493 5058 554 5102 ut
590 5064 698 5101 non
739 5048 858 5115 ipse
889 5046 1193 5113 Vestigator
1224 5045 1432 5100 fraudis
1462 5058 1624 5115 atque
1657 5049 1883 5104 insidia-

293 5153 421 5192 rum
449 5137 764 5204 suspicione
799 5134 1093 5186 laboraret.
1127 5132 1262 5186 Cum
1314 5134 1410 5187 ista
1468 5140 1664 5189 mentis
1695 5140 1884 5193 confli-

291 5225 899 5300 ctantem‘zcgritudine
940 5222 1460 5278 convenitmatcrna
1515 5224 1880 5284 familiaritate

295 5335 485 5388 regem
527 5317 742 5372 leonem
798 5316 919 5384 ejus
952 5328 1152 5383 parens
1185 5329 1200 5379 ;
1231 5322 1285 5366 et
1331 5323 1584 5368 mmstum
1618 5315 1767 5369 illum
1813 5336 1875 5371 ea

289 5407 592 5480 quamdixi
618 5421 801 5468 causa,
829 5404 1159 5471 ronspicata,
1199 5403 1414 5457 Vultum
1457 5405 1644 5471 babes,
1678 5408 1875 5477 inquit,

294 5500 396 5564 Illi,
444 5499 664 5552 Solliciti
689 5513 751 5551 ac
784 5498 922 5549 male
953 5496 1056 5550 sibi
1085 5495 1288 5550 conscii
1315 5513 1330 5550 :
1369 5499 1513 5565 quod
1545 5501 1798 5568 equidem
1823 5513 1880 5556 et

289 5595 468 5646 miror
497 5601 550 5644 et
580 5605 722 5660 aegre
754 5590 888 5650 fero,
927 5588 1057 5641 satis
1085 5604 1272 5657 gnara,
1306 5589 1442 5642 nihil
1477 5593 1644 5660 magis
1671 5593 1876 5647 valetu-

289 5683 408 5736 dini
466 5682 757 5734 adversunt
814 5695 975 5746 quam
1003 5692 1188 5730 curam
1237 5693 1440 5741 acrem,
1469 5687 1522 5732 et
1569 5683 1868 5746 prtesertim

292 5774 681 5841 ptenitentiam
709 5771 981 5834 inutilem,
1032 5785 1150 5834 qua:
1204 5771 1331 5822 dum
1367 5769 1604 5824 animum
1645 5775 1869 5827 moleste

1985 4691 2172 4752 repeto
2200 4697 2360 4751 quam
2415 4692 2665 4752 prompta
2718 4698 2936 4751 semper
2964 4684 3083 4752 ejus
3117 4692 3172 4736 et
3205 4685 3463 4738 benevola
3507 4687 3565 4738 in

1990 4786 2076 4823 me
2105 4769 2281 4824 ofﬁcia
2303 4776 2604 4834 exstarent,
2650 4769 2828 4824 facere
2857 4773 2942 4823 vis
2977 4787 3195 4840 possum
3231 4773 3359 4841 quin
3391 4777 3568 4842 suspi-

1991 4879 2084 4917 cer
2116 4862 2295 4916 scelus
2334 4861 2552 4930 aliquod
2605 4861 2832 4915 artificis
2889 4861 3264 4930 Vestigatoris,
3314 4865 3406 4931 qui
3437 4879 3563 4918 eum

1988 4952 2138 5005 falsis
2168 4949 2310 5019 apud
2355 4965 2440 5004 me
2478 4951 2958 5004 criminationibus
3004 4951 3371 5016 infamaverit,
3411 4962 3463 5006 et
3498 4971 3563 5006 eo

1987 5043 2223 5112 denique
2260 5058 2345 5096 me
2389 5043 2637 5113 adegerit
2675 5053 2734 5096 ut
2782 5043 3014 5096 facerem
3055 5045 3202 5112 quod
3251 5046 3561 5100 meminisse

1991 5134 2175 5186 horret
2205 5132 2441 5195 animus,
2466 5143 2519 5186 et
2552 5133 2845 5201 quantovis
2873 5134 3047 5202 pretio
3081 5133 3422 5203 redemptum
3455 5136 3564 5188 γυι-

1989 5224 2092 5277 lem
2120 5239 2226 5278 non
2252 5225 2450 5294 egisse.
2482 5225 2560 5276 'I'u
2587 5239 2737 5286 vero,
2768 5239 2968 5292 parens
2988 5225 3216 5292 optima,
3239 5241 3328 5287 ne,
3353 5241 3561 5293 quaeso,

1983 5313 2246 5366 ct-laveris
2271 5319 2314 5365 si
2349 5313 2480 5382 quid
2519 5313 2640 5381 ejus
2668 5313 2806 5366 forte
2856 5313 2936 5366 rei
2967 5313 3231 5378 didicisti;
3265 5313 3378 5367 fere
3413 5314 3559 5365 enim

1981 5413 2238 5457 emanant
2290 5405 2341 5457 in
2375 5404 2627 5457 notitiam
2683 5407 3022 5475 quantalibet
3070 5413 3187 5458 arte
3221 5405 3556 5459 dissimulati

1981 5497 2210 5560 scelera,
2239 5511 2342 5549 nec
2373 5497 2554 5550 caveri
2583 5497 2725 5551 dolis
2760 5499 3015 5552 omnibus
3062 5506 3263 5566 potest,
3295 5499 3425 5567 quin
3459 5499 3560 5549 sal-

1981 5594 2088 5640 tem
2121 5588 2323 5640 timidis
2352 5592 2590 5643 susurris
2617 5592 2956 5659 proditiones
2983 5591 3407 5647 abstrusissiaim
3440 5606 3560 5658 pro-

1979 5679 2197 5731 dantur.
2249 5680 2320 5733 Ea
2372 5694 2536 5749 porro
2559 5683 2712 5737 fama:
2742 5685 2867 5738 licet
2908 5687 3127 5737 incerta.-
3166 5700 3227 5738 ac
3256 5685 3554 5752 vulgar-insit

1983 5787 2261 5824 rumorum
2313 5774 2712 5843 qualiacunque
2764 5776 3096 5838 testimonia,
3131 5791 3269 5840 sa-pc
3333 5776 3557 5827 illlCi'lU'
