4016 6532
482 309 623 374 1‘283

1881 312 2294 377 APPENDIX.

3608 317 3754 387 1284

485 426 639 481 ribus
667 420 885 478 indiciis
916 420 1169 493 adiuncta
1227 420 1460 478 multum
1506 423 1795 479 conferunt
1829 426 1894 479 ad
1928 441 2059 479 con-
2089 437 2131 489 Α
2159 437 2541 482 emunctarnm
2597 430 2948 497 sagacitatem
2988 429 3225 492 fallunt;
3260 430 3480 500 quando
3513 446 3757 486 moven-

477 516 773 572 victionem
823 514 1206 569 scelestorum.
1243 514 1513 584 Reposuit
1565 517 1632 571 ad
1680 517 1795 572 bac
1843 528 2059 572 mater:

476 609 673 666 Audivi
732 623 763 663 a
821 606 1060 677 quodam
1134 607 1238 662 ﬁde
1295 607 1619 679 dignissimo
1668 610 2062 680 Vestigatorcm

475 699 702 757 invidize
739 699 1006 754 instinctu
1058 699 1353 752 mentitum
1381 699 1480 754 tibi
1531 716 1655 757 esse
1716 712 1914 758 cuncta
1968 702 2061 757 illa

475 805 597 860 quae
630 789 699 844 de
735 796 894 841 tauro
930 786 1146 851 detulit,
1194 788 1399 858 alioqui
1444 789 1782 846 alienissima
1835 806 1866 845 a
1905 807 2058 854 vero.

476 891 536 937 et
566 881 680 937 sola
710 880 830 951 eius
857 879 1050 934 fraude
1097 881 1351 937 conﬁcta.
1379 882 1590 938 Amabo
1635 892 1707 949 te,
1738 896 1931 949 mater,
1972 884 2060 938 leo

474 974 675 1043 inquit,
704 974 827 1037 ede,
871 975 914 1026 si
959 989 1067 1029 non
1102 990 1265 1043 grave
1303 976 1700 1045 est,quis'iste
1743 978 1812 1031 sit
1852 994 1916 1032 ex
1951 993 2060 1046 quo

472 1066 599 1119 talia
649 1063 890 1119 audisti?
930 1064 1006 1118 Ne
1049 1081 1253 1133 quwre,
1303 1065 1398 1131 ﬁli,
1442 1066 1514 1120 ait
1545 1076 1736 1130 mater,
1776 1078 2056 1123 auctorem

470 1154 628 1215 dicti.
659 1154 752 1223 qui
781 1153 1103 1208 nominatim
1133 1170 1195 1210 se
1220 1156 1376 1225 prodi
1425 1160 1623 1222 vetuit,
1665 1175 1790 1213 cum
1814 1174 1927 1213 rem
1948 1159 2055 1214 sibi

469 1244 968 1315 compertissiruam
1019 1245 1155 1299 mihi
1218 1261 1423 1301 arcano
1477 1250 1869 1325 committeret,
1915 1250 2059 1304 iudi-

467 1335 723 1400 caudam,
750 1335 794 1390 si
819 1335 1080 1405 expedire
1122 1352 1429 1403 censerem,
1460 1339 1581 1395 tibi.
1639 1340 1753 1395 Etsi
1784 1351 1967 1397 autem
2009 1344 2056 1400 is

467 1427 613 1491 talis,
658 1435 717 1481 ut
766 1427 901 1492 dixi,
961 1437 1068 1493 est,
1131 1430 1218 1483 cui
1265 1435 1383 1485 tuto
1404 1431 1627 1501 quidvis
1673 1434 1822 1488 credi
1864 1435 2052 1502 possit,

467 1534 578 1574 non
633 1530 758 1589 peto
804 1529 982 1574 taruen
1029 1531 1087 1575 ut
1135 1531 1231 1576 aut
1279 1538 1436 1585 meae,
1490 1535 1587 1578 aut
1624 1524 1773 1580 illius
1813 1527 2056 1580 auctoi-

466 1614 565 1668 tati
631 1613 972 1682 acquiescas,
1033 1628 1098 1669 ac
1158 1623 1350 1669 nostro
1385 1617 1704 1671 testimonio
1743 1617 2054 1688 praecipites

464 1704 795 1759 sententiam
834 1705 887 1757 in
922 1718 1075 1758 reum
1110 1704 1436 1768 inauditum.
1482 1721 1549 1759 ne
1579 1707 1714 1776 quid
1741 1708 1918 1763 simile
1952 1724 2049 1778 pa-

465 1796 618 1849 tiaris
649 1805 772 1864 post
820 1793 1179 1867 Vestigatoris
1205 1814 1420 1867 poenam
1451 1799 1502 1854 ei
1552 1800 1696 1869 quod
1727 1811 1851 1870 post
1909 1791 2051 1856 tauri

462 1884 793 1953 Supplicium
828 1901 885 1940 es
917 1901 1128 1955 passus,
1169 1901 1235 1941 ac
1277 1896 1408 1943 tunc
1444 1903 1665 1958 quoque
1692 1890 1816 1943 ﬁdei
1843 1898 2050 1945 temere

463 1973 662 2029 habita:
689 1976 802 2029 acri
847 1991 1034 2030 morsu
1086 1979 1436 2033 conscientiae
1466 1995 1655 2048 poenas
1706 1981 1846 2035 luas.
1884 1982 2051 2037 Recte

462 2078 676 2128 mones,
700 2072 899 2126 mater,
928 2066 1108 2135 inquit
1137 2067 1246 2122 leo.
1276 2068 1423 2138 Ergo
1449 2069 1694 2138 quamvis
1719 2070 1816 2125 tibi
1844 2071 2049 2133 tribuo,

463 2156 542 2207 uti
585 2154 784 2219 debeo,
840 2158 1142 2225 plurimum
1196 2159 1342 2222 ﬁdei,
1390 2168 1567 2217 tamen
1605 2163 1892 2232 explorare
1957 2180 2053 2233 per

461 2261 547 2300 me
583 2247 863 2317 negotium
904 2249 1151 2314 decrevi,
1220 2266 1321 2305 nec
1355 2253 1701 2308 committere
1758 2253 1956 2307 iterum
1993 2263 2053 2308 ut

458 2336 753 2395 festinasse
793 2355 877 2395 me
906 2356 1035 2395 sero
1070 2343 1355 2411 pwniteat.

535 2431 596 2485 ll.
642 2430 735 2485 llis
769 2432 854 2487 leo
877 2442 936 2487 et
966 2450 994 2488 a
1035 2446 1209 2489 matre
1247 2435 1452 2491 auditis
1481 2445 1535 2489 et
1588 2435 1654 2490 ad
1706 2448 1936 2492 matrem
1968 2438 2050 2492 di-

466 2524 594 2588 ctis,
631 2539 764 2578 suos
803 2540 994 2579 omnes
1015 2530 1359 2589 convocavit,
1399 2539 1456 2580 et
1480 2543 1606 2581 cum
1643 2529 1711 2583 iis
1747 2524 2048 2600 Vestigato-

462 2630 600 2668 rem.
658 2615 761 2680 Qui
787 2631 888 2685 pro
923 2631 1020 2671 sua
1060 2617 1215 2671 solita
1249 2618 1576 2674 conﬁdentia
1611 2620 1824 2675 leonem
1858 2622 2053 2677 videns

464 2709 892 2779 cogitabundum
925 2719 981 2764 et
1003 2722 1200 2766 mutato
1238 2712 1498 2775 similem.
1533 2714 1678 2769 ultro
1706 2713 1775 2768 ad
1810 2723 2053 2770 astantes

459 2815 804 2856 conversus:
847 2800 985 2867 Quid
1038 2817 1240 2867 causa),
1300 2804 1503 2874 inquit,
1552 2814 1637 2859 est
1685 2820 1787 2859 cur
1836 2804 2051 2861 leonem

459 2888 758 2943 sollicitum
793 2904 859 2944 ac
895 2890 1101 2944 tristem
1139 2892 1342 2946 cerno?
1378 2892 1480 2948 Cui
1519 2905 1697 2948 mater
1745 2893 1940 2961 leonis,
1997 2904 2054 2951 et

459 2981 574 3048 ipsa
599 2995 857 3051 praesens,
889 2982 1182 3052 respondit
1216 2984 1273 3040 in
1302 2984 1452 3040 hunc
1475 2985 1699 3041 modum
1733 3003 1748 3041 :
1777 2987 1860 3044 Tu
1887 3002 2052 3042 causa

2169 533 2259 577 tur
2286 523 2691 593 agitanturque,
2724 524 3010 594 mephitim
3052 524 3334 588 exhalant,
3361 534 3420 578 et
3449 525 3758 580 manifesto

2168 615 2360 670 fetoris
2413 614 2621 670 indicio
2677 615 3189 685 deprehenduntur.
3248 614 3437 684 Itaque
3497 615 3757 669 viderint

2164 721 2326 775 quam
2363 716 2769 777 consequenter
2807 716 3157 763 accusatores
3193 705 3300 761 mei
3330 704 3587 761 eumdem
3627 717 3751 765 me.

2162 813 2325 867 quiem
2373 798 2555 852 nimiae
2602 798 2915 853 calliditatis
2969 797 3311 862 insimulant,
3345 805 3455 852 tam
3504 798 3752 852 stultum

2164 898 2376 957 putent,
2410 900 2471 942 ut
2519 890 2650 944 mihi
2684 890 2828 943 male
2873 889 3148 952 conscius,
3181 889 3328 944 ultro
3363 889 3604 943 examini
3650 902 3756 943 me

2161 980 2476 1048 subiiciam.
2504 981 2798 1050 Nunquam
2826 981 3070 1050 profecto
3095 980 3409 1035 inevitabile
3433 981 3757 1036 convictio-

2159 1074 2245 1127 nis
2293 1074 2597 1142 periculum
2627 1072 3003 1142 deposcerem,
3036 1073 3153 1127 alea
3193 1070 3384 1141 iudicii
3424 1071 3754 1133 subeunda,

2160 1166 2263 1219 nisi
2295 1179 2430 1233 ,mea
2464 1181 2550 1219 me
2588 1174 2765 1219 tutum
2809 1163 3127 1220 innocentia
3154 1171 3460 1232 prastaret;
3502 1162 3605 1227 ;sin
3661 1165 3752 1216 ita

2158 1267 2460 1321 esset,‘nun
2484 1271 2570 1310 me
2599 1256 2693 1310 liic
2727 1257 2916 1326 utique
2943 1254 3228 1317 videretis;
3253 1254 3364 1323 iam
3394 1256 3541 1309 enim
3569 1254 3759 1308 alicu-

2160 1346 2213 1401 bi
2244 1356 2512 1401 terrarum
2544 1362 2802 1402 securum
2851 1345 3157 1415 perfugium
3214 1352 3432 1414 captare
3473 1357 3759 1413 occupas-

2157 1454 2294 1499 sem,
2329 1440 2487 1510 cujus
2533 1438 2612 1493 rei
2659 1438 2976 1493 facultatem
3030 1450 3279 1506 magnam
3325 1434 3500 1489 cuivis
3532 1433 3759 1502 praebet

2158 1529 2418 1583 latissime
2479 1538 2674 1598 patens
2727 1529 2880 1582 orbis
2941 1527 3187 1582 universi
3225 1526 3469 1581 vastitas.
3508 1526 3593 1580 Ab
3631 1527 3757 1580 hoc

2157 1624 2404 1690 ingrcs~u
2436 1621 2765 1674 vaferrimus
2804 1621 3131 1690 Vestigator,
3161 1629 3384 1689 repente
3435 1633 3759 1673 conversus

2156 1714 2221 1768 ad
2265 1713 2499 1778 leonem,
2532 1712 2644 1767 Oro
2682 1714 2886 1784 igitur,
2928 1713 3037 1778 ait,
3073 1712 3437 1781 obsecroque,
3467 1710 3699 1764 domine
3733 1749 3752 1771 ,

2161 1804 2372 1875 regiam
2407 1804 2746 1873 maiestatem
2773 1813 2941 1866 luant,
2977 1813 3034 1857 ut
3060 1803 3264 1871 inquiri
3279 1802 3538 1856 continuo
3570 1816 3757 1870 quam

2154 1896 2567 1950 accuratissime
2595 1896 2662 1951 de
2723 1912 2810 1951 me
2840 1896 3057 1968 iubeas,
3105 1911 3205 1965 per
3250 1896 3491 1964 iudicem
3536 1911 3757 1963 qnam-

2152 1985 2288 2041 libet
2334 1988 2939 2052 severumrdummodo
2971 1988 3157 2057 iustus
3202 1986 3347 2040 idem
3401 1986 3747 2055 integerque

2151 2078 2242 2142 sit,
2269 2092 2373 2132 nec
2396 2079 2686 2132 veritatem
2714 2078 2858 2133 sinat
2903 2078 3064 2132 obrui
3115 2076 3446 2148 praeiudiciis
3494 2076 3760 2137 invidias.

2152 2183 2318 2238 quam
2379 2169 2514 2223 mibi
2560 2184 2808 2239 magnam
2839 2169 3085 2238 intelligo
3130 2168 3445 2232 conﬂatam,
3484 2183 3595 2222 non
3624 2168 3766 2221 ullo

2154 2276 2277 2316 meo
2298 2261 2592 2326 maleﬁcio,
2619 2261 2713 2316 sed
2737 2261 2950 2331 magnis
3000 2263 3111 2316 tuis
3151 2276 3280 2331 erga
3332 2276 3418 2314 me
3450 2258 3762 2313 beneﬁciis

2152 2367 2277 2421 quae
2312 2352 2541 2406 livorem
2568 2351 2911 2407 concitarunt
2933 2352 3273 2420 iniquorum.
3299 2351 3440 2416 Tua,
3488 2351 3758 2419 inquana.

2154 2454 2268 2507 tua,
2301 2442 2544 2506 domine,
2576 2443 2848 2512 praecipua
2888 2443 2944 2497 in
2982 2458 3070 2497 me.
3111 2443 3280 2513 gratia
3308 2457 3487 2496 meum
3525 2443 3765 2495 crimen

2153 2544 2238 2588 est
2265 2551 2276 2586 :
2309 2549 2418 2603 quo
2455 2544 2508 2588 te
2537 2545 2619 2589 est
2667 2536 2881 2603 aequius
2907 2534 3043 2588 dare
3077 2549 3326 2603 operam,
3358 2549 3429 2588 ne
3458 2534 3733 2603 peruicio

2153 2644 2229 2679 sn.
2253 2636 2344 2680 tua
2377 2640 2605 2681 munera
2636 2636 2921 2696 putentur,
2962 2636 3019 2681 et
3048 2642 3212 2696 quem
3253 2641 3439 2681 amore
3470 2626 3756 2696 dignatus

2155 2717 2324 2771 fueris
2362 2717 2640 2785 amplecti.
2704 2717 2940 2773 voluisse
2998 2718 3228 2784 perdere
3288 2717 3542 2773 videaris.
3595 2716 3763 2771 Nam

2155 2810 2199 2865 si
2242 2810 2384 2863 hanc
2411 2809 2782 2862 conditionem
2816 2808 2947 2863 ferri
2980 2809 3168 2863 virtuti
3198 2810 3356 2874 sinis,
3401 2824 3516 2877 quae
3557 2818 3761 2863 tutam

2156 2904 2227 2955 tot
2246 2914 2295 2956 te
2322 2901 2761 2957 benevolentiam
2790 2901 3175 2971 promet-uerit,
3207 2908 3267 2955 ut
3298 2901 3471 2955 vitare
3495 2910 3767 2971 nequeat

2156 2996 2287 3065 quin
2314 2994 2551 3049 dedatur
2579 2994 2722 3048 odiis
2743 2994 3144 3064 improborum,
3191 2992 3467 3062 quodnam
3503 3001 3599 3047 aut
3637 2993 3763 3049 ubi

461 3072 695 3126 tristitiae
722 3072 897 3128 leonis
936 3090 995 3129 es
1033 3089 1047 3127 =
1090 3075 1237 3130 hunc
1264 3077 1411 3131 enim
1454 3079 1604 3132 dolet
1637 3078 1785 3148 quod
1824 3087 1876 3133 te
1915 3078 2111 3166 ἥκω-ς
2145 3098 2419 3143 terrarum
2452 3088 2660 3156 asylum
2721 3086 2921 3140 deinde
2998 3086 3272 3155 reliquum
3307 3088 3379 3140 sit
3414 3085 3622 3140 alliicta:
3677 3101 3765 3142 ac

461 3173 620 3219 tenus
654 3163 839 3219 vivere
862 3180 927 3219 ac
955 3166 1129 3223 libere
1154 3184 1313 3238 agere
1338 3168 1414 3223 sit
1443 3183 1655 3239 passus,
1691 3180 1767 3237 te,
1797 3171 2041 3241 inquam,

459 3256 551 3321 qui
603 3255 707 3308 sxbi
752 3255 1043 3311 fraudibus
1080 3272 1145 3312 ac
1178 3260 1479 3313 mendaciis
1514 3261 1767 3332 decepto,
1811 3271 1871 3315 ut
1929 3271 2048 3317 tau-

458 3362 579 3398 rum
618 3345 967 3402 iunocentem
998 3348 1197 3419 iniuste
1222 3350 1544 3421 perimeret,
1575 3352 1934 3421 persuaseris.
1965 3353 2046 3408 Ad

459 3457 524 3488 t'a
561 3435 784 3489 minime
804 3439 1055 3492 turbatus
1092 3436 1424 3509 Vcstigator,
1459 3440 1687 3511 Nempe,
1724 3442 1923 3513 inquit,
1958 3443 2048 3498 bic

466 3543 583 3580 litos
623 3528 873 3580 aularuru
910 3537 995 3583 est
1050 3540 1109 3583 ut
1150 3529 1391 3600 ingratas
1425 3542 1573 3586 recte
1595 3544 1843 3587 actorum
1877 3534 2046 3600 vices,

460 3619 740 3688 supplicia
808 3636 909 3690 pro
970 3620 1255 3675 beneﬁciis
1314 3633 1638 3692 exspectare
1696 3625 2050 3681 verisimilius

463 3726 628 3779 (inani
660 3711 906 3779 pra-mia,
933 3711 1031 3781 qui
1053 3712 1403 3783 principibus
1428 3714 1755 3778 inserviunt,
1788 3715 2046 3772 debeant.

463 3806 595 3870 Quae
623 3804 928 3873 justissima
959 3815 1043 3859 est
1074 3806 1274 3861 ascetis
1308 3807 1363 3861 in
1404 3807 1733 3863 solitudines
1770 3824 1801 3864 e
1835 3810 2050 3879 palatiis

462 3904 629 3961 atque
651 3894 884 3949 urbibus
905 3896 1400 3962 sa-cedendicausa,
1439 3914 1507 3954 ne
1538 3914 1648 3953 non
1680 3900 1755 3955 ibi
1792 3901 2049 3956 virtutem

467 3986 727 4043 exercere
758 3989 993 4058 possint,
1030 3989 1123 4044 ubi
1162 3990 1213 4044 ei
1254 4002 1458 4047 certam
1490 3993 1804 4064 intelligunt
1835 4010 2049 4064 pinnam

466 4096 594 4136 esse
646 4084 1021 4137 constitutam.
1063 4081 1168 4137 ista
1219 4100 1321 4155 ego
1355 4085 1475 4156 lege
1526 4087 1810 4156 periclitor
1863 4087 2049 4149 hodie.

465 4174 563 4243 qui
593 4174 740 4243 quod
781 4173 908 4231 ﬁdei
943 4172 1124 4230 ofﬁcio
1163 4176 1479 4243 instinctus,
1515 4177 1784 4233 benevole
1812 4176 2051 4235 iudicavi

465 4264 581 4335 regi
635 4273 858 4334 paratas
905 4279 939 4321 a
999 4274 1161 4322 tauro
1206 4265 1457 4330 insidias,
1495 4276 1552 4323 et
1615 4268 2050 4340 coniurationem

472 4373 625 4423 mox,
667 4357 723 4411 ni
759 4369 1116 4427 praecaveret,
1147 4362 1204 4414 in
1240 4358 1415 4429 ipsius
1467 4375 1532 4417 ac
1566 4361 1721 4432 regni
1754 4362 2050 4432 perniciem

2151 3179 2421 3235 laboranti
2438 3178 2974 3249 innoccritimmnum
2991 3186 3158 3234 restat
3172 3187 3321 3233 tanta
3339 3177 3566 3231 fortuna:
3581 3177 3767 3232 saevi-

2152 3274 2225 3326 tia
2285 3272 2577 3333 exercitis,
2626 3279 2820 3324 testem
2858 3268 3114 3324 invocare
3161 3270 3255 3324 Dei
3296 3278 3489 3324 cuncta
3538 3269 3762 3324 intime

2151 3358 2524 3429 pervidentem
2579 3357 2821 3412 oculum.
2880 3356 3144 3426 Equidem
3212 3358 3398 3430 huius,
3442 3358 3760 3427 puritatem

2153 3465 2285 3502 mea:
2334 3448 2684 3502 corneienlia:
2732 3449 3039 3512 cernentis,
3066 3447 3239 3502 fretus
3286 3451 3600 3518 incorrupto
3660 3456 3763 3503 te-

2151 3539 2429 3602 stimonio,
2458 3550 2693 3595 mortem
2718 3541 2888 3609 ipsam
2913 3540 3259 3603 inimicorum
3288 3541 3420 3597 mibi
3451 3541 3763 3597 fraudibus

2152 3642 2394 3701 paratam
2436 3629 2614 3684 audeo
2645 3641 3035 3695 contemnere;
3078 3646 3178 3685 nec
3209 3633 3321 3699 iam
3363 3647 3555 3685 recuso
3601 3634 3757 3700 quin

2152 3720 2295 3790 quod
2337 3720 2639 3790 aliquando
2696 3721 3006 3775 necessitati
3062 3732 3271 3775 natura:
3322 3721 3518 3782 debeo,
3573 3721 3759 3784 livori

2154 3810 2567 3880 pra'valentium
2632 3807 3022 3864 sceleratorum
3092 3811 3377 3864 exsolvere
3428 3823 3756 3879 occupem.

2151 3910 2456 3952 extremum
2530 3898 2725 3965 fatum,
2780 3899 2983 3968 quippe
3034 3901 3128 3967 qui
3187 3900 3353 3954 vitam
3412 3899 3755 3965 impendere

2156 4000 2259 4042 tua:
2290 3988 2477 4058 gloria:
2525 3996 2688 4057 atque
2730 3986 2995 4055 obsequio
3027 3988 3139 4057 iam
3193 3997 3306 4041 tum
3357 4003 3422 4042 ex
3462 4003 3573 4056 quo
3621 3989 3754 4044 tibio

2155 4081 2397 4143 domine,
2440 4078 2600 4133 ﬁdem
2654 4078 2836 4132 addixi
2891 4094 3087 4143 meam,
3144 4077 3403 4134 omnibus
3442 4081 3757 4137 momentis

2155 4181 2380 4243 paratus
2404 4169 2505 4225 fui.

2225 4260 2316 4315 lli.
2335 4260 2489 4315 Talia
2509 4275 2702 4330 magna
2722 4258 2919 4314 fiducia
2943 4259 3334 4331 Vestigatorem
3362 4271 3758 4331 perorantem.

2160 4356 2521 4426 interpellans
2575 4367 2606 4408 e
2668 4352 2937 4407 militibus
2985 4350 3294 4406 astantibus
3349 4351 3615 4421 quidam:
3668 4353 3758 4408 Ne

465 4458 814 4518 erupturam,
868 4464 1017 4505 nunc
1047 4452 1215 4505 miser
1252 4451 1308 4506 in
1347 4452 1721 4521 suspicionem
1764 4453 2065 4509 calumnia—
2096 4447 2138 4500 υ
2170 4448 2311 4517 ﬁnge
2337 4482 2352 4508 ,
2382 4444 2710 4516 Vestigator,
2746 4440 2962 4511 inquit;
3004 4455 3132 4494 non‘
3157 4450 3208 4495 te
3247 4440 3316 4495 ad
3347 4440 3507 4495 istam
3538 4440 3751 4495 defen-

465 4554 587 4595 rum
652 4556 821 4595 vocor
852 4559 868 4595 :
898 4542 955 4596 in
993 4557 1104 4611 quo
1134 4558 1261 4597 cum
1298 4543 1468 4599 multa
1509 4555 1639 4601 sunt
1673 4545 1895 4605 misera.
1935 4554 2049 4599 tum

465 4633 599 4688 illud
653 4633 938 4688 enimvero
981 4634 1105 4704 iure
1156 4650 1279 4689 meo
1317 4635 1603 4705 deprecor,
1652 4651 1721 4691 ne
1753 4645 1955 4690 temere
1985 4636 2053 4691 de

468 4735 556 4774 tne
589 4720 717 4775 talia
748 4721 1065 4775 credantur.
1105 4722 1443 4791 Exploretur
1486 4725 1641 4794 prius
1668 4739 1779 4787 res,
1813 4724 2055 4794 inquira-

465 4819 558 4863 tur
597 4809 890 4878 diligenter
928 4809 997 4865 de
1025 4809 1265 4880 impacto
1304 4812 1437 4866 mihi
1472 4812 1741 4878 crimine;
1776 4828 2053 4881 nunquam

472 4911 582 4954 tam
614 4901 723 4956 alte
759 4900 893 4955 latet
914 4901 1099 4957 scelus
1121 4902 1305 4957 animo
1337 4914 1664 4973 conceptum
1698 4903 1832 4973 quin
1873 4904 2052 4974 legiti-

465 4990 572 5045 mis
600 4990 1048 5062 indagationibus
1070 4992 1326 5049 eliciatur
1346 4994 1568 5049 tandem
1605 5009 1671 5048 ac
1700 4994 2056 5063 protrahatur

464 5084 525 5137 in
554 5085 730 5139 lucem
763 5101 780 5138 :
820 5100 947 5139 nam
981 5092 1039 5139 et
1092 5086 1435 5154 penitissime
1481 5086 1770 5141 abstrusus
1805 5085 1860 5139 in
1901 5086 2056 5141 venis

468 5174 695 5229 silicum
752 5175 930 5245 perito
956 5176 1150 5232 attritu
1202 5176 1343 5248 ignis
1376 5178 1740 5248 exsculpitur,
1798 5186 1856 5232 et
1892 5192 2056 5247 quam

465 5279 635 5320 nemo
691 5268 1070 5336 suspicaretur
1120 5266 1306 5323 inesse
1365 5270 1604 5338 putridis
1640 5269 1803 5340 lignis
1862 5270 2055 5324 artifex

462 5359 722 5412 ali'rictus
768 5359 971 5413 excitat
1020 5360 1318 5415 ﬂammam.
1377 5360 1617 5415 Omnino
1654 5362 1702 5415 si
1750 5361 1881 5429 quid
1930 5376 2063 5417 con-

464 5453 699 5507 scientia
741 5463 900 5522 turpe
919 5452 1228 5515 abscondit,
1264 5452 1433 5509 odore
1463 5468 1523 5508 se
1546 5453 1630 5507 sui
1662 5452 1876 5522 prodet,
1908 5463 2059 5520 certa

471 5542 731 5597 ricthodo
792 5544 850 5597 in
880 5543 1000 5612 eius
1048 5542 1424 5611 exploratione
1480 5540 1829 5598 versantibus
1863 5559 1876 5594 ε
1912 5540 2058 5594 baud

469 5633 630 5687 aliter
671 5648 736 5689 ac
765 5635 1144 5704 graveolentes
1174 5645 1371 5689 natura
1400 5649 1500 5691 sua
1558 5632 1726 5696 feces,
1765 5633 1894 5686 dum
1928 5647 2051 5701 per-

470 5735 581 5780 stat
629 5728 887 5782 immotus
945 5728 1032 5781 cui
1089 5727 1325 5783 subsunt
1376 5728 1590 5794 liquor,
1647 5726 1859 5779 narium
1893 5724 2055 5778 etiam

2153 4536 2319 4594 dendi
2372 4534 2783 4590 contentionem
2851 4531 3099 4587 studium
3169 4535 3313 4601 quod
3390 4532 3622 4586 simulas
3688 4535 3751 4587 in

2155 4628 2483 4699 principem,
2518 4624 2614 4681 sed
2662 4638 2795 4678 cura
2841 4622 3059 4693 tegendi
3101 4623 3180 4676 tui
3213 4621 3439 4677 sceleris
3475 4632 3529 4677 et
3558 4638 3753 4691 panum

2154 4737 2319 4792 quant
2373 4735 2433 4775 es
2492 4716 2720 4772 meritus
2770 4731 2801 4771 a
2851 4724 2944 4769 tuo
2990 4715 3169 4785 capite
3215 4714 3468 4769 arcendae
3512 4713 3747 4768 incitat.

2157 4814 2336 4875 Salus,
2380 4811 2625 4879 inquam,
2672 4818 2760 4861 tua
2806 4806 3053 4878 pr0pria,
3104 4820 3215 4859 non
3266 4807 3417 4859 zelus
3458 4803 3749 4872 obsequii.

2155 4916 2251 4961 aut
2282 4903 2589 4959 reverentia
2615 4900 2936 4969 maiestatis,
2963 4908 3017 4952 te
3044 4898 3311 4953 disertum
3340 4897 3394 4951 in
3430 4896 3535 4950 hac
3568 4912 3753 4950 causa

2155 4996 2305 5051 facit.
2357 4994 2516 5048 Hunc
2560 4991 2926 5045 audacissimo
2969 4989 3141 5059 ﬁgens
3171 4989 3368 5043 obtutu
3403 4986 3751 5056 Vestigator,

2153 5089 2273 5144 Non
2324 5095 2376 5142 te
2422 5084 2613 5155 pudet,
2658 5083 2872 5151 inquit,
2927 5082 3248 5136 stultissime
3297 5078 3630 5141 viventium,
3674 5094 3753 5130 co

2157 5178 2443 5235 mortalem
2486 5173 2795 5237 criminari,
2845 5172 2992 5243 quod
3038 5181 3234 5227 natura
3285 5170 3544 5225 omnibus
3594 5170 3755 5225 lucis

2157 5286 2381 5327 usuram
2438 5265 2902 5340 participantibus
2968 5264 3086 5334 lege
3141 5261 3523 5332 antiquissima
3591 5276 3751 5329 prse-

2156 5361 2593 5432 scripsithane
2651 5366 2745 5411 tuo
2792 5355 3004 5427 iudicio
3056 5362 3356 5409 sceleratus
3406 5367 3550 5415 sum,
3607 5352 3749 5420 quia

2157 5456 2410 5516 salutem,
2439 5467 2548 5521 quo
2579 5464 2799 5520 possum
2828 5446 3108 5518 przesidio,
3139 5445 3306 5500 tutari
3332 5460 3509 5498 meam
3537 5459 3745 5507 conor,

2158 5544 2305 5615 quod
2348 5544 2395 5597 si
2427 5557 2547 5612 quae
2590 5540 2952 5594 animantium
2986 5538 3039 5591 in
3083 5538 3254 5607 multo
3299 5535 3502 5590 minori
3534 5534 3748 5588 discri-

2160 5635 2308 5689 mine
2342 5649 2451 5689 non
2496 5632 2680 5695 faciat,
2713 5628 2973 5684 omnibus
3020 5628 3155 5682 orba
3195 5627 3474 5689 sensibus,
3522 5636 3582 5679 et
3627 5627 3747 5679 vita

2158 5726 2379 5795 imligna
2438 5721 2765 5777 censeatur?
2823 5719 2987 5790 Atqui
3050 5719 3128 5774 sic
3185 5718 3348 5784 habe,
3413 5731 3748 5771 mensuram
