4016 6526
227 315 367 378 1⁵285

1074 309 1456 370 SPECIMEN
1501 293 1923 369 SAPlENTliE
1963 305 2316 368 iNnouUM
2347 306 2509 369 ver.

3333 305 3471 374 1286

220 428 241 480 f
263 425 565 481 irtitudinis
604 427 658 480 in
697 425 999 479 amicorum
1046 435 1100 478 et
1146 424 1496 478 dominorum
1539 421 1798 491 periculis
1830 429 1870 482 Α
1902 419 2161 474 modum:
2205 421 2358 475 Paris
2401 419 2587 490 llagitii
2636 420 2894 476 videntur
2940 423 3020 475 rei
3069 422 3161 492 qui
3216 429 3472 492 mysteria

219 518 289 572 ab
329 518 518 586 aliquo
561 514 865 585 sperandae,
916 530 982 568 ex
1035 513 1283 583 ejusdem
1335 528 1434 584 pro
1479 528 1577 568 suo
1626 512 1798 581 ipsius

220 609 404 678 capite
437 607 740 664 certamine
778 606 919 663 sumi
960 607 1205 673 debere;
1243 621 1345 660 nec
1375 621 1560 676 regum
1600 620 1798 674 quem-

219 716 387 769 quam
453 710 797 769 exspcctare,
857 687 923 754 si
971 699 1196 769 quidem
1262 699 1438 767 sapiat
1478 736 1492 758 ,
1565 696 1797 750 militem

219 791 476 860 quemvis
535 807 695 846 suum
753 794 807 846 in
867 793 1006 858 acie,
1055 807 1150 845 sua
1202 807 1363 846 causa
1421 790 1504 844 vel
1553 789 1795 858 publica,

221 885 530 952 pugnacius
597 884 990 938 dimicaturum
1053 899 1215 952 quam
1289 883 1433 937 idem
1499 882 1672 937 soleat
1743 881 1796 934 in

219 974 611 1028 occasionibus
675 974 869 1028 salutis
925 975 1159 1042 propriee
1215 988 1244 1026 a
1304 971 1524 1026 casibus
1584 970 1796 1024 infestis

217 1064 578 1132 expediendae
616 1080 942 1135 repugnare.
991 1065 1280 1118 Tacuisses
1323 1079 1454 1132 ergo
1495 1061 1798 1118 consultius

218 1171 383 1222 quam
419 1155 519 1208 ista
567 1155 758 1210 insana
803 1155 1144 1224 professione
1179 1164 1284 1206 tuae
1307 1152 1798 1230 contemptissimae

221 1246 462 1311 inertiae,
507 1247 685 1314 palam
729 1254 875 1315 quod
933 1246 1136 1308 fecisti,
1191 1244 1544 1305 declarasses,
1598 1251 1648 1296 te
1694 1257 1797 1297 nec

212 1335 442 1389 fidelem
469 1337 774 1401 subditum,
801 1353 903 1391 nec
930 1337 1145 1390 ﬁrmum
1177 1336 1434 1394 amicum.
1470 1349 1571 1389 nec
1596 1334 1792 1389 fortem

216 1442 345 1480 esse
388 1427 640 1491 militem,
687 1428 934 1496 nihilque
976 1428 1197 1482 demum
1243 1427 1389 1479 aliud
1433 1441 1596 1495 quam
1639 1425 1792 1479 vilis-

218 1516 422 1570 simum
477 1518 816 1585 mancipium
861 1518 1208 1587 iniustissimi
1249 1531 1413 1586 atque
1461 1516 1793 1585 ignavissimi

218 1608 436 1672 livoris,
462 1625 571 1678 quo
601 1609 788 1662 eil'erri
822 1620 872 1662 te
916 1609 1193 1662 levissime
1229 1608 1304 1662 sis
1338 1622 1533 1676 passus
1569 1608 1622 1660 in
1653 1608 1793 1660 hanc

219 1700 704 1769 probrosissimam
726 1710 827 1754 tua.-
845 1700 1016 1769 ipsius
1032 1700 1429 1756 confessionem
1449 1699 1790 1769 ignominiae:

1901 528 2010 566 non
2044 512 2274 568 initiatis
2303 514 2512 582 vulgat,
2544 513 2842 569 muliebres
2869 528 3048 570 mores
3077 515 3158 569 vir
3187 517 3472 589 affectans,

1900 601 2100 656 mulier
2128 602 2305 658 virum
2338 602 2622 666 simulans,
2660 602 2862 672 hospes
2886 618 2945 658 se
2972 618 3071 674 pro
3102 603 3326 660 domino
3352 607 3474 675 ejus

1899 692 1954 748 in
1982 709 2086 761 qua
2115 693 2366 761 precario
2396 693 2725 759 diversatur,
2756 694 2953 750 domus
2981 695 3191 752 ferens:
3229 697 3472 768 denique

1899 784 1990 852 qui
2029 783 2138 853 regi
2173 783 2239 836 de
2277 783 2363 838 his
2399 785 2693 852 respondet
2735 785 2802 841 de
2843 786 3046 856 quibus
3083 803 3192 844 non
3225 789 3472 845 interro-

1898 883 2076 944 gatur.
2109 875 2258 929 Talia
2309 876 2640 945 garrientem
2673 893 2890 932 rursum
2926 879 3287 948 interpellans
3329 883 3472 952 regis

1898 974 2106 1021 mater:
2153 966 2285 1036 Age.
2352 970 2550 1038 inquit.
2595 969 2684 1024 his
2732 971 3010 1025 tralatitiis
3039 972 3178 1026 nihil
3231 972 3298 1026 ad
3351 989 3470 1029 rem

1895 1055 2225 1111 facientibus
2271 1059 2510 1123 omissis,
2553 1059 2643 1114 dic
2676 1060 2874 1127 ecquid
2909 1061 3134 1125 sentias,
3165 1064 3384 1131 quantis
3416 1075 3469 1118 te

1897 1145 2199 1199 sceleribus
2236 1148 2656 1216 inquinaveris?
2693 1150 2772 1206 Ad
2803 1166 2863 1204 ea
2900 1152 3239 1221 Vestigator:
3275 1154 3377 1219 Qui
3409 1169 3470 1209 se

1897 1235 2016 1288 istis
2035 1253 2154 1304 quae
2185 1238 2265 1292 ais
2299 1240 2600 1295 sceleribus
2623 1241 2897 1310 inquinat,
2933 1245 3138 1296 nemini
3166 1245 3467 1302 benevolus

1895 1331 1998 1387 est,
2047 1326 2248 1378 nullam
2300 1328 2638 1395 operationis
2674 1331 2919 1392 nefariae,
2958 1333 3022 1384 ad
3056 1349 3218 1401 quam
3253 1337 3464 1404 quaevis

1894 1412 2065 1467 libido
2118 1417 2418 1484 impulerit.
2477 1420 2656 1474 labem
2709 1432 3014 1478 aversatur.
3074 1425 3156 1478 Me
3204 1441 3298 1479 rex
3349 1427 3468 1495 ipse

1898 1499 2096 1558 fatetur
2131 1506 2239 1558 sibi
2292 1507 2618 1564 benevolum
2664 1510 2872 1565 fuisse:
2923 1512 3250 1568 innocentiae
3283 1527 3467 1570 autem

1895 1610 2027 1650 mea
2067 1609 2276 1652 exterae
2307 1609 2384 1654 tot
2435 1597 2602 1656 testes
2654 1602 2959 1658 habeantur
3008 1614 3144 1672 quot
3195 1617 3324 1659 sunt
3371 1608 3468 1676 qui

1894 1687 2032 1740 nihil
2063 1703 2148 1742 me
2191 1705 2351 1758 agere
2392 1691 2704 1760 improbum
2738 1693 3018 1748 viderunt.
3070 1696 3320 1752 Nondum
3350 1698 3468 1752 haec

219 1802 346 1860 post
383 1807 545 1858 quam
575 1791 800 1860 Spoliari
831 1791 1097 1845 continuo
1133 1806 1419 1845 merueras
1450 1791 1570 1846 istis
1601 1793 1788 1852 armis.

1896 1778 2224 1843 absolverat,
2247 1796 2368 1834 cum
2386 1785 2591 1852 regina,
2611 1785 2688 1838 Ne
2707 1801 2916 1854 speres,
2936 1786 3034 1851 ait,
3055 1788 3465 1853 scelestissime,

220 1882 345 1936 istis
391 1883 698 1952 insignibus
747 1882 994 1936 muneris
1035 1882 1262 1951 publici,
1306 1893 1360 1936 et
1390 1883 1460 1936 ab
1483 1881 1622 1937 «ostii
1657 1882 1790 1951 regii

219 1973 499 2034 custodia.
541 1974 629 2027 ubi
660 1975 839 2029 locum
873 1974 1120 2028 melioris
1153 1975 1408 2043 indignus
1436 1989 1694 2043 occupas,
1734 1983 1792 2027 ut

220 2067 453 2120 infidum
485 2076 650 2134 atque
676 2067 892 2121 imbelle
924 2082 1096 2136 pecus
1136 2067 1302 2136 abigi.
1337 2068 1482 2120 lctus
1511 2066 1792 2134 inOpinala

222 2157 656 2225 reprehensione
684 2158 865 2223 miles,
902 2167 1226 2213 cunctorum
1269 2159 1382 2226 jam
1411 2157 1587 2212 oculis
1613 2158 1790 2226 ipsum

224 2247 540 2317 ligentibus,
603 2249 800 2318 plenus
847 2251 1114 2304 dedecore
1159 2251 1386 2305 recessit
1436 2249 1787 2304 erubescens.

222 2338 457 2405 Quando
541 2341 875 2396 exsultantis
941 2357 1052 2396 suae
1117 2342 1475 2411 impudentiae
1533 2357 1790 2396 successu

222 2430 586 2500 Vestigatoris
635 2432 933 2486 retundere
987 2431 1374 2486 confidentiam
1427 2431 1570 2499 regis
1617 2440 1793 2484 mater

221 2521 440 2586 volens,
470 2522 638 2577 Miror
671 2531 840 2587 tuam,
864 2522 1064 2591 inquit.
1089 2538 1122 2576 ο
1144 2522 1475 2591 Vestigator,
1502 2521 1790 2575 ell‘rontem

222 2613 514 2667 audaciam
545 2653 560 2676 ,
601 2629 707 2683 qua
759 2622 908 2667 totus
951 2615 1222 2668 conflatus
1271 2629 1339 2668 ex
1382 2615 1610 2675 scelere,
1679 2629 1790 2667 non

223 2702 449 2757 dubitas
476 2705 602 2758 huic
623 2704 1030 2773 sapientissimo
1061 2707 1367 2766 consessui,
1392 2717 1444 2760 te
1466 2721 1565 2773 pro
1590 2704 1791 2759 insonti

225 2793 586 2859 venditando,
625 2794 808 2848 fucum
856 2795 1330 2864 impudentissime
1367 2795 1546 2848 facere
1578 2794 1787 2850 conari.

220 2886 301 2938 Ne
349 2886 451 2939 hoc
496 2885 717 2954 quidem
762 2895 870 2940 tam
917 2902 1041 2941 acre
1086 2896 1248 2940 tanta:
1296 2902 1544 2956 persona:
1583 2885 1789 2940 dictum

221 2977 571 3040 conturbavit
632 2985 883 3046 argutum
944 2977 1294 3040 nebulonem,
1356 2986 1416 3029 ut
1468 2991 1576 3029 non
1605 2977 1788 3030 statim

223 3067 497 3136 intrepide
544 3076 878 3136 reponeret:
918 3070 1107 3124 Altero
1146 3069 1424 3133 nimirum,
1470 3086 1503 3122 ο
1545 3069 1784 3132 domina,
1817 3092 1859 3148 ρ

223 3174 309 3212 me
380 3159 681 3213 etiamnum
755 3161 988 3214 intueris
1058 3160 1238 3222 oculo,
1286 3159 1386 3213 .eui
1457 3159 1788 3212 calumniosa

221 3252 543 3320 pra-judicia
578 3253 877 3320 grassantis
915 3257 968 3305 in
1011 3262 1258 3305 nostrum
1289 3251 1515 3304 exitium
1548 3250 1786 3313 invidiae,

220 3346 510 3414 caliginem
538 3344 870 3400 offuderunt.
902 3345 980 3398 Tu
1005 3359 1136 3398 vero
1161 3344 1305 3406 vide,
1336 3359 1402 3397 an
1429 3360 1534 3398 non
1566 3345 1788 3413 dignum

222 3437 409 3503 potius
447 3435 613 3489 fuerit
656 3437 760 3490 ista
799 3435 979 3494 aetatis
1019 3444 1075 3488 et
1109 3434 1412 3490 nobilitatis
1442 3437 1786 3498 auctoritate,

221 3528 652 3595 periclitantium
722 3528 907 3580 causis
974 3534 1142 3582 totam
1210 3539 1266 3580 et
1331 3528 1557 3582 liberam
1622 3509 1790 3596 aequa).

222 3620 424 3673 mentis
465 3619 635 3672 aciem
655 3618 966 3680 advertere,
1004 3618 1538 3686 circumspicereque
1568 3633 1786 3672 omnem

222 3709 278 3763 in
325 3720 532 3778 partem
583 3719 802 3773 cuneta,
833 3724 898 3766 ac
943 3710 1152 3763 nullum
1200 3710 1484 3778 vestigium
1518 3710 1790 3780 negligere

224 3801 542 3870 indagandae
604 3802 888 3858 veritatis:
951 3802 1062 3863 rei,
1121 3803 1258 3856 heu!
1319 3801 1482 3855 hodie
1545 3803 1789 3856 omnium

221 3894 578 3953 exusissimze,
617 3909 778 3962 quam
831 3904 888 3949 ut
931 3894 1176 3962 impune.
1217 3894 1297 3948 sic
1335 3893 1557 3961 passim,
1599 3908 1790 3946 omnes

221 3993 576 4046 aversantur,
601 3984 986 4038 omncsiibere
1011 3993 1344 4054 oppugnant;
1371 3985 1618 4054 rege,qui
1651 3999 1792 4038 unus

223 4089 409 4146 posset
433 4079 722 4141 obsistere,
757 4079 1109 4142 connivente,
1130 4079 1258 4131 dum
1293 4093 1404 4146 prae
1423 4077 1588 4130 nimia
1620 4077 1790 4130 facili-

223 4178 330 4223 tate
363 4183 428 4223 ac
473 4169 820 4238 benignitatis
851 4169 1186 4224 ostentandae
1229 4168 1432 4232 studio,
1473 4169 1681 4221 nullum
1733 4169 1789 4222 in

221 4260 422 4312 malum
459 4275 688 4328 pronum
733 4260 1120 4315 comminando
1168 4259 1470 4323 deterrere,
1513 4262 1787 4314 neminem

218 4361 562 4420 compertum
585 4351 816 4420 neglecti
839 4345 1012 4406 'ollicii
1034 4353 1298 4420 castigare
1314 4350 1653 4420 obiurgando
1675 4366 1793 4404 sus-

1896 1878 1946 1920 te
1979 1869 2079 1922 hac
2115 1869 2450 1938 impudentia
2487 1876 2928 1932 mendacissimze
2971 1877 3310 1935 defensionis
3348 1883 3463 1934 veri

1888 1959 2080 2029 judicii
2119 1963 2468 2018 severitatem
2500 1966 2804 2020 elusurum.
2838 1968 2916 2022 Ad
2948 1968 3051 2022 hoc
3075 1969 3236 2024 solita
3272 1971 3467 2040 lingua:

1894 2053 2326 2121 promptituiline
2409 2058 2654 2125 reposuit
2711 2059 3062 2128 VeSIigator,
3141 2059 3244 2126 Qui
3329 2061 3466 2118 fair.)

1894 2145 2408 2210 connuiniscuntur,
2467 2150 2559 2218 qui
2613 2149 2850 2204 scientes
2899 2151 2968 2204 ab
3027 2167 3184 2219 aequo
3238 2159 3294 2206 et
3340 2154 3464 2222 jure

1893 2235 2192 2297 declinant.
2263 2241 2463 2308 quibus
2549 2242 2616 2294 ad
2699 2242 3044 2311 purgandum
3114 2244 3464 2300 innocentem

1893 2325 2129 2392 impacto
2187 2342 2284 2394 per
2333 2329 2664 2384 calumniam
2721 2332 2952 2386 crimine
3002 2347 3103 2386 nec
3148 2333 3315 2390 verba
3363 2350 3468 2389 nec

1893 2429 2057 2482 opera
2095 2415 2392 2477 sulliciunt.
2430 2419 2576 2486 paris
2610 2433 2802 2473 omnes
2853 2419 3136 2489 injustitite
3187 2430 3464 2477 tenentur.

1892 2506 2040 2559 lnter
2077 2507 2459 2581 lizeclprudens
2495 2510 2677 2580 regina
2705 2510 2868 2566 silere
2911 2511 3126 2566 leonem
3150 2514 3380 2580 videns,
3411 2527 3470 2570 et

1893 2599 2091 2651 merito
2123 2603 2292 2654 verita
2334 2616 2400 2654 ne
2429 2601 2702 2670 perfrictae
2741 2601 2960 2666 frontis,
2985 2605 3272 2671 pnescntis
3296 2606 3467 2660 animi

1892 2700 1944 2744 et
1973 2692 2152 2744 multae
2173 2693 2385 2746 astutiae
2405 2694 2606 2748 nebulo
2633 2694 2817 2748 fucum
2847 2696 2920 2749 illi
2949 2697 3171 2756 faceret.
3199 2696 3467 2750 accedens

1894 2781 2004 2835 lilio
2042 2783 2094 2835 in
2133 2798 2322 2838 aurem
2353 2793 2596 2838 materna
2643 2786 2968 2840 auctoritate
3007 2787 3297 2856 suggessit,
3344 2788 3462 2842 fieri

1892 2886 2053 2940 posse
2084 2882 2140 2925 ut
2173 2876 2264 2942 qui
2314 2883 2420 2928 tam
2456 2886 2775 2930 constanter
2803 2891 2986 2930 coram
3022 2893 3146 2948 rege
3179 2893 3243 2932 ac
3268 2889 3464 2933 senatu

1893 2979 1993 3031 pro
2017 2979 2075 3017 se
2107 2965 2288 3018 dicere
2314 2967 2562 3027 auderet.
2585 2981 2776 3020 revera
2807 2967 3073 3023 innocens
3099 2979 3262 3034 esset,
3291 2983 3464 3039 quare

1891 3055 2066 3109 videri
2097 3056 2417 3110 sumendum
2440 3059 2676 3126 spatium
2700 3058 3078 3112 examinandis
3106 3061 3458 3114 testimoniis.

1897 3147 1975 3200 Eo
2015 3163 2111 3200 rex
2157 3147 2344 3200 audito
2396 3149 2570 3216 palam
2619 3149 3012 3216 pronuntiavit,
3058 3149 3254 3218 jubere
3297 3165 3356 3204 se
3403 3151 3463 3205 in

1897 3238 2183 3306 praesentia
2251 3237 2646 3306 Vestigatoreta
2724 3237 2988 3292 custodite
3077 3238 3241 3305 tradi,
3284 3239 3463 3295 donec

1896 3338 2150 3382 accurate
2180 3338 2289 3382 tota
2350 3345 2513 3383 causa
2577 3341 2958 3398 cognoscatur.
3020 3329 3281 3400 Conjccto
3337 3346 3464 3384 mox

1897 3435 1993 3474 reo
2027 3423 2077 3474 in
2103 3437 2402 3484 carcerem,
2433 3422 2569 3476 adiit
2593 3423 2802 3476 leonem
2833 3429 3027 3486 mater,
3052 3433 3106 3476 et
3133 3423 3185 3477 ei
3209 3423 3462 3479 confessa

1895 3520 1980 3565 est
2011 3527 2070 3566 se
2101 3527 2221 3580 qua:
2254 3515 2319 3565 de
2355 3511 2689 3580 Vestigatore
2739 3513 3034 3571 detulerat.
3087 3529 3150 3566 ex
3199 3513 3461 3584 leopardu

1898 3611 2034 3656 teste
2063 3603 2242 3656 aurito
2271 3603 2594 3672 cognovisse
2622 3619 2637 3667 ;
2687 3603 2853 3670 hujus
2903 3603 3150 3672 probitas
3189 3620 3352 3672 quam
3382 3607 3458 3658 illi

1895 3703 2040 3748 esset
2065 3703 2348 3762 perspecta
2379 3693 2521 3746 scire
2551 3708 2692 3755 sese,
2723 3707 2880 3761 posse
2917 3693 3069 3746 illum
3103 3693 3456 3764 interrogari,

1895 3797 2094 3840 cuncta
2120 3786 2430 3839 distinctius
2469 3785 2857 3840 indicaturum.
2886 3784 2970 3838 Ad
3014 3801 3078 3838 ea
3106 3787 3216 3849 leo,
3252 3784 3458 3840 Secura

1895 3881 1990 3940 sis.
2037 3887 2231 3935 mater.
2278 3878 2388 3942 ait;
2439 3877 2548 3931 cito
2579 3876 2993 3945 vidcbisjudicc
3022 3891 3108 3931 me
3156 3892 3266 3931 non
3303 3876 3458 3933 abire
3489 3861 3502 3874 ’

1895 3971 2163 4038 impunita
2194 3967 2421 4020 scelera.

1970 4061 2052 4114 ιγ.
2147 4057 2316 4112 Nocte
2396 4059 2638 4128 insecuta
2724 4057 2980 4111 convenit
3064 4057 3458 4128 Vestigatorem

1893 4151 2218 4212 Coronatus,
2273 4159 2327 4202 et
2379 4150 2618 4202 vinctum
2680 4164 2802 4202 eum
2860 4163 3110 4210 cernens,
3169 4164 3281 4203 non
3337 4154 3459 4206 sine

1893 4242 2170 4312 lar-rymis,
2246 4241 2561 4294 Evenerunt
2627 4255 2843 4308 nempe,
2918 4240 3115 4308 inquit,
3175 4256 3297 4310 qua:
3358 4243 3460 4296 tibi

1895 4336 2276 4404 praedixeram.
2355 4334 2436 4387 Tu
2505 4343 2707 4398 autem,
2779 4346 2922 4385 caeco
2988 4331 3065 4384 tui
3130 4347 3317 4386 amore
3391 4347 3460 4386 ac

220 4443 375 4493 tinet.
399 4440 506 4493 llac
531 4439 884 4508 Vestigatoris
907 4440 1157 4494 libertate
1195 4439 1406 4493 irritata
1441 4441 1699 4507 majorem
1732 4443 1786 4494 in

1894 4426 2226 4496 [raetidentia
2274 4426 2471 4488 elatus,
2520 4425 2916 4478 contemnebas
2963 4439 3096 4478 sana
3141 4425 3368 4490 monita,
3397 4433 3456 4478 et

221 4531 441 4584 modum
477 4530 834 4598 regismater.
878 4530 1088 4590 Videte,
1128 4529 1325 4597 inquit,
1367 4529 1471 4584 hoc
1514 4531 1784 4598 nequissi-

219 4634 368 4672 mum
383 4628 437 4672 et
450 4618 928 4671 sceleratissimum
944 4617 1448 4684 caput,utomnium
1459 4616 1784 4686 ﬂagitiorum

216 4709 556 4762 deformatus
587 4707 814 4762 maculis
845 4716 899 4760 et
944 4708 1394 4777 gravissimorum
1432 4716 1642 4761 tantum
1675 4723 1785 4761 non

217 4800 506 4853 convictus
555 4798 872 4854 criminum.
925 4806 1104 4852 tamen
1151 4798 1315 4850 audet
1358 4796 1518 4850 istam
1565 4797 1787 4850 menda-

216 4890 432 4942 ciorum
493 4887 758 4942 artificem
815 4889 1051 4957 linguam
1101 4903 1378 4950 exserere,
1410 4903 1513 4941 nec
1573 4887 1787 4941 dubitat

217 4993 667 5051 argumentorum
714 4979 981 5041 inanium,
1026 4988 1120 5034 aut
1165 4979 1348 5047 potius
1387 4978 1784 5047 sophismatum

218 5073 646 5128 vanissimnrum
677 5111 692 5135 ,
758 5070 1172 5138 captiosissimis
1233 5068 1441 5138 laqueis
1509 5069 1785 5137 implicare

218 5165 408 5220 conari
481 5162 802 5225 veritatem,
865 5177 932 5214 eo
1003 5177 1209 5224 usque,
1279 5169 1337 5214 ut
1399 5176 1524 5218 cum
1587 5161 1785 5229 injuria

219 5254 550 5310 intolerabili
592 5263 672 5307 tot
714 5253 1021 5322 sapientum
1071 5253 1159 5307 hic
1198 5251 1570 5319 praesentium,
1607 5266 1664 5305 se
1701 5251 1787 5305 his

219 5346 510 5418 prxstigiis
543 5354 727 5413 speret
771 5359 833 5398 os
866 5344 1140 5398 sublinere
1170 5343 1427 5396 omnibus
1457 5357 1636 5411 posse.
1667 5342 1786 5395 Non

220 5440 431 5492 inultus
477 5437 617 5491 hanc
663 5445 770 5489 tam
817 5450 1055 5487 amaram
1111 5435 1540 5502 increpatiouem
1579 5433 1786 5486 ardelio

219 5529 660 5599 improbissimus
685 5527 917 5580 audivit.
945 5526 1046 5578 Per
1073 5525 1328 5594 ambages
1351 5525 1497 5578 enim
1525 5527 1784 5594 quasdam

218 5621 440 5688 oblique.
459 5617 828 5688 perstringens
849 5617 1111 5685 reginam.
1135 5616 1482 5686 generalibus
1499 5618 1785 5672 sententiis

218 5711 622 5776 declamandis,
687 5707 979 5764 audientiae
1045 5705 1213 5759 illusit
1280 5705 1332 5757 in
1404 5705 1549 5758 hunc
1613 5705 1784 5762 ferme

1892 4519 2352 4580 denuntiationes,
2369 4533 2490 4587 qua:
2506 4532 2668 4584 quam
2687 4532 2828 4569 verae
2845 4515 3049 4569 fuerint
3078 4530 3202 4569 sero
3218 4516 3456 4586 denique

1890 4625 2039 4666 nunc
2065 4610 2252 4664 sentis.
2280 4608 2587 4676 Respondit
2608 4607 2944 4675 V’cstigator:
2968 4607 3105 4662 Vera
3131 4607 3456 4686 exprobras,

1890 4701 2026 4753 nihil
2085 4701 2181 4754 tibi
2235 4701 2510 4764 relictum,
2579 4715 2612 4752 ο
2679 4700 2873 4762 amice,
2929 4709 3054 4763 est;
3120 4698 3457 4752 admonuisti

1891 4796 2068 4858 utilia,
2134 4795 2521 4848 interminatus
2574 4809 2634 4846 es
2693 4809 2838 4846 vera.
2911 4794 3024 4862 Ego
3091 4802 3274 4845 autem
3341 4807 3460 4844 norr

1891 4885 2262 4954 obtemperavi
2337 4885 2455 4946 tibi.
2502 4883 2844 4953 inexplebilis
2889 4883 3207 4952 cupiditatis
3242 4881 3457 4934 insania

1891 4979 2058 5032 miser
2100 4979 2474 5032 dementatus.
2527 4977 2722 5030 Passus
2767 4975 2910 5029 enim
2945 4989 3070 5028 sum
3117 4974 3258 5027 idem
3307 4975 3455 5042 quod

1891 5071 2316 5138 intemperantes
2357 5068 2505 5138 aegri,
2557 5067 2649 5136 qui
2697 5067 2830 5120 licet
2875 5066 3106 5134 experti.
3152 5065 3303 5135 gravi
3347 5082 3459 5119 suo

1891 5159 2110 5221 damno,
2143 5160 2251 5211 vim
2294 5158 2591 5211 meleﬁcam
2640 5155 2934 5210 insalubris
2967 5155 3097 5217 cibi,
3127 5164 3304 5208 tamen
3335 5156 3460 5226 ejus

1891 5249 2200 5304 malesuada
2229 5248 2356 5302 victi
2391 5249 2702 5308 dulcedine,
2745 5263 2853 5301 non
2883 5263 2940 5301 se
2970 5248 3252 5300 continent
3287 5246 3353 5300 ab
3385 5263 3462 5299 eo

1893 5341 2242 5411 regustando.
2306 5341 2388 5393 Me
2461 5356 2590 5393 vero
2657 5356 2805 5393 nunc
2881 5342 2932 5393 in
3005 5340 3102 5393 bas
3171 5341 3461 5406 angustias

1891 5435 2172 5488 redactum
2227 5448 2335 5486 non
2398 5446 2516 5487 mea
2587 5433 2809 5494 solum,
2875 5448 3033 5501 quam
3098 5431 3255 5499 culpa
3315 5431 3457 5485 mihi

1892 5525 2157 5579 accersivi
2219 5525 2464 5592 propria,
2534 5525 2816 5578 calamitas
2871 5523 3038 5591 angit,
3111 5522 3204 5576 sed
3270 5532 3461 5576 metus-

1892 5628 2155 5683 pr.eterca
2187 5615 2477 5668 conturbat
2525 5614 2592 5668 de
2631 5625 2704 5678 te,
2750 5630 2816 5668 ne
2861 5615 3121 5667 innocens
3155 5611 3460 5665 involvat-is

1895 5723 2016 5762 meo
2066 5706 2314 5762 crimine.
2370 5706 2609 5760 Pronum
2669 5707 2815 5761 enim
2873 5706 3016 5759 factu
3075 5714 3180 5772 est,
3231 5713 3464 5774 pruptul
