4016 6534
551 297 687 364 Ῐὲὃῖ

1946 299 2360 360 ΑΡΡΕἪΧΧ.

3673 312 3801 376 1338

551 427 734 469 notam
784 415 928 470 inter
977 432 1075 470 nos
1115 416 1438 476 amicitiam.
1480 425 1540 470 ut
1583 417 1674 487 qni
1721 432 1806 471 me
1855 416 2126 485 perditum
2160 425 2201 474 Α
2232 412 2580 467 excruciatur
2603 415 2723 485 ejus
2751 417 2988 482 animus,
3016 433 3116 474 nec
3137 419 3339 488 quietis
3363 435 3562 490 capere
3596 437 3801 493 partem

549 509 802 578 cupiunt,
853 523 917 563 ex
965 518 1016 564 te
1067 525 1248 562 rerum
1297 508 1546 563 omnium
1581 509 1804 564 conscio
1853 523 2126 566 mearum,

551 600 929 657 testimonium
1002 612 1274 656 conentur
1333 610 1685 669 extorquere,
1750 614 1813 655 ac
1873 609 1962 653 tua
2023 600 2127 652 fide

551 694 840 763 cupiditati
873 708 1065 748 eorum
1100 709 1208 747 non
1241 693 1604 763 obsequente,
1655 702 1763 745 tam
1797 691 1934 745 diris
1975 707 2041 744 ex
2077 701 2126 744 te

552 785 950 854 quaestionibus
1001 786 1147 855 quod
1237 801 1324 841 me
1365 795 1573 855 'gravet
1643 784 1884 848 eliciant,
1957 793 2015 834 nt
2070 792 2124 834 tu

553 875 893 930 cruciatibus
969 884 1366 930 tormentorum
1425 887 1676 940 euectus,
1746 890 1846 943 ego
1909 873 2128 928 indiciis

550 971 824 1036 e\prcssis
903 968 1206 1038 quiestione
1285 967 1602 1032 convictus,
1679 969 1882 1035 pariter
1964 965 2127 1020 ambo

553 1075 862 1127 portamus.
913 1061 1225 1130 Respondit
1282 1059 1631 1114 Coronatus:
1702 1058 1816 1115 lloc
1850 1059 2025 1129 ipsum
2073 1067 2129 1112 et

549 1166 650 1219 ego
703 1150 919 1220 providi
968 1152 1236 1216 futurum,
1272 1158 1329 1205 et
1375 1160 1560 1204 metuo
1609 1165 1724 1204 non
1774 1150 1945 1217 magis
1993 1149 2126 1204 mihi

552 1257 715 1308 quam
768 1242 891 1298 tibi.
956 1243 1012 1298 Si
1047 1244 1195 1298 enim
1249 1243 1432 1296 alieno
1469 1241 1784 1296 testimonio
1819 1240 2124 1301 convictus,

552 1341 842 1386 contumax
871 1342 925 1388 et
982 1333 1333 1402 impmnitens
1386 1341 1562 1386 morte
1609 1331 1886 1396 aﬂiciaris,
1934 1331 2042 1386 scis
2077 1341 2127 1386 te

552 1424 619 1476 ad
665 1423 843 1477 dirius
892 1423 1040 1478 aliud
1095 1423 1232 1476 trahi
1273 1421 1529 1481 tribunal.
1583 1437 1613 1475 a
1664 1437 1772 1492 quo
1815 1421 2127 1490 iuexpiatus

552 1515 947 1583 deprehensus,
1022 1512 1374 1582 sempiternis
1452 1511 1722 1566 addiceris
1794 1510 2123 1580 suppliciis;

551 1619 672 1672 quas
728 1619 852 1657 cum
886 1612 1226 1657 commutare
1295 1601 1557 1656 brevibus
1617 1601 1779 1672 hujus
1844 1599 2124 1668 temporis,

552 1695 729 1763 pinnis
783 1696 926 1748 ultro
976 1693 1281 1748 subeundis
1309 1691 1490 1747 adhuc
1525 1693 1722 1762 possis,
1761 1706 1994 1761 suggero
2028 1691 2124 1744 tibi

554 1787 656 1840 hoc
707 1787 962 1841 ultimum
1003 1794 1059 1841 et
1112 1801 1209 1856 pro
1259 1793 1403 1840 statu
1458 1800 1642 1839 rerum
1699 1792 1914 1838 tuarum
1963 1784 2124 1838 unice

561 1880 695 1933 utile
727 1880 1040 1945 consilium,
1062 1889 1123 1932 ut
1145 1886 1341 1948 sponte
1365 1877 1679 1934 caiiﬁtearis
1705 1891 1827 1946 quae
1852 1876 2086 1945 peccaSti
2109 1893 2121 1940 ;

550 1987 612 2025 ac
670 1972 738 2036 si,
802 1973 950 2041 quod
1013 1986 1234 2041 sperare
1287 1971 1418 2025 licet
1471 1986 1502 2024 e
1563 1969 1705 2040 regis
1768 1969 2124 2038 benignitate,

549 2063 779 2131 gratiam
838 2063 1092 2132 supplicii
1133 2061 1504 2127 nanciscaris,
1535 2063 1702 2116 vitam
1763 2060 2122 2119 condonatam

549 2158 702 2210 lucro
763 2155 1037 2224 imputes;
1099 2154 1182 2208 sin
1240 2156 1357 2224 lege
1417 2153 1472 2208 in
1535 2165 1586 2208 te
1643 2161 1851 2224 agetur,
1910 2152 2126 2221 piaculo

550 2246 861 2299 voluntarie
892 2253 1149 2314 suscepto
1203 2261 1375 2314 [)(L'Ita:
1442 2243 1785 2314 temporariae
1842 2253 2124 2313 purgatus,

548 2349 881 2392 aeternorum
961 2337 1105 2406 apud
1188 2352 1376 2390 manes
1455 2337 1800 2390 cruciatunm
1881 2334 2126 2404 periculo

548 2430 887 2501 defungaris.
942 2430 1065 2485 llaec
1109 2431 1414 2503 Vestigator
1469 2431 1718 2496 audiens,
1767 2442 1824 2486 et
1865 2431 2026 2487 solita
2067 2447 2124 2485 se

549 2523 852 2576 obfirmans
872 2523 1141 2577 adversus
1164 2539 1295 2577 sana
1323 2523 1528 2576 monita
1547 2523 1773 2586 duritie,
1801 2523 2120 2592 respondit:

549 2616 803 2669 Nondum
849 2613 923 2668 ita
971 2614 1258 2684 desperata
1290 2630 1408 2670 mea
1445 2629 1608 2669 causa
1641 2626 1748 2676 est,
1794 2624 1852 2669 ut
1880 2615 1946 2669 ad
1979 2615 2120 2668 istud

547 2717 859 2761 extremum
893 2707 1342 2762 descendendum
1377 2707 1508 2761 mihi
1540 2707 1834 2762 consilium
1859 2707 2120 2776 judicem.

553 2797 815 2866 Eriperiar
869 2797 1023 2867 prius
1073 2798 1322 2867 quaedam
1381 2798 1506 2862 alia,
1577 2812 1868 2866 morasque
1926 2797 2124 2865 quibus

553 2899 746 2954 potero
780 2886 992 2940 artibus
1024 2887 1322 2952 obducam,
1354 2887 1398 2941 si
1430 2887 1572 2940 forte
1605 2885 1917 2956 insperatis,
1975 2895 2031 2938 ut
2069 2885 2126 2939 fit

555 2978 858 3039 interdum,
891 2980 1224 3045 {momentis
1279 2993 1343 3032 ac
1395 2978 1615 3032 casibus
1675 2978 1892 3031 fortuna
1933 2977 2123 3046 juiieii

555 3071 959 3140 prosperiorem
1046 3070 1100 3124 in
1180 3069 1389 3124 exitum
1465 3077 1627 3138 queat
1703 3082 1950 3136 vergere.
2031 3067 2172 3154 liis(

552 3163 862 3216 Coronatus
913 3163 1140 3226 auditis,
1189 3164 1476 3231 desperata
1529 3160 1814 3216 curatione
1857 3161 2119 3213 obstinati

555 3253 746 3317 animi,
779 3253 1008 3306 recessit
1036 3252 1388 3306 acerbissime
1423 3251 1636 3316 dolens,
1671 3261 1726 3306 et
1768 3260 1922 3305 certe
1963 3249 2122 3304 amici

551 3343 746 3409 exitio,
797 3353 854 3397 et
898 3359 998 3398 Stto
1032 3343 1206 3412 ipsius
1233 3343 1556 3412 gravissimo
1607 3343 1851 3412 periculo
1879 3360 1890 3395 :
1922 3341 2125 3411 quippe

552 3436 650 3506 qui
706 3438 1216 3505 perspectissimum
1274 3434 1519 3497 haberet,
1579 3434 1740 3488 vitari
1800 3449 1906 3488 non
1966 3447 2124 3502 posse

553 3529 690 3597 quin
738 3537 1125 3598 perseverante
1173 3530 1226 3582 in
1272 3527 1523 3582 criminis
1573 3527 1905 3581 inficiatione
1951 3527 2126 3580 Vesti-

552 3631 764 3692 gatore,
837 3623 974 3690 ipse,
1053 3636 1216 3690 quem
1284 3635 1477 3674 omnes
1535 3619 1586 3674 ei
1641 3619 2122 3674 familiarissimum

555 3715 781 3778 scirent,
835 3722 930 3767 aut
997 3712 1288 3782 quaestioni
1350 3711 1740 3780 subjiceretur,
1807 3719 1903 3765 aut
1977 3709 2126 3763 velut

553 3806 812 3860 conscius
844 3815 900 3859 et
936 3806 1212 3874 particeps
1253 3805 1482 3859 sceleris
1525 3804 1792 3873 ejusdem,
1840 3801 1956 3871 pari
2000 3817 2124 3854 cum

558 3899 653 3952 ilio
697 3897 1032 3951 damnationi
1085 3898 1490 3951 succumberet.
1545 3894 1669 3950 Haec
1713 3908 1846 3963 ergo
1889 3895 2128 3947 maestis-

553 3989 731 4043 simus
783 3997 1063 4055 reputans,
1117 3997 1172 4040 et
1221 3995 1489 4055 pertaasus
1537 3985 1681 4048 vitae,
1735 3983 1934 4036 hausto
1983 3982 2125 4034 ultro

558 4094 771 4133 veneno
799 4079 996 4132 eﬂlavit
1025 4078 1284 4131 animam.

634 4168 694 4223 V.
757 4167 1031 4221 Postridie
1080 4169 1234 4238 jussu
1276 4167 1422 4235 regis
1447 4179 1546 4234 pro
1604 4163 1870 4217 tribunali
1925 4171 2127 4232 praeter

557 4259 723 4323 sedit,
767 4257 1139 4313 assidentibus
1172 4256 1459 4328 judicibus
1511 4256 1761 4310 delectis.
1811 4254 2018 4309 Eodem
2073 4262 2128 4307 et

557 4353 853 4422 leopardus
868 4353 1034 4406 venit.
1056 4350 1387 4404 Concessum
1407 4349 1574 4403 densa
1591 4363 1791 4404 corona
1810 4348 2127 4402 circumsu-

2233 503 2394 558 ultam
2429 505 2589 566 valet,
2624 508 2800 576 quoad
2828 509 3280 564 calumniatorem
3331 513 3803 580 scelestissimum,

2229 598 2386 666 cujus
2414 597 2626 653 artibus
2668 600 2890 656 nefariis
2938 601 2992 654 in
3043 616 3164 655 eam
3205 602 3455 660 fraudem
3497 607 3804 677 implicatus

2229 695 2332 752 est,
2355 688 2531 756 poenis
2565 691 2777 745 meritis
2817 691 3136 761 snbjecerit.
3163 694 3343 760 Quare
3363 697 3532 766 agite,
3558 698 3804 754 conferte

2230 780 2283 831 iu
2318 781 2421 833 hoc
2457 795 2679 849 cperam
2719 792 2775 836 et
2805 783 3120 852 reipublicae
3161 796 3217 840 et
3263 789 3395 857 regi,
3452 798 3511 841 ut
3545 791 3654 843 rite
3685 807 3805 845 rens

2230 868 2415 936 peragi
2447 869 2691 937 legitimo
2716 871 2943 941 judicio,
2980 883 3254 928 veterator
3302 879 3681 946 nequissimus
3709 881 3803 934 iste

2231 959 2536 1028 Vi’i-stigator
2562 963 2749 1029 possit.
2781 964 3048 1036 Pernegat
3067 967 3216 1021 enim
3241 967 3440 1024 factum
3465 986 3577 1025 non
3605 973 3800 1025 minori

2231 1049 2534 1118 pervicacia
2563 1068 2727 1120 quam
2753 1065 2956 1123 quanta
2985 1057 3105 1126 ejus
3125 1057 3230 1111 fuit
3259 1059 3314 1113 in
3338 1075 3406 1115 eo
3428 1066 3802 1132 perpetrando

2231 1140 2476 1208 perﬁdia.
2519 1143 2624 1198 Sed
2658 1145 3003 1215 impudentia
3050 1150 3342 1205 nebulonis
3393 1155 3624 1222 perditi,
3656 1158 3805 1210 testi-

2233 1235 2434 1287 moniis
2469 1237 2716 1290 convicta
2741 1241 3112 1306 consciorum,
3161 1243 3396 1298 illudere
3425 1243 3640 1300 diutius
3681 1248 3800 1302 fidei

2237 1326 2468 1393 publica:
2507 1329 2912 1398 prohibebitur.
2947 1332 3167 1387 Promat
3215 1333 3376 1389 modo
3408 1336 3584 1392 libere
3639 1354 3805 1391 unus-

2228 1419 2462 1488 quisque
2503 1430 2742 1475 vestrum
2797 1423 2945 1493 quod
3002 1425 3069 1480 de
3101 1427 3196 1480 illo
3251 1430 3425 1493 novit,
3447 1428 3802 1498 respondebit

2227 1526 2324 1578 pro
2364 1527 2422 1565 se
2472 1527 2597 1566 reus
2630 1529 2871 1583 praesens
2899 1518 3046 1586 quod
3095 1519 3396 1574 videbitur.
3441 1520 3798 1586 Quaesitort's.

2226 1602 2441 1656 cunctis
2458 1604 2720 1674 utrinque
2737 1606 2961 1673 auditis,
2981 1609 3416 1675 arbitrabuntur;
3437 1612 3518 1666 sic
3531 1611 3798 1680 judicium

2231 1694 2334 1748 rite
2391 1703 2558 1765 atque
2614 1697 2835 1764 ordine,
2866 1701 3012 1769 quod
3080 1718 3179 1756 rex
3231 1703 3556 1758 nominatim
3616 1704 3798 1773 jussit,

2228 1787 2595 1840 exercebitur.
2642 1787 2918 1858 Leopardi
2977 1793 3281 1847 orationem
3331 1794 3548 1862 excepit
3591 1793 3802 1846 arbiter

2228 1877 2554 1944 quaestionis
2575 1889 2776 1947 praeter
2798 1881 2852 1934 in
2884 1882 2998 1936 haec
3033 1884 3237 1938 verba:
3269 1882 3800 1938 Convenientissime

2225 1969 2332 2038 jnri
2361 1984 2423 2024 ac
2453 1971 2593 2025 mori
2634 1974 2900 2042 majorum
2930 1990 2985 2029 et
3013 1975 3098 2030 leo
3120 1978 3396 2046 prmeepit,
3427 1984 3484 2031 et
3510 1974 3802 2044 leopardus

2229 2065 2526 2129 peroravit.
2587 2063 2742 2128 Quod
2807 2076 3110 2135 superest,
3171 2075 3454 2132 vestrum,
3530 2074 3803 2136 quotquot

2228 2153 2452 2216 adestis,
2486 2156 2866 2224 unusquisque
2910 2172 2968 2210 se
3017 2158 3258 2228 aecingat
3303 2159 3368 2212 ad
3409 2157 3802 2228 proferendum

2229 2260 2438 2298 summa
2492 2247 2596 2300 title
2647 2250 2875 2318 parique
2927 2250 3182 2304 libertate
3215 2251 3360 2320 quod
3390 2253 3456 2306 de
3492 2253 3596 2306 hac
3639 2267 3798 2305 causa

2229 2335 2404 2405 deque
2423 2337 2764 2408 Vestigatore
2781 2350 3126 2409 compertum
3149 2343 3328 2397 habet.
3355 2343 3798 2410 Cooperabimini

2233 2425 2334 2479 hoc
2358 2427 2570 2496 agendo
2601 2428 2684 2481 vel
2725 2429 2958 2482 maxime
3005 2431 3278 2484 communi
3309 2431 3555 2496 utilitati;
3585 2431 3799 2499 publice

2227 2517 2429 2584 quippe
2485 2515 2715 2569 interest
2767 2534 2876 2572 non
2910 2520 3136 2589 impune
3161 2522 3314 2577 abire
3354 2522 3680 2584 sceleratos,
3737 2538 3798 2574 ne

2228 2606 2404 2660 securi
2428 2607 2742 2662 severitatis
2765 2608 2944 2676 legum
2975 2612 3247 2680 quidlibet
3278 2612 3512 2682 improbi
3539 2613 3795 2666 audeant.

2230 2697 2342 2751 Sub
2402 2698 2515 2752 hmc
2568 2698 2710 2753 dicta
2772 2701 3053 2756 silentium
3106 2706 3421 2774 aliquandiu
3475 2716 3796 2759 cunctorum

2227 2788 2350 2853 fuit,
2408 2789 2553 2858 quod
2609 2790 2822 2858 primus
2881 2795 3212 2864 abrumpens
3264 2795 3586 2866 Vestigator,
3619 2795 3797 2850 Heus!

2229 2897 2345 2937 vos.
2402 2881 2600 2954 inquit,
2659 2891 2782 2952 post
2833 2893 2939 2937 tam
3003 2886 3153 2940 acria
3200 2887 3420 2941 dicendi
3496 2889 3653 2957 jussa
3708 2905 3798 2942 cur

2231 2973 2462 3026 tacetis?
2524 2975 2679 3042 Agite
2717 3015 2731 3041 ,
2788 2991 2874 3030 me
2929 2992 3148 3045 quoque
3213 2979 3502 3044 invitante,
3560 2979 3798 3048 proferte

2228 3065 2495 3133 quidquid
2551 3067 2619 3120 de
2651 3084 2736 3122 me
2773 3069 2982 3132 nostis;
3035 3086 3139 3124 non
3192 3086 3411 3136 recuso,
3457 3072 3591 3140 quin
3639 3073 3795 3126 etiam

2227 3153 2431 3223 ﬂagito.
2466 3156 2669 3211 Audire
2701 3160 2864 3228 cupio
2887 3160 3018 3229 quid
3054 3161 3188 3214 mihi
3216 3170 3548 3231 opponatur,
3577 3174 3798 3230 paratus

2225 3247 2486 3299 Continuo
2509 3263 2633 3300 vere
2658 3250 2872 3318 objecta
2899 3251 3077 3316 fateri,
3101 3250 3243 3306 falso
3261 3253 3510 3324 imposita
3532 3253 3793 3308 refellere.

2227 3337 2315 3392 Sic
2343 3354 2473 3408 ergo
2520 3339 2770 3395 dicturus
2814 3342 3048 3410 quisque
3079 3358 3136 3396 se
3171 3351 3470 3412 comparet,
3509 3353 3569 3396 ut
3611 3354 3797 3399 coatra

2225 3444 2401 3482 meam
2426 3430 2802 3485 defensionem
2831 3434 2972 3486 tueri
3002 3433 3378 3488 testimonium
3403 3451 3562 3490 suum
3595 3445 3796 3504 queat;

2226 3519 2319 3587 qui
2367 3536 2524 3573 secus
2571 3523 2766 3576 fecerit
2811 3525 2866 3576 in
2919 3533 3086 3592 caput
3133 3540 3292 3577 suum
3344 3527 3612 3595 peccabit.
3670 3526 3798 3592 Quae

2225 3605 2370 3659 enim
2421 3608 2626 3662 nostris
2661 3611 2874 3678 legibus
2915 3615 3242 3682 aequissima:
3288 3616 3605 3669 constituta
3631 3631 3799 3684 pte-na:

2226 3707 2355 3751 sunt
2405 3699 2458 3752 in
2508 3699 2758 3756 falsarios
2804 3703 3005 3774 lingua:
3054 3722 3117 3760 ac
3149 3706 3272 3761 fidei
3318 3708 3548 3773 venalis,
3608 3724 3702 3762 eas
3743 3725 3798 3762 se

2226 3789 2538 3842 subiturum
2568 3806 2654 3844 me
2686 3803 2902 3862 agente,
2943 3812 3005 3850 ac
3053 3807 3304 3866 praetore,
3339 3809 3504 3868 prout
3539 3801 3625 3855 lex
3647 3801 3798 3869 jubrt

2225 3891 2280 3932 et
2310 3896 2396 3932 res
2425 3881 2624 3950 exiget,
2649 3884 3005 3951 decernente,
3032 3888 3190 3942 sciat.
3219 3889 3398 3959 Atque
3425 3891 3565 3944 adeo
3594 3892 3795 3956 videat,

2228 3972 2272 4026 si
2311 3973 2396 4026 cui
2430 3972 2613 4043 lingua
2652 3974 2703 4028 in
2761 3977 3222 4034 obtrectationem
3269 3982 3463 4050 prurit,
3497 3999 3566 4038 ne
3601 3985 3797 4038 similia

2229 4065 2467 4133 patiatur
2495 4067 2752 4135 imperito
2790 4070 3025 4138 medico,
3057 4073 3151 4142 qui
3192 4089 3381 4143 parum
3418 4077 3628 4130 habens
3657 4079 3797 4146 quod

2227 4167 2413 4226 ageret
2475 4158 2529 4212 in
2617 4161 2832 4228 patria,
2909 4163 3002 4216 ubi
3067 4165 3324 4233 cognitus
3397 4168 3798 4238 negligebatur,

2227 4267 2455 4320 peregre
2485 4253 2765 4322 simplices
2789 4257 3042 4324 quaesivit
3073 4260 3276 4328 quibus
3307 4269 3424 4316 tuto
3467 4263 3798 4332 imponeret.

2230 4343 2517 4399 Profectus
2546 4361 2676 4416 ergo
2719 4347 2776 4400 in
2807 4349 3106 4410 civitatem,
3151 4353 3309 4422 cujus
3341 4355 3602 4424 princeps
3640 4356 3798 4410 titiam

561 4445 657 4498 bat
678 4444 944 4497 universe
970 4441 1220 4511 palatina:
1245 4439 1858 4495 militite..Adduetusin
1890 4438 2128 4491 medum
2165 4431 2204 4484 Β
2237 4435 2475 4489 habebat
2501 4452 2566 4490 ex
2599 4439 2794 4492 morbo
2836 4441 2987 4509 gravi
3026 4442 3467 4508 deeumbentem,
3505 4447 3559 4499 in
3594 4460 3798 4516 partem

560 4553 594 4590 e
659 4550 878 4590 carcere
939 4535 1248 4603 Vcstigator
1307 4540 1411 4595 cst,
1488 4547 1707 4586 causam
1775 4530 1834 4583 in
1892 4529 2127 4581 vinculis

562 4626 835 4679 dieturus.
885 4622 1120 4683 Primus,
1167 4621 1508 4690 congregatis
1535 4619 1769 4682 cunctis,
1808 4619 1973 4671 verba
2002 4619 2128 4670 feeit

563 4714 860 4785 leOpardus
895 4713 948 4766 in
981 4713 1128 4766 hunc
1164 4715 1383 4765 modum
1413 4732 1425 4766 :
1458 4712 1571 4765 Rex
1603 4719 1808 4772 noster,
1845 4724 1876 4760 ο
1901 4710 2129 4761 cummi-

564 4808 715 4859 litum
738 4821 784 4866 s,
820 4803 1140 4872 participem
1185 4817 1269 4854 me
1312 4801 1441 4854 fecit
1468 4799 1751 4869 cujusdam
1783 4799 1960 4865 gravis
1985 4813 2130 4850 cura:

565 4916 674 4952 suae
707 4912 868 4965 quam
914 4897 1078 4949 etiam
1116 4892 1509 4947 communicari
1557 4891 1715 4944 vobis
1754 4888 1945 4942 voluit.
1974 4887 2131 4940 Aci-is

563 5005 690 5043 eum
741 4987 1059 5057 pmuilentia
1112 4985 1337 5039 incessit
1385 4981 1654 5036 itterfecti
1711 4980 1873 5045 tauri,
1925 4980 2131 5033 idcirco

566 5079 710 5150 quod
755 5094 864 5132 non
916 5076 1331 5132 contemnendis
1370 5073 1588 5129 indiciis
1613 5087 1738 5127 sero
1769 5071 1936 5139 coepit
1973 5069 2133 5124 intel—

568 5173 781 5240 ligere,
855 5170 1202 5222 innocentem
1265 5166 1461 5228 illum,
1532 5179 1592 5220 se
1660 5163 1802 5216 dolis
1861 5161 2015 5215 matis
2075 5173 2132 5214 et

567 5261 936 5318 delationibus
961 5260 1108 5313 falsis
1129 5260 1181 5312 in
1208 5260 1329 5327 ejus
1357 5272 1545 5312 necem
1575 5256 1851 5324 instigato,
1879 5253 2126 5323 periisse.

565 5357 684 5409 Jam
713 5354 816 5406 hoc
845 5354 982 5422 ejus,
1007 5366 1105 5419 per
1130 5351 1232 5404 alia
1263 5364 1485 5418 quoque
1510 5346 1882 5418 experimenta
1917 5345 2130 5398 cunctis

568 5461 712 5501 nota:
734 5441 994 5498 bonitatis
1009 5451 1062 5495 et
1075 5443 1302 5512 justititc
1317 5456 1384 5495 eo
1401 5439 1734 5494 laudabilius
1750 5446 2128 5505 argumentum

567 5547 688 5599 est,
741 5550 851 5602 quo
906 5534 1013 5586 fert
1081 5533 1278 5601 mgrius
1342 5532 1560 5585 illusum
1619 5529 1720 5584 sibi
1787 5542 1909 5582 cum
1983 5534 2130 5578 tanta

570 5628 804 5682 insontis
831 5625 1025 5694 capitis
1057 5625 1274 5694 injuria.
1307 5625 1362 5678 Si
1392 5624 1522 5692 quid
1569 5622 1716 5677 enim
1742 5619 1876 5675 mihi
1907 5618 2132 5673 creditis

571 5717 889 5772 intimorum
947 5717 1066 5780 ejus
1117 5731 1376 5771 sensuum
1437 5716 1678 5779 conscio,
1735 5712 2131 5768 incredibiliter

2229 4527 2349 4597 ejus
2392 4529 2696 4582 curationis
2742 4531 3028 4587 adhibitus
3091 4535 3341 4603 periculo
3397 4552 3500 4590 suo
3551 4549 3657 4603 est,
3707 4541 3798 4592 hac

2229 4619 2460 4686 quadam
2485 4635 2547 4672 ex
2575 4635 2767 4677 causa:
2792 4632 2910 4676 erat
2942 4623 2996 4676 in
3021 4639 3084 4676 ea
3111 4624 3246 4680 urbe
3271 4625 3517 4680 medicus
3541 4643 3796 4698 perquam

2229 4710 2502 4775 eruditus,
2552 4711 2647 4764 sed
2694 4714 2874 4767 aetatis
2922 4715 3079 4777 vitio,
3125 4725 3219 4770 aut
3268 4718 3599 4773 calamitatis
3653 4739 3795 4779 casu,

2233 4802 2452 4869 penitus
2499 4803 2728 4857 orbatus
2774 4805 2897 4859 luce
2945 4808 3254 4861 oculorum.
3309 4810 3545 4864 Vocatus
3592 4813 3686 4866 ille
3737 4818 3795 4864 ad

2230 4906 2450 4960 ingratis,
2497 4909 2564 4945 ex
2597 4903 2802 4946 attactu
2841 4896 3032 4962 pulsus
3063 4898 3385 4966 ueterisque
3411 4916 3535 4969 quae
3564 4903 3794 4958 audivit.

2231 4979 2505 5036 intelieeta
2570 4981 2745 5034 morbi
2791 4997 2975 5046 causa,
3031 4984 3336 5038 remedium
3394 4986 3796 5040 ei‘indubitati

2232 5087 2518 5126 successus
2547 5072 2822 5141 opposuit,
2854 5074 3256 5140 praescribenda
3295 5077 3518 5145 potione
3540 5094 3606 5131 ex
3638 5095 3797 5132 succo

2234 5162 2418 5216 herba:
2473 5162 2563 5216 cui
2620 5164 2848 5230 capillus
2887 5163 3116 5219 Veneris
3169 5181 3368 5221 nomen
3424 5177 3530 5222 est.
3600 5168 3794 5224 Verum

2233 5255 2377 5324 quod
2429 5254 2604 5308 oculis
2655 5256 2768 5323 ipse
2823 5266 3016 5325 captus
3068 5257 3382 5314 discernere
3428 5260 3655 5314 herbam
3693 5277 3794 5314 nou

2234 5347 2476 5409 valeret,
2539 5346 2894 5414 profici-cens
2955 5347 3012 5400 in
3079 5350 3398 5418 apothecam
3465 5352 3794 5412 herbariam,

2232 5436 2484 5491 comitem
2531 5438 2739 5504 optavit
2779 5452 3004 5503 peregre
3050 5439 3340 5507 appulsum
3370 5441 3669 5494 medicum.
3704 5436 3798 5494 Hic

2234 5528 2369 5581 nihil
2413 5529 2592 5580 minus
2617 5542 2778 5596 quam
2813 5529 2957 5596 quod
3009 5530 3370 5598 profitebatur
3412 5531 3642 5598 callens,
3693 5543 3795 5587 tam

2235 5619 2487 5688 imperite
2525 5619 2578 5672 in
2616 5620 2827 5673 delectu
2879 5630 3134 5674 versatus
3185 5631 3290 5686 est,
3323 5633 3382 5676 ut
3413 5623 3652 5677 cicutam
3686 5625 3794 5677 vice

2235 5711 2415 5778 capilli
2459 5710 2687 5765 Veneris
2732 5715 3025 5778 pharman
3059 5712 3408 5776 admisceret,
3462 5731 3572 5772 auo
3603 5717 3796 5770 hausto
