4016 6532
286 343 428 412 1289

1209 349 1599 411 SPECIMEN
1628 351 2054 414 SAPIENTli‘E
2088 354 2444 418 INDORUM
2488 359 2651 420 VET.
3172 352 3187 385 ⁸

3397 362 3535 429 1290

274 461 382 516 ﬁlia
415 460 685 532 principis
722 472 946 530 repente
985 469 1075 516 est
1113 472 1350 518 mortua.
1384 463 1613 520 Cunctis
1641 464 1849 517 miran-
1882 476 1924 529 Α
1957 466 2129 520 sentis
2163 475 2213 520 te
2237 479 2577 538 praepostere
2609 472 3007 542 perspicacem,
3032 474 3236 531 vidisse
3263 477 3531 535 festucam

270 556 455 617 tibus,
507 564 563 609 et
625 568 776 609 caeco
841 553 1056 609 medico
1120 563 1264 610 nota:
1320 556 1533 627 peritiae
1584 572 1646 612 ac
1697 556 1845 620 ﬁdei,

275 655 688 718 perseverante,
759 663 869 701 non
927 649 1172 718 potuisse
1229 651 1520 706 mulierem
1575 650 1849 721 exstingui

272 739 522 810 potione,
557 739 664 794 nisi
699 728 945 794 erratum
976 753 1124 797 esset
1151 742 1207 796 in
1242 742 1643 812 compositione
1685 743 1850 813 phar-

272 829 437 893 maci,
498 828 670 884 herba
712 829 875 885 noxia
930 846 1030 901 pro
1075 833 1194 888 utili
1257 834 1557 904 snpposita.
1612 834 1850 905 Dynasta

270 931 429 991 pater
484 930 738 986 mortuae,
787 938 1110 992 expressum
1161 940 1230 980 ex
1274 926 1465 980 eadem
1510 925 1679 979 herba
1730 938 1852 995 qua:

273 1014 443 1069 ﬁliam
474 1015 755 1070 occiderat
777 1031 1001 1071 succum
1024 1017 1252 1073 ebibere
1280 1032 1464 1073 coram
1490 1031 1549 1072 se
1577 1016 1849 1072 medicum

268 1116 524 1162 exterum
580 1108 802 1179 coegit,
877 1110 971 1179 qui
1034 1110 1201 1166 miser
1255 1114 1521 1167 continuo
1577 1109 1845 1175 extabuit,

268 1199 567 1270 imperitia:
605 1201 958 1272 audaciaique
1003 1218 1119 1259 suae
1146 1219 1337 1274 poenas
1367 1204 1657 1260 exsolvens
1684 1204 1850 1257 meri-

267 1291 531 1345 tissimas.
622 1292 714 1347 Sic
786 1293 1045 1357 eveniet,
1119 1294 1231 1364 jam
1320 1294 1449 1349 hinc
1535 1294 1845 1357 denuntio,

268 1364 648 1436 testimonium
698 1392 887 1436 contra
937 1399 1022 1438 me
1067 1384 1263 1439 falsum
1311 1394 1409 1440 aut
1454 1384 1850 1440 inconveniens

266 1473 518 1538 dicenti;
594 1475 1054 1545 strangulabitur,
1112 1492 1279 1547 quem
1358 1479 1499 1533 male
1569 1477 1845 1543 nexuerit,

265 1567 489 1635 laqueo,
522 1576 578 1621 ct
603 1566 785 1636 gladio
816 1568 1017 1623 inscite
1043 1569 1234 1624 stricto
1257 1584 1375 1625 sese
1404 1570 1702 1625 confodiet.

341 1659 426 1712 Vl.
456 1658 604 1713 Nihil
638 1658 740 1712 hac
772 1660 1208 1717 comminatione
1239 1664 1492 1728 territus,
1521 1672 1576 1719 et
1601 1663 1850 1718 irritatus

266 1753 601 1808 conﬁdentia
646 1754 890 1823 loquacis
932 1757 1032 1821 rei,
1080 1759 1389 1813 assurrexit
1436 1760 1540 1814 sub
1588 1774 1654 1816 ea
1703 1760 1848 1815 dicta

1961 559 2015 613 in
2067 559 2229 613 oculo
2255 560 2499 627 alterius,
2526 564 2621 633 qui
2664 566 2876 619 trabem
2913 564 2967 621 in
3000 577 3092 622 tuo
3123 585 3229 624 non
3287 576 3537 629 atti-ndc-
3610 591 3615 594 ·

1961 650 2055 703 ris.
2094 650 2302 707 Similis
2356 655 2647 711 malesana:
2704 659 2921 714 mulieri
2982 676 3013 715 e
3061 660 3243 718 fabula
3293 666 3534 735 vulgata.

1962 740 2162 795 Fertur
2195 744 2364 808 enim,
2402 745 2538 800 duas
2568 748 2867 818 aliquando
2923 768 3146 809 sorores
3192 757 3531 828 proripiendi

1960 848 2083 889 sesc
2112 835 2289 890 nudas
2312 853 2341 890 e
2365 839 2640 903 custodia,
2675 858 2782 911 qua
2838 844 2975 898 dura
3041 849 3393 913 tenebantur,
3443 869 3537 906 oc-

1958 925 2240 979 easionem
2277 938 2486 993 nactas,
2516 930 2644 985 dum
2669 949 2773 987 una
2790 952 2913 990 cum
2945 952 3099 1007 patre
3129 940 3321 995 iisdem
3345 945 3536 1013 elapso

1958 1014 2197 1069 vinculis
2231 1015 2468 1088 fugiunt,
2500 1021 2695 1077 harum
2723 1027 2950 1082 alteram
2986 1030 3126 1085 forte
3154 1034 3375 1089 in=ento
3408 1054 3539 1090 cen-

1961 1115 2086 1163 tone
2110 1108 2200 1163 vix
2220 1111 2477 1194 pudenda
2532 1126 2937 1187 contegentem,
2981 1120 3266 1193 increpare
3323 1144 3536 1198 germa-

1958 1213 2084 1251 nam
2117 1201 2352 1269 coepisse
2373 1206 2521 1273 quod
2558 1210 2705 1262 nuda
2737 1209 3037 1267 incederet.
3065 1214 3164 1269 Cui
3201 1229 3379 1287 pater,
3433 1220 3535 1276 Sa-

1958 1304 2122 1355 nane,
2164 1292 2365 1364 inquit,
2391 1313 2471 1362 es,
2501 1315 2623 1368 quae
2660 1304 2841 1358 sorori
2892 1307 3221 1375 exprobres,
3273 1311 3394 1366 sine
3432 1326 3535 1368 sua

1957 1382 2118 1452 culpa
2158 1385 2412 1454 patienti,
2445 1391 2595 1459 quod
2620 1401 2677 1447 et
2713 1403 2770 1447 tu
2804 1396 2921 1465 pari
2984 1399 3317 1455 necessitate
3374 1418 3534 1472 passa

1957 1489 2018 1529 es
2041 1485 2096 1529 et
2157 1480 2401 1546 pateris?
2450 1482 2575 1539 Haec
2630 1486 2863 1563 audiens
2921 1490 3177 1561 princeps
3227 1508 3533 1563 coquorum

1956 1568 2104 1636 quod
2152 1584 2451 1636 reponeret
2484 1592 2595 1631 non
2624 1578 2841 1645 habuit,
2874 1583 3149 1639 universis
3206 1602 3533 1657 responsum

1956 1660 2319 1730 Vestigatoris
2344 1665 2488 1722 haud
2523 1668 3111 1741 dubieprobantibus.
3151 1678 3380 1750 Ipseque
3420 1682 3531 1746 leo,

1957 1752 2047 1805 ubi
2077 1768 2194 1808 rem
2232 1761 2512 1826 cognovit,
2569 1762 2737 1817 stulte
2768 1763 3014 1818 locutum
3073 1768 3378 1839 principem
3435 1786 3533 1826 (ιο-

269 1845 484 1914 primus
515 1860 822 1914 coquorum
864 1847 1036 1917 regis,
1086 1847 1176 1911 Ει,
1227 1846 1432 1905 Audite
1487 1866 1594 1914 me,
1639 1851 1844 1920 inquit,
1880 1852 1920 1907 Β
1953 1862 2189 1915 quorum
2222 1848 2345 1903 loco
2374 1853 2568 1915 movit,
2596 1870 2665 1908 ne
2700 1856 2752 1909 in
2781 1857 2965 1911 culina
2992 1858 3217 1929 quidem
3274 1877 3371 1917 sua
3420 1872 3529 1919 tam

265 1937 362 2005 qui
396 1937 605 1992 adestis
635 1939 688 1992 in
724 1939 958 1994 consilio
991 1955 1006 1993 :
1034 1939 1261 1994 afferam
1310 1941 1459 1996 enim
1497 1941 1645 2013 quod
1681 1957 1844 1998 nosse

266 2028 339 2083 ad
365 2043 590 2083 causam
621 2033 816 2100 prosit,
850 2048 916 2087 ex
934 2033 1169 2102 quadam
1205 2034 1365 2105 longo
1400 2035 1534 2089 mihi
1566 2052 1669 2090 usu
1688 2045 1846 2105 parta

266 2120 470 2190 peritia
507 2138 691 2179 mores
742 2139 810 2179 ex
846 2124 989 2181 facie
1019 2121 1308 2183 noscendi.
1348 2123 1544 2183 Certos
1599 2128 1848 2185 vultibus

269 2229 338 2268 ac
375 2214 653 2270 frontibus
681 2232 1013 2273 arcanorum
1054 2220 1223 2273 animi
1262 2236 1526 2276 sensuum
1560 2220 1849 2277 characte-

268 2322 360 2361 res
392 2318 587 2363 natura
619 2310 843 2375 indidit,
869 2306 936 2365 ex
961 2312 1223 2381 qualibus
1247 2323 1495 2384 apparet,
1540 2310 1848 2385 Vcstig‘ato—

267 2414 385 2453 rem
418 2416 654 2469 nequam
684 2417 748 2456 ac
779 2403 1071 2458 subdolum
1110 2405 1425 2476 nulliusque
1472 2406 1600 2462 ﬁdei
1655 2408 1836 2462 nebu-

265 2492 449 2545 lonem
476 2508 617 2559 esse,
653 2496 859 2565 quippe
885 2496 980 2567 qui
1017 2499 1212 2553 oculos
1279 2499 1506 2569 oblique
1554 2499 1842 2567 distortos,

265 2594 324 2638 et
368 2584 569 2639 horum
601 2586 794 2642 laevum
826 2589 1021 2644 dextro
1084 2592 1420 2657 breviorem,
1474 2594 1846 2665 eumdemque

266 2676 674 2746 inquietissime
711 2682 967 2736 mobilem
1001 2684 1240 2750 habeat;
1270 2684 1337 2740 ad
1367 2686 1504 2747 haec.
1532 2696 1699 2756 caput
1756 2688 1843 2741 in-

266 2780 352 2824 ter
383 2773 749 2827 incedeudmn
790 2781 998 2831 temere
1045 2777 1278 2832 inclinet
1311 2795 1324 2831 :
1358 2794 1479 2848 quae
1526 2780 1680 2850 signa
1722 2795 1847 2835 cer-

267 2864 480 2918 tissima
524 2865 665 2919 vafri
703 2869 1123 2924 calumniatoris
1146 2886 1210 2924 ac
1247 2870 1552 2939 proditoris
1584 2871 1845 2941 perﬁdio-

264 2955 495 3021 sissimi,
549 2974 749 3028 magno
795 2976 1068 3015 consensu
1138 2962 1578 3033 physiognomici
1634 2964 1844 3019 dudum

265 3050 567 3104 tradidere.
594 3052 801 3107 Contra
832 3053 967 3117 ιιεεο,
1001 3054 1268 3110 innucnte
1321 3056 1532 3125 judice,
1595 3058 1845 3113 dicturus

264 3139 601 3209 Vestigalor,
640 3158 803 3197 orsus
824 3152 908 3197 est
931 3160 960 3196 a
985 3145 1303 3199 laudatione
1334 3146 1542 3201 ironica
1577 3147 1844 3217 principis

263 3248 595 3302 coquorum,
624 3234 726 3297 En,
755 3236 1032 3305 inquiens,
1074 3241 1320 3293 omnium
1340 3241 1433 3309 qui
1456 3240 1559 3295 sub
1594 3241 1733 3294 coelo
1752 3256 1844 3294 su—

264 3343 390 3381 mus
411 3327 572 3398 longe
624 3330 1090 3398 sapientissimus,
1138 3334 1231 3389 cui
1281 3349 1447 3390 nemo
1486 3335 1842 3404 quantumvis

262 3420 519 3475 eminens
547 3425 856 3491 comparari
919 3425 1171 3481 doctrina
1222 3438 1277 3482 et
1324 3426 1519 3497 judicii
1571 3427 1841 3497 gravitate

263 3524 453 3582 queat.
494 3514 726 3571 Miseros
763 3533 860 3571 vos
917 3519 1235 3574 conditores
1272 3520 1476 3591 legum,
1531 3522 1623 3590 qui
1678 3521 1841 3575 talem

264 3620 376 3657 non
408 3604 784 3661 adhibueritis
820 3607 873 3661 in
908 3609 1224 3673 consilium,
1257 3612 1674 3667 lucrifecissetis
1706 3628 1843 3681 ope-

265 3711 381 3749 ram
410 3696 632 3752 inanem
672 3701 949 3754 statuendi
1004 3716 1198 3771 poenas
1262 3703 1458 3758 sceleri
1499 3719 1565 3758 ac
1618 3704 1839 3773 praemia

262 3789 487 3843 virtuti.
521 3789 575 3844 Si
605 3792 754 3845 enim
809 3792 1152 3848 ineluctabili
1206 3796 1537 3850 necessitate
1602 3784 1873 3851 trahitur.

264 3882 488 3937 animus
526 3884 593 3937 ad
626 3901 691 3939 ea
723 3884 974 3944 facienda
1001 3904 1123 3957 qua:
1180 3889 1294 3943 oris
1344 3888 1674 3944 lineamenta
1721 3889 1841 3944 sine

263 3990 455 4033 nostro
480 3980 646 4033 nobis
666 3979 894 4035 arbitrio
926 3997 958 4036 a
1012 3990 1208 4037 natura
1243 3981 1449 4037 tributa
1507 3983 1838 4053 signiﬁcant,

262 4071 396 4139 quid
425 4072 624 4125 attinet
649 4073 918 4130 mulctare
954 4074 1241 4145 suppliciis
1296 4078 1392 4146 qui
1451 4076 1592 4131 male
1648 4087 1837 4147 agunt,

262 4167 649 4231 characterum
685 4167 1057 4237 ingenitorum
1085 4183 1299 4233 errare,
1332 4179 1392 4224 ut
1414 4169 1505 4223 hic
1526 4169 1709 4234 docet,
1728 4186 1836 4223 non

263 4256 589 4323 valentium,
615 4259 933 4314 necessario
969 4258 1133 4313 ﬁdem
1166 4259 1523 4315 sancientes?
1576 4260 1835 4331 Alioquin

261 4347 527 4414 puniatur
565 4346 707 4414 ignis
750 4349 881 4418 quia
939 4350 1076 4410 urit,
1112 4365 1268 4416 aqua:
1323 4359 1595 4404 tormenta
1651 4351 1838 4405 decer-

260 4448 465 4491 nantur
496 4439 625 4507 quia
651 4440 733 4493 vel
766 4455 996 4495 excussa
1019 4458 1049 4494 e
1080 4441 1227 4494 nube
1260 4442 1522 4495 viatorem
1546 4442 1837 4498 madefacit

1950 1939 2160 1995 nullius
2183 1941 2381 2012 judicii
2416 1945 2701 2003 ministros
2730 1948 2836 2003 sibi
2882 1952 3140 2008 ferendos
3182 1964 3402 2025 putans.
3435 1957 3532 2013 His

1950 2046 2016 2087 eo
2043 2048 2308 2091 consessu
2342 2038 2501 2103 actis,
2535 2049 2591 2094 et
2621 2056 2719 2111 per
2744 2044 3053 2101 actuarium
3083 2048 3137 2102 in
3188 2062 3529 2106 commenta-

1950 2125 2095 2180 rium
2129 2128 2341 2193 relatis,
2374 2131 2590 2201 riteque
2612 2134 2871 2204 signatis,
2909 2136 3046 2192 hora
3074 2140 3187 2209 jam
3241 2154 3526 2212 provecta,

1949 2218 2168 2275 solutus
2190 2230 2370 2277 castus
2402 2231 2507 2289 est,
2536 2239 2631 2297 reo
2656 2228 2901 2283 nondum
2924 2232 3178 2287 convicto
3217 2236 3444 2293 reducto
3473 2240 3529 2295 ii:

1950 2324 2253 2366 carcerem.

2018 2404 2134 2458 νη.
2177 2406 2477 2464 Redditum
2509 2414 2779 2469 custodia:
2810 2417 3212 2488 Vestigatorem
3265 2426 3530 2480 convenit

1950 2497 2097 2551 alius
2130 2500 2355 2569 quidam
2385 2518 2452 2558 ex
2474 2505 2595 2575 ejus
2628 2505 3020 2577 familiaribus,
3051 2512 3310 2570 Coronati
3374 2532 3529 2573 com-

1952 2592 2137 2648 munis
2164 2595 2327 2651 amici
2359 2606 2593 2654 mortem
2620 2603 3010 2685 mmstissimus
3040 2610 3326 2664 nuntians.
3386 2612 3531 2668 Con-

1949 2693 2228 2741 sternatus
2286 2688 2489 2744 acerbo
2544 2708 2674 2746 casu
2722 2694 3034 2766 Vestigator
3096 2701 3363 2773 lacrymas
3417 2723 3528 2761 non

1950 2776 2151 2841 tenuit,
2179 2777 2321 2832 inter
2343 2797 2481 2849 quas
2502 2783 2587 2838 hae
2634 2800 2799 2841 voces
2845 2793 2966 2858 ejus
3001 2792 3378 2851 audiebantur
3405 2816 3417 2851 :
3444 2799 3527 2853 Me

1950 2865 2216 2923 miserum
2280 2872 2374 2940 qui
2423 2890 2579 2941 vero,
2674 2881 3071 2948 experimentis
3157 2887 3414 2955 probato,
3474 2903 3530 2945 et

1950 2961 2199 3016 omnium
2238 2973 2553 3035 temporum
2617 2970 2800 3028 amico
2852 2978 3101 3043 privatus
3157 2980 3323 3037 hodie
3382 2985 3524 3039 siml

1950 3049 2093 3115 Quid
2126 3069 2211 3108 me
2238 3057 2422 3113 vivere
2459 3061 2660 3116 attinet
2709 3072 2760 3119 te
2811 3068 2982 3133 mihi,
3043 3070 3319 3129 Coronate
3379 3079 3529 3132 fidis-

1952 3143 2114 3207 sime,
2151 3148 2476 3205 subtracto?
2499 3155 2669 3212 Recte
2693 3158 2849 3214 aiunt
2869 3163 3054 3233 vulgo,
3091 3174 3285 3222 catena
3309 3184 3524 3225 conne-

1953 3252 2048 3291 xas
2081 3240 2313 3307 quadam
2351 3259 2447 3313 per
2475 3248 2663 3303 orbem
2700 3267 3009 3309 commeare
3046 3260 3405 3330 calamitates,
3427 3282 3528 3320 nec
3560 3240 3569 3249 ί

1951 3345 2199 3409 unquam
2227 3338 2320 3390 uni
2352 3339 2659 3409 singulares
2690 3361 3012 3406 occurrere.
3046 3352 3125 3407 En
3185 3356 3321 3410 mihi
3376 3361 3527 3428 capi-

1953 3422 2049 3478 tali
2093 3426 2303 3495 judicio
2330 3434 2692 3501 periclitanti,
2736 3456 2799 3496 ac
2828 3442 2966 3498 diris
3002 3446 3240 3503 vinculis
3288 3453 3526 3506 constri-

1951 3528 2063 3577 cto.
2096 3518 2377 3577 funesmm
2408 3533 2731 3597 supervenit
2776 3538 3087 3593 anetarium
3150 3541 3528 3613 irreparabilia

1946 3610 2177 3680 jactura:
2211 3617 2413 3685 capitis
2448 3621 2789 3691 eharissimi,
2826 3628 3014 3693 ctiam,
3071 3635 3219 3701 quod
3268 3610 3525 3695 dolorem

1952 3700 2222 3770 incendit,
2256 3723 2421 3764 causa
2461 3727 2579 3767 mea
2617 3717 2898 3772 exstincti.
2939 3721 3063 3776 llaec
3092 3700 3180 3777 ita
3227 3724 3525 3795 deploran~

1954 3802 2061 3848 tem
2092 3794 2447 3865 invenerunt,
2488 3805 2581 3873 qui
2620 3808 2885 3874 postridie
2911 3809 3069 3880 jussu
3130 3794 3378 3882 praetoris
3429 3819 3528 3875 de-

1951 3902 2063 3942 nuo
2096 3891 2336 3946 eitarunt
2363 3894 2734 3967 stiteruntque
2796 3901 3197 3971 Vestigatorem
3234 3909 3300 3962 ad
3343 3912 3525 3967 tribu-

1953 3980 2061 4034 nal.
2103 3982 2180 4038 lbi
2210 3984 2379 4056 jude;
2430 3990 2538 4043 alte
2566 3993 2860 4048 considens
2893 4013 2906 4049 :
2945 3997 3085 4063 Quid
3126 4000 3244 4064 tibi,
3276 4018 3309 4057 o
3348 4004 3527 4061 Vesti-

1950 4082 2125 4135 gator.
2158 4082 2255 4138 ait,
2284 4080 2501 4134 consilii
2530 4097 2639 4138 nox
2670 4085 2894 4140 attulit?
2919 4104 3053 4142 num
3112 4093 3330 4146 tandem
3367 4095 3526 4150 indu-

1949 4164 2075 4217 xiin
2111 4166 2164 4219 in
2189 4168 2435 4225 animum
2472 4173 2627 4229 fateri
2651 4175 2798 4244 quod
2839 4178 3137 4247 agnoscis?
3167 4181 3523 4255 Cunctisjam

1950 4268 2136 4324 patent
2166 4268 2257 4314 tua
2280 4262 2511 4329 scelera,
2540 4280 2812 4337 nemoque
2842 4284 2949 4324 non
2983 4272 3216 4325 miratur
3246 4274 3526 4329 confiden-

1950 4351 2078 4404 tiam
2151 4361 2322 4417 tuam,
2401 4361 2808 4425 perseverantis
2886 4363 3119 4418 inﬂeiari
3207 4367 3520 4423 manifesta.

1946 4441 2105 4497 Nulla
2143 4444 2367 4515 tibijam
2397 4449 2608 4519 reliqua
2630 4462 2917 4509 excusatio
2943 4467 3026 4509 est
3046 4474 3059 4523 ;
3083 4473 3144 4511 ac
3175 4458 3277 4513 nisi
3309 4475 3523 4515 summa

262 4530 345 4584 vel
370 4530 707 4586 exundanse
745 4542 990 4586 torrente
1031 4543 1147 4587 sata
1172 4533 1341 4587 lzedit.
1371 4534 1515 4601 Quid
1559 4535 1656 4589 tibi
1685 4536 1838 4590 vide-
1874 4549 1915 4603 ι)
1947 4543 2001 4587 et
2030 4535 2245 4592 inﬁnita
2269 4540 2521 4607 quwdam
2547 4542 2926 4599 misericordia
2956 4548 3101 4617 regis
3124 4560 3294 4615 esset,
3328 4561 3383 4605 tu
3422 4552 3526 4607 fas-

263 4630 376 4682 tur,
409 4623 796 4693 archimagiro,
830 4624 899 4679 de
926 4625 1029 4678 ista
1063 4636 1154 4680 tua
1179 4626 1419 4681 mirabili
1447 4628 1825 4700 physiologia?

262 4716 457 4771 Utrum
485 4718 680 4779 mavis,
735 4718 827 4781 qui
859 4717 1123 4785 praeditus
1178 4718 1320 4781 istis,
1372 4734 1509 4788 quas
1559 4720 1836 4781 indicasti,

265 4806 410 4859 notis
451 4806 505 4858 in
537 4807 715 4861 lucem
749 4808 981 4871 venerit,
1012 4824 1208 4864 cavere
1247 4824 1277 4865 a
1334 4810 1481 4865 malo
1544 4827 1725 4881 posse,
1770 4828 1839 4866 an

264 4897 656 4952 inevitabiliter
677 4915 798 4955 esse
821 4900 1172 4968 improbum?
1193 4901 1248 4957 Si
1276 4902 1435 4973 prius
1466 4903 1631 4969 dicis,
1660 4904 1839 4958 inanis

261 4997 348 5042 est
382 4998 473 5042 tua
501 4990 758 5045 collectio
790 5008 806 5045 :
836 4992 1069 5046 forsitan
1089 4995 1236 5047 enim
1267 5008 1370 5063 ego
1395 5010 1560 5064 quem
1586 5010 1837 5063 accusas,

260 5082 635 5136 autsimiliter
670 5083 970 5155 insignitus
1005 5084 1210 5154 quivis,
1235 5087 1435 5141 indolis
1454 5087 1655 5142 innatae
1706 5105 1838 5157 pro-

260 5171 580 5240 pensionem
611 5184 814 5227 conatu
849 5175 1073 5229 virtutis
1107 5174 1488 5232 inflexerimus
1524 5178 1577 5231 in
1603 5188 1835 5245 rectum;

259 5264 305 5318 si
338 5264 575 5318 alterum
632 5266 851 5331 fateris,
898 5284 1087 5323 nonne
1153 5286 1317 5338 quam
1376 5270 1839 5341 inconsequenter

259 5356 511 5425 loquaris
542 5358 715 5422 vides,
772 5360 865 5428 qui
893 5375 1114 5429 poenam
1139 5377 1384 5431 apponas
1409 5363 1500 5418 ubi
1530 5365 1690 5433 culpa
1728 5382 1837 5420 non

255 5454 362 5500 est.
400 5446 554 5511 Quod
586 5447 631 5500 si
664 5448 954 5517 recipitur,
984 5451 1117 5519 quid
1150 5452 1218 5507 de
1245 5462 1296 5506 te
1341 5454 1473 5507 fiet?
1533 5470 1657 5509 nam
1703 5464 1839 5526 quot

254 5538 370 5592 cris
416 5539 705 5607 suppliciis
736 5541 1065 5611 mactandus
1085 5584 1099 5608 ,
1137 5545 1181 5597 si
1215 5545 1461 5599 omnium
1487 5563 1608 5616 quae
1635 5562 1733 5618 per
1758 5550 1837 5603 vi-

257 5640 371 5683 tam
403 5633 721 5687 necessario
742 5634 829 5687 vel
854 5634 1036 5689 fecisti
1064 5636 1148 5689 vel
1175 5652 1368 5705 passus
1397 5654 1477 5703 es,
1506 5656 1671 5696 causa
1692 5659 1838 5699 nunc

257 5719 361 5774 tibi
404 5720 658 5787 dicenda,
699 5723 903 5777 invidia
932 5727 1279 5791 sustinenda,
1306 5730 1510 5785 luenda
1540 5735 1838 5803 expianda-

258 5827 365 5882 que
389 5814 729 5869 cruciatibus
747 5816 1085 5871 conscientia
1111 5822 1175 5874 sit
1196 5820 1218 5872 ?
1242 5822 1474 5892 Ecquid,
1511 5826 1700 5885 Stulte.
1725 5828 1835 5897 jam

636 5914 903 5975 PATROL.
935 5917 1028 5977 Gn
1093 5918 1182 5979 CX
1196 5919 1322 5979 Llll

1956 4624 2311 4682 dissimorum
2377 4633 2717 4689 constrictus
2766 4639 3107 4693 conscientia
3184 4641 3516 4707 facinorum,

1945 4720 2304 4790 omniumque
2340 4723 2451 4791 jam
2484 4725 2821 4794 przejudiciis
2851 4730 3170 4793 damnatus.
3200 4734 3381 4787 adhuc
3414 4738 3522 4789 uti-

1944 4828 2053 4881 que
2083 4830 2192 4866 non
2239 4817 2472 4873 viveres.
2533 4819 2612 4873 Ad
2670 4836 2733 4874 ea
2789 4822 3097 4892 Vestigator
3129 4825 3517 4890 audacissime,

1945 4904 2382 4977 Quantacunque
2418 4910 2512 4973 sit,
2542 4911 2641 4976 ait,
2673 4913 2775 4968 ista
2803 4929 2968 4983 quam
3010 4931 3282 4969 memoras
3302 4932 3517 4972 summa

1944 5007 1999 5049 et
2056 4998 2269 5053 inﬁnita
2317 5002 2695 5058 misericordia
2746 5006 2907 5074 regis,
2960 5015 3144 5060 tamen
3188 5022 3308 5061 eam
3360 5009 3519 5077 longe

1944 5099 2169 5158 superat
2216 5092 2611 5149 inenarrabilis
2704 5096 3100 5165 importunitas
3163 5097 3521 5152 immanitatis

1944 5191 2073 5235 tuze.
2106 5182 2281 5237 Video
2313 5186 2463 5240 enim
2499 5196 2549 5240 te
2584 5190 2998 5258 sanguinarium
3052 5193 3387 5261 maneipimn
3438 5193 3521 5246 in-
3610 5245 3626 5263 ,

1942 5276 2176 5343 expleta:
2201 5277 2579 5343 crudelitatis,
2618 5281 2777 5335 sitire
2818 5292 3076 5337 cruorem
3109 5298 3311 5346 meum,
3340 5301 3519 5354 eoque

1944 5368 2060 5422 fera
2096 5371 2379 5425 voluntate
2418 5389 2811 5443 praeoccupare
2842 5390 2986 5428 sanae
3021 5376 3223 5431 mentis
3254 5378 3515 5438 cilicium,

1944 5476 2064 5514 mea
2100 5477 2199 5516 nec
2222 5464 2458 5517 convicti
2498 5481 2602 5519 nec
2637 5465 2881 5521 damnati
2948 5477 3144 5530 morte,
3197 5478 3387 5521 contra
3440 5470 3520 5521 fas

1892 5585 1901 5596 ε
1943 5570 2127 5614 cuine.
2166 5555 2533 5612 decernenda.
2565 5560 2679 5613 Nec
2707 5562 2881 5617 miror
2941 5570 2991 5616 te
3027 5563 3212 5623 talem,
3249 5562 3341 5631 qui
3387 5561 3519 5615 olim

1944 5646 2242 5713 pessimum
2267 5647 2536 5710 noverim,
2558 5658 2613 5703 et
2627 5652 2697 5704 ita
2713 5661 2905 5705 natura
2920 5660 3297 5721 comparatum
3323 5652 3519 5716 sciam,

1942 5749 1998 5789 Ut
2042 5752 2259 5806 semper
2325 5740 2566 5809 optimos
2621 5744 2945 5813 nequissimi
3002 5745 3237 5813 pessime
3278 5744 3515 5796 oderint.

1944 5830 2054 5884 llas
2088 5833 2451 5889 contumelias
2478 5851 2670 5906 :l‘quus
2725 5853 2787 5891 ac
2850 5838 3165 5895 moderatus
3203 5837 3399 5913 judex,
3456 5844 3517 5888 ut

3071 5934 3137 5996 41
