  <div class='ocr_page' id='page_1' title='image "/cluster/home/n/w/nwhite01/storage/ocr_20150623/143/hvd.32044019208321/693.png"; bbox 0 0 4016 6528; ppageno 0'>
   <div class='ocr_carea' id='block_1_1' title="bbox 528 334 654 399">
    <p class='ocr_par' dir='ltr' id='par_1_1' title="bbox 528 334 654 399">
     <span class='ocr_line' id='line_1_1' title="bbox 528 334 654 399; baseline -0.024 0"><span class='ocrx_word' id='word_1_1' title='bbox 528 334 654 399; x_wconf 68' lang='grc'><strong>1291</strong></span> 
     </span>
    </p>
   </div>
   <div class='ocr_carea' id='block_1_2' title="bbox 1932 332 2323 395">
    <p class='ocr_par' dir='ltr' id='par_1_2' title="bbox 1932 332 2323 395">
     <span class='ocr_line' id='line_1_2' title="bbox 1932 332 2323 395; baseline 0.005 -2"><span class='ocrx_word' id='word_1_2' title='bbox 1932 332 2323 395; x_wconf 78' lang='lat' dir='ltr'><strong>APPENDIX</strong></span> 
     </span>
    </p>
   </div>
   <div class='ocr_carea' id='block_1_3' title="bbox 3641 337 3778 406">
    <p class='ocr_par' dir='ltr' id='par_1_3' title="bbox 3641 337 3778 406">
     <span class='ocr_line' id='line_1_3' title="bbox 3641 337 3778 406; baseline -0.066 1"><span class='ocrx_word' id='word_1_3' title='bbox 3641 337 3778 406; x_wconf 71' lang='grc' dir='ltr'><strong>ῙΞΞ</strong></span> 
     </span>
    </p>
   </div>
   <div class='ocr_carea' id='block_1_4' title="bbox 520 442 3779 519">
    <p class='ocr_par' dir='ltr' id='par_1_4' title="bbox 520 442 3779 519">
     <span class='ocr_line' id='line_1_4' title="bbox 520 442 3779 519; baseline 0.002 -15"><span class='ocrx_word' id='word_1_4' title='bbox 520 448 720 504; x_wconf 83' lang='lat' dir='ltr'><strong>medici</strong></span> <span class='ocrx_word' id='word_1_5' title='bbox 762 445 928 501; x_wconf 82' lang='lat' dir='ltr'><strong>mites</strong></span> <span class='ocrx_word' id='word_1_6' title='bbox 958 460 1233 515; x_wconf 74' lang='lat' dir='ltr'><strong>:rgrornm</strong></span> <span class='ocrx_word' id='word_1_7' title='bbox 1291 443 1653 501; x_wconf 72' lang='lat' dir='ltr'><strong>delirantium</strong></span> <span class='ocrx_word' id='word_1_8' title='bbox 1717 442 2096 515; x_wconf 86' lang='lat' dir='ltr'><strong>intemperias,</strong></span> <span class='ocrx_word' id='word_1_9' title='bbox 2129 452 2171 510; x_wconf 75' lang='grc' dir='ltr'><strong>Α</strong></span> <span class='ocrx_word' id='word_1_10' title='bbox 2203 447 2290 501; x_wconf 88' lang='lat' dir='ltr'><strong>sui</strong></span> <span class='ocrx_word' id='word_1_11' title='bbox 2322 445 2557 510; x_wconf 84' lang='lat' dir='ltr'><strong>domini,</strong></span> <span class='ocrx_word' id='word_1_12' title='bbox 2593 460 2723 503; x_wconf 91' lang='lat' dir='ltr'><strong>cum</strong></span> <span class='ocrx_word' id='word_1_13' title='bbox 2774 462 2891 518; x_wconf 81' lang='lat' dir='ltr'><strong>quo</strong></span> <span class='ocrx_word' id='word_1_14' title='bbox 2920 447 3059 519; x_wconf 87' lang='lat' dir='ltr'><strong>ipsis</strong></span> <span class='ocrx_word' id='word_1_15' title='bbox 3103 449 3485 508; x_wconf 84' lang='lat' dir='ltr'><strong>intercedebat</strong></span> <span class='ocrx_word' id='word_1_16' title='bbox 3507 454 3779 517; x_wconf 81' lang='lat' dir='ltr'><strong>amicitia.</strong></span> 
     </span>
    </p>
   </div>
   <div class='ocr_carea' id='block_1_5' title="bbox 517 537 2096 611">
    <p class='ocr_par' dir='ltr' id='par_1_5' title="bbox 517 537 2096 611">
     <span class='ocr_line' id='line_1_5' title="bbox 517 537 2096 611; baseline -0.005 -14"><span class='ocrx_word' id='word_1_17' title='bbox 517 544 801 611; x_wconf 73' lang='lat' dir='ltr'><strong>sapienter</strong></span> <span class='ocrx_word' id='word_1_18' title='bbox 830 540 1035 603; x_wconf 85' lang='lat' dir='ltr'><strong>ferens,</strong></span> <span class='ocrx_word' id='word_1_19' title='bbox 1069 539 1216 594; x_wconf 86' lang='lat' dir='ltr'><strong>Bona</strong></span> <span class='ocrx_word' id='word_1_20' title='bbox 1253 538 1442 603; x_wconf 82' lang='lat' dir='ltr'><strong>verba,</strong></span> <span class='ocrx_word' id='word_1_21' title='bbox 1475 538 1680 608; x_wconf 91' lang='lat' dir='ltr'><strong>inquit,</strong></span> <span class='ocrx_word' id='word_1_22' title='bbox 1710 548 1769 594; x_wconf 90' lang='lat' dir='ltr'><strong>ct</strong></span> <span class='ocrx_word' id='word_1_23' title='bbox 1786 537 1989 593; x_wconf 76' lang='lat' dir='ltr'><strong>frustra</strong></span> <span class='ocrx_word' id='word_1_24' title='bbox 2039 545 2096 591; x_wconf 89' lang='lat' dir='ltr'><strong>et</strong></span> 
     </span>
    </p>
   </div>
   <div class='ocr_carea' id='block_1_6' title="bbox 515 628 2097 705">
    <p class='ocr_par' dir='ltr' id='par_1_6' title="bbox 515 628 2097 705">
     <span class='ocr_line' id='line_1_6' title="bbox 515 628 2097 705; baseline -0.005 -15"><span class='ocrx_word' id='word_1_25' title='bbox 515 654 626 691; x_wconf 88' lang='lat' dir='ltr'><strong>nun</strong></span> <span class='ocrx_word' id='word_1_26' title='bbox 668 637 725 690; x_wconf 87' lang='lat' dir='ltr'><strong>in</strong></span> <span class='ocrx_word' id='word_1_27' title='bbox 761 645 1032 705; x_wconf 87' lang='lat' dir='ltr'><strong>tempore,</strong></span> <span class='ocrx_word' id='word_1_28' title='bbox 1080 633 1417 701; x_wconf 81' lang='lat' dir='ltr'><strong>Vestigator,</strong></span> <span class='ocrx_word' id='word_1_29' title='bbox 1448 631 1739 695; x_wconf 86' lang='lat' dir='ltr'><strong>irasceris;</strong></span> <span class='ocrx_word' id='word_1_30' title='bbox 1783 646 1906 701; x_wconf 68' lang='lat' dir='ltr'><strong>quin</strong></span> <span class='ocrx_word' id='word_1_31' title='bbox 1936 628 2097 684; x_wconf 85' lang='lat' dir='ltr'><strong>audi-</strong></span> 
     </span>
    </p>
   </div>
   <div class='ocr_carea' id='block_1_7' title="bbox 516 727 2096 802">
    <p class='ocr_par' dir='ltr' id='par_1_7' title="bbox 516 727 2096 802">
     <span class='ocr_line' id='line_1_7' title="bbox 516 727 2096 802; baseline -0.002 -15"><span class='ocrx_word' id='word_1_32' title='bbox 516 733 587 789; x_wconf 89' lang='lat' dir='ltr'><strong>sti</strong></span> <span class='ocrx_word' id='word_1_33' title='bbox 614 735 801 787; x_wconf 90' lang='lat' dir='ltr'><strong>minus</strong></span> <span class='ocrx_word' id='word_1_34' title='bbox 845 730 943 787; x_wconf 86' lang='lat' dir='ltr'><strong>tibi</strong></span> <span class='ocrx_word' id='word_1_35' title='bbox 982 739 1158 802; x_wconf 87' lang='lat' dir='ltr'><strong>grata,</strong></span> <span class='ocrx_word' id='word_1_36' title='bbox 1185 746 1253 786; x_wconf 79' lang='lat' dir='ltr'><strong>ex</strong></span> <span class='ocrx_word' id='word_1_37' title='bbox 1276 729 1456 785; x_wconf 79' lang='lat' dir='ltr'><strong>oliicio</strong></span> <span class='ocrx_word' id='word_1_38' title='bbox 1478 730 1654 784; x_wconf 82' lang='lat' dir='ltr'><strong>nostri</strong></span> <span class='ocrx_word' id='word_1_39' title='bbox 1675 729 1919 784; x_wconf 86' lang='lat' dir='ltr'><strong>muneris</strong></span> <span class='ocrx_word' id='word_1_40' title='bbox 1947 727 2096 784; x_wconf 80' lang='lat' dir='ltr'><strong>dicta</strong></span> 
     </span>
    </p>
   </div>
   <div class='ocr_carea' id='block_1_8' title="bbox 517 820 2096 883">
    <p class='ocr_par' dir='ltr' id='par_1_8' title="bbox 517 820 2096 883">
     <span class='ocr_line' id='line_1_8' title="bbox 517 820 2096 883; baseline -0.006 0"><span class='ocrx_word' id='word_1_41' title='bbox 517 829 688 883; x_wconf 81' lang='lat' dir='ltr'><strong>libere</strong></span> <span class='ocrx_word' id='word_1_42' title='bbox 715 835 845 881; x_wconf 89' lang='lat' dir='ltr'><strong>sunt</strong></span> <span class='ocrx_word' id='word_1_43' title='bbox 878 842 892 879; x_wconf 92' lang='lat'><strong>:</strong></span> <span class='ocrx_word' id='word_1_44' title='bbox 928 840 1054 879; x_wconf 86' lang='lat' dir='ltr'><strong>nam</strong></span> <span class='ocrx_word' id='word_1_45' title='bbox 1085 823 1437 880; x_wconf 85' lang='lat' dir='ltr'><strong>dissimulare</strong></span> <span class='ocrx_word' id='word_1_46' title='bbox 1495 837 1602 879; x_wconf 90' lang='lat' dir='ltr'><strong>nos</strong></span> <span class='ocrx_word' id='word_1_47' title='bbox 1632 823 1779 877; x_wconf 85' lang='lat' dir='ltr'><strong>haud</strong></span> <span class='ocrx_word' id='word_1_48' title='bbox 1832 820 2096 876; x_wconf 78' lang='lat' dir='ltr'><strong>convenit</strong></span> 
     </span>
    </p>
   </div>
   <div class='ocr_carea' id='block_1_9' title="bbox 517 913 2098 989">
    <p class='ocr_par' dir='ltr' id='par_1_9' title="bbox 517 913 2098 989">
     <span class='ocr_line' id='line_1_9' title="bbox 517 913 2098 989; baseline -0.004 -16"><span class='ocrx_word' id='word_1_49' title='bbox 517 934 660 989; x_wconf 90' lang='lat' dir='ltr'><strong>quos</strong></span> <span class='ocrx_word' id='word_1_50' title='bbox 687 916 754 972; x_wconf 89' lang='lat' dir='ltr'><strong>ad</strong></span> <span class='ocrx_word' id='word_1_51' title='bbox 807 916 1179 972; x_wconf 86' lang='lat' dir='ltr'><strong>coercendam</strong></span> <span class='ocrx_word' id='word_1_52' title='bbox 1245 915 1627 984; x_wconf 83' lang='lat' dir='ltr'><strong>improborum</strong></span> <span class='ocrx_word' id='word_1_53' title='bbox 1669 913 1953 969; x_wconf 86' lang='lat' dir='ltr'><strong>audaciam</strong></span> <span class='ocrx_word' id='word_1_54' title='bbox 1998 928 2098 967; x_wconf 86' lang='lat' dir='ltr'><strong>au-</strong></span> 
     </span>
    </p>
   </div>
   <div class='ocr_carea' id='block_1_10' title="bbox 518 1004 2097 1077">
    <p class='ocr_par' dir='ltr' id='par_1_10' title="bbox 518 1004 2097 1077">
     <span class='ocr_line' id='line_1_10' title="bbox 518 1004 2097 1077; baseline -0.004 -12"><span class='ocrx_word' id='word_1_55' title='bbox 518 1011 774 1065; x_wconf 81' lang='lat' dir='ltr'><strong>ctoritate</strong></span> <span class='ocrx_word' id='word_1_56' title='bbox 802 1023 866 1063; x_wconf 91' lang='lat' dir='ltr'><strong>ac</strong></span> <span class='ocrx_word' id='word_1_57' title='bbox 888 1015 1165 1077; x_wconf 79' lang='lat' dir='ltr'><strong>potestate</strong></span> <span class='ocrx_word' id='word_1_58' title='bbox 1192 1006 1411 1076; x_wconf 87' lang='lat' dir='ltr'><strong>publica</strong></span> <span class='ocrx_word' id='word_1_59' title='bbox 1439 1008 1694 1075; x_wconf 87' lang='lat' dir='ltr'><strong>princeps</strong></span> <span class='ocrx_word' id='word_1_60' title='bbox 1750 1021 1815 1059; x_wconf 90' lang='lat' dir='ltr'><strong>ac</strong></span> <span class='ocrx_word' id='word_1_61' title='bbox 1844 1004 2097 1073; x_wconf 74' lang='lat' dir='ltr'><strong>populus</strong></span> 
     </span>
    </p>
   </div>
   <div class='ocr_carea' id='block_1_11' title="bbox 517 1097 2095 1170">
    <p class='ocr_par' dir='ltr' id='par_1_11' title="bbox 517 1097 2095 1170">
     <span class='ocr_line' id='line_1_11' title="bbox 517 1097 2095 1170; baseline -0.004 -12"><span class='ocrx_word' id='word_1_62' title='bbox 517 1103 773 1158; x_wconf 81' lang='lat' dir='ltr'><strong>armavit.</strong></span> <span class='ocrx_word' id='word_1_63' title='bbox 806 1102 1100 1166; x_wconf 79' lang='lat' dir='ltr'><strong>Caeterum,</strong></span> <span class='ocrx_word' id='word_1_64' title='bbox 1134 1099 1330 1170; x_wconf 77' lang='lat' dir='ltr'><strong>siquis</strong></span> <span class='ocrx_word' id='word_1_65' title='bbox 1350 1100 1493 1169; x_wconf 89' lang='lat' dir='ltr'><strong>apud</strong></span> <span class='ocrx_word' id='word_1_66' title='bbox 1541 1109 1593 1155; x_wconf 82' lang='lat' dir='ltr'><strong>te</strong></span> <span class='ocrx_word' id='word_1_67' title='bbox 1626 1097 1876 1154; x_wconf 88' lang='lat' dir='ltr'><strong>consiliis</strong></span> <span class='ocrx_word' id='word_1_68' title='bbox 1922 1099 2095 1153; x_wconf 84' lang='lat' dir='ltr'><strong>bene-</strong></span> 
     </span>
    </p>
   </div>
   <div class='ocr_carea' id='block_1_12' title="bbox 518 1189 2097 1261">
    <p class='ocr_par' dir='ltr' id='par_1_12' title="bbox 518 1189 2097 1261">
     <span class='ocr_line' id='line_1_12' title="bbox 518 1189 2097 1261; baseline 0.002 -19"><span class='ocrx_word' id='word_1_69' title='bbox 518 1193 658 1247; x_wconf 76' lang='lat' dir='ltr'><strong>\oiis</strong></span> <span class='ocrx_word' id='word_1_70' title='bbox 682 1193 837 1246; x_wconf 90' lang='lat' dir='ltr'><strong>locus</strong></span> <span class='ocrx_word' id='word_1_71' title='bbox 865 1201 970 1253; x_wconf 87' lang='lat' dir='ltr'><strong>est,</strong></span> <span class='ocrx_word' id='word_1_72' title='bbox 997 1202 1194 1261; x_wconf 85' lang='lat' dir='ltr'><strong>auctor</strong></span> <span class='ocrx_word' id='word_1_73' title='bbox 1225 1204 1557 1260; x_wconf 80' lang='lat' dir='ltr'><strong>magnopere</strong></span> <span class='ocrx_word' id='word_1_74' title='bbox 1588 1189 1689 1244; x_wconf 91' lang='lat' dir='ltr'><strong>tibi</strong></span> <span class='ocrx_word' id='word_1_75' title='bbox 1722 1205 1870 1254; x_wconf 86' lang='lat' dir='ltr'><strong>sunt,</strong></span> <span class='ocrx_word' id='word_1_76' title='bbox 1903 1200 1965 1244; x_wconf 88' lang='lat' dir='ltr'><strong>ut</strong></span> <span class='ocrx_word' id='word_1_77' title='bbox 1999 1205 2097 1245; x_wconf 86' lang='lat' dir='ltr'><strong>ne-</strong></span> 
     </span>
    </p>
   </div>
   <div class='ocr_carea' id='block_1_13' title="bbox 518 1282 2093 1353">
    <p class='ocr_par' dir='ltr' id='par_1_13' title="bbox 518 1282 2093 1353">
     <span class='ocr_line' id='line_1_13' title="bbox 518 1282 2093 1353; baseline 0 -16"><span class='ocrx_word' id='word_1_78' title='bbox 518 1284 779 1344; x_wconf 77' lang='lat' dir='ltr'><strong>cessitate</strong></span> <span class='ocrx_word' id='word_1_79' title='bbox 802 1283 857 1337; x_wconf 92' lang='lat' dir='ltr'><strong>in</strong></span> <span class='ocrx_word' id='word_1_80' title='bbox 882 1298 1040 1338; x_wconf 90' lang='lat' dir='ltr'><strong>usum</strong></span> <span class='ocrx_word' id='word_1_81' title='bbox 1071 1299 1250 1345; x_wconf 89' lang='lat' dir='ltr'><strong>versa,</strong></span> <span class='ocrx_word' id='word_1_82' title='bbox 1284 1282 1568 1346; x_wconf 89' lang='lat' dir='ltr'><strong>brevibus,</strong></span> <span class='ocrx_word' id='word_1_83' title='bbox 1593 1298 1732 1352; x_wconf 87' lang='lat' dir='ltr'><strong>quas</strong></span> <span class='ocrx_word' id='word_1_84' title='bbox 1758 1283 1948 1353; x_wconf 88' lang='lat' dir='ltr'><strong>fugere</strong></span> <span class='ocrx_word' id='word_1_85' title='bbox 1982 1299 2093 1338; x_wconf 92' lang='lat' dir='ltr'><strong>non</strong></span> 
     </span>
    </p>
   </div>
   <div class='ocr_carea' id='block_1_14' title="bbox 518 1375 2095 1447">
    <p class='ocr_par' dir='ltr' id='par_1_14' title="bbox 518 1375 2095 1447">
     <span class='ocr_line' id='line_1_14' title="bbox 518 1375 2095 1447; baseline -0.001 -15"><span class='ocrx_word' id='word_1_86' title='bbox 518 1385 698 1447; x_wconf 87' lang='lat' dir='ltr'><strong>potes,</strong></span> <span class='ocrx_word' id='word_1_87' title='bbox 762 1376 928 1446; x_wconf 84' lang='lat' dir='ltr'><strong>hujus</strong></span> <span class='ocrx_word' id='word_1_88' title='bbox 965 1377 1230 1443; x_wconf 85' lang='lat' dir='ltr'><strong>temporis</strong></span> <span class='ocrx_word' id='word_1_89' title='bbox 1281 1376 1459 1445; x_wconf 82' lang='lat' dir='ltr'><strong>poenis</strong></span> <span class='ocrx_word' id='word_1_90' title='bbox 1504 1375 1786 1446; x_wconf 87' lang='lat' dir='ltr'><strong>sapienter</strong></span> <span class='ocrx_word' id='word_1_91' title='bbox 1820 1375 1993 1430; x_wconf 86' lang='lat' dir='ltr'><strong>utaris</strong></span> <span class='ocrx_word' id='word_1_92' title='bbox 2026 1377 2095 1430; x_wconf 88' lang='lat' dir='ltr'><strong>ad</strong></span> 
     </span>
    </p>
   </div>
   <div class='ocr_carea' id='block_1_15' title="bbox 517 1469 2096 1539">
    <p class='ocr_par' dir='ltr' id='par_1_15' title="bbox 517 1469 2096 1539">
     <span class='ocr_line' id='line_1_15' title="bbox 517 1469 2096 1539; baseline 0.002 -17"><span class='ocrx_word' id='word_1_93' title='bbox 517 1469 839 1529; x_wconf 86' lang='lat' dir='ltr'><strong>redimenda</strong></span> <span class='ocrx_word' id='word_1_94' title='bbox 864 1470 1133 1539; x_wconf 88' lang='lat' dir='ltr'><strong>supplicia</strong></span> <span class='ocrx_word' id='word_1_95' title='bbox 1161 1479 1370 1525; x_wconf 65' lang='lat' dir='ltr'><strong>aeterna</strong></span> <span class='ocrx_word' id='word_1_96' title='bbox 1396 1484 1519 1538; x_wconf 72' lang='lat' dir='ltr'><strong>quin</strong></span> <span class='ocrx_word' id='word_1_97' title='bbox 1555 1469 1804 1539; x_wconf 77' lang='lat' dir='ltr'><strong>gravium</strong></span> <span class='ocrx_word' id='word_1_98' title='bbox 1839 1469 2096 1525; x_wconf 84' lang='lat' dir='ltr'><strong>conscios</strong></span> 
     </span>
    </p>
   </div>
   <div class='ocr_carea' id='block_1_16' title="bbox 516 1544 2099 1633">
    <p class='ocr_par' dir='ltr' id='par_1_16' title="bbox 516 1544 2099 1633">
     <span class='ocr_line' id='line_1_16' title="bbox 516 1544 2099 1633; baseline -0.001 -16"><span class='ocrx_word' id='word_1_99' title='bbox 516 1561 789 1618; x_wconf 78' lang='lat' dir='ltr'><strong>seelerum</strong></span> <span class='ocrx_word' id='word_1_100' title='bbox 826 1562 1136 1633; x_wconf 81' lang='lat' dir='ltr'><strong>inexpiatos</strong></span> <span class='ocrx_word' id='word_1_101' title='bbox 1164 1577 1231 1617; x_wconf 87' lang='lat' dir='ltr'><strong>ex</strong></span> <span class='ocrx_word' id='word_1_102' title='bbox 1271 1544 1376 1616; x_wconf 79' lang='lat' dir='ltr'><strong>hac</strong></span> <span class='ocrx_word' id='word_1_103' title='bbox 1403 1561 1516 1616; x_wconf 90' lang='lat' dir='ltr'><strong>vita</strong></span> <span class='ocrx_word' id='word_1_104' title='bbox 1560 1568 1919 1617; x_wconf 79' lang='lat' dir='ltr'><strong>transeuntes</strong></span> <span class='ocrx_word' id='word_1_105' title='bbox 1983 1576 2099 1615; x_wconf 88' lang='lat' dir='ltr'><strong>ma-</strong></span> 
     </span>
    </p>
   </div>
   <div class='ocr_carea' id='block_1_17' title="bbox 518 1665 677 1711">
    <p class='ocr_par' dir='ltr' id='par_1_17' title="bbox 518 1665 677 1711">
     <span class='ocr_line' id='line_1_17' title="bbox 518 1665 677 1711; baseline -0.006 -1"><span class='ocrx_word' id='word_1_106' title='bbox 518 1665 677 1711; x_wconf 86' lang='lat' dir='ltr'><strong>nent.</strong></span> 
     </span>
    </p>
   </div>
   <div class='ocr_carea' id='block_1_18' title="bbox 588 1745 2089 1806">
    <p class='ocr_par' dir='ltr' id='par_1_18' title="bbox 588 1745 2089 1806">
     <span class='ocr_line' id='line_1_18' title="bbox 588 1745 2089 1806; baseline -0.004 0"><span class='ocrx_word' id='word_1_107' title='bbox 588 1752 720 1806; x_wconf 88' lang='lat' dir='ltr'><strong>Vlll.</strong></span> <span class='ocrx_word' id='word_1_108' title='bbox 757 1750 853 1806; x_wconf 91' lang='lat' dir='ltr'><strong>llis</strong></span> <span class='ocrx_word' id='word_1_109' title='bbox 886 1760 1083 1805; x_wconf 89' lang='lat' dir='ltr'><strong>contra</strong></span> <span class='ocrx_word' id='word_1_110' title='bbox 1115 1748 1197 1803; x_wconf 89' lang='lat' dir='ltr'><strong>sic</strong></span> <span class='ocrx_word' id='word_1_111' title='bbox 1235 1747 1483 1803; x_wconf 88' lang='lat' dir='ltr'><strong>occurrit</strong></span> <span class='ocrx_word' id='word_1_112' title='bbox 1519 1745 2008 1803; x_wconf 85' lang='lat' dir='ltr'><strong>obfirmatissimus</strong></span> <span class='ocrx_word' id='word_1_113' title='bbox 2034 1745 2089 1800; x_wconf 90' lang='lat' dir='ltr'><strong>in</strong></span> 
     </span>
    </p>
   </div>
   <div class='ocr_carea' id='block_1_19' title="bbox 513 1839 2095 1911">
    <p class='ocr_par' dir='ltr' id='par_1_19' title="bbox 513 1839 2095 1911">
     <span class='ocr_line' id='line_1_19' title="bbox 513 1839 2095 1911; baseline -0.004 -12"><span class='ocrx_word' id='word_1_114' title='bbox 513 1844 858 1899; x_wconf 84' lang='lat' dir='ltr'><strong>contumacia</strong></span> <span class='ocrx_word' id='word_1_115' title='bbox 885 1843 1091 1898; x_wconf 90' lang='lat' dir='ltr'><strong>nebulo</strong></span> <span class='ocrx_word' id='word_1_116' title='bbox 1127 1860 1141 1896; x_wconf 89' lang='lat'><strong>:</strong></span> <span class='ocrx_word' id='word_1_117' title='bbox 1170 1841 1308 1897; x_wconf 88' lang='lat' dir='ltr'><strong>Novi</strong></span> <span class='ocrx_word' id='word_1_118' title='bbox 1337 1849 1394 1896; x_wconf 92' lang='lat' dir='ltr'><strong>ct</strong></span> <span class='ocrx_word' id='word_1_119' title='bbox 1443 1855 1569 1911; x_wconf 85' lang='lat' dir='ltr'><strong>ego,</strong></span> <span class='ocrx_word' id='word_1_120' title='bbox 1601 1839 1830 1910; x_wconf 86' lang='lat' dir='ltr'><strong>quando</strong></span> <span class='ocrx_word' id='word_1_121' title='bbox 1877 1849 1930 1894; x_wconf 87' lang='lat' dir='ltr'><strong>et</strong></span> <span class='ocrx_word' id='word_1_122' title='bbox 1958 1854 2095 1908; x_wconf 88' lang='lat' dir='ltr'><strong>qua-</strong></span> 
     </span>
    </p>
   </div>
   <div class='ocr_carea' id='block_1_20' title="bbox 514 1931 2091 2009">
    <p class='ocr_par' dir='ltr' id='par_1_20' title="bbox 514 1931 2091 2009">
     <span class='ocr_line' id='line_1_20' title="bbox 514 1931 2091 2009; baseline -0.004 -17"><span class='ocrx_word' id='word_1_123' title='bbox 514 1949 677 1994; x_wconf 89' lang='lat' dir='ltr'><strong>tenus</strong></span> <span class='ocrx_word' id='word_1_124' title='bbox 703 1954 845 2009; x_wconf 88' lang='lat' dir='ltr'><strong>opus</strong></span> <span class='ocrx_word' id='word_1_125' title='bbox 869 1948 975 2001; x_wconf 88' lang='lat' dir='ltr'><strong>est,</strong></span> <span class='ocrx_word' id='word_1_126' title='bbox 1009 1934 1329 2007; x_wconf 77' lang='lat' dir='ltr'><strong>praeliabere</strong></span> <span class='ocrx_word' id='word_1_127' title='bbox 1360 1934 1698 2004; x_wconf 87' lang='lat' dir='ltr'><strong>sempiterna</strong></span> <span class='ocrx_word' id='word_1_128' title='bbox 1732 1931 2091 1987; x_wconf 84' lang='lat' dir='ltr'><strong>transitoriis.</strong></span> 
     </span>
    </p>
   </div>
   <div class='ocr_carea' id='block_1_21' title="bbox 510 2025 2093 2103">
    <p class='ocr_par' dir='ltr' id='par_1_21' title="bbox 510 2025 2093 2103">
     <span class='ocr_line' id='line_1_21' title="bbox 510 2025 2093 2103; baseline -0.007 -14"><span class='ocrx_word' id='word_1_129' title='bbox 510 2035 714 2089; x_wconf 82' lang='lat' dir='ltr'><strong>Verum</strong></span> <span class='ocrx_word' id='word_1_130' title='bbox 739 2031 870 2103; x_wconf 88' lang='lat' dir='ltr'><strong>quid</strong></span> <span class='ocrx_word' id='word_1_131' title='bbox 920 2031 1039 2085; x_wconf 61' lang='lat' dir='ltr'><strong>haec</strong></span> <span class='ocrx_word' id='word_1_132' title='bbox 1061 2029 1130 2083; x_wconf 89' lang='lat' dir='ltr'><strong>ad</strong></span> <span class='ocrx_word' id='word_1_133' title='bbox 1170 2035 1496 2099; x_wconf 77' lang='lat' dir='ltr'><strong>praesentem</strong></span> <span class='ocrx_word' id='word_1_134' title='bbox 1543 2040 1788 2091; x_wconf 87' lang='lat' dir='ltr'><strong>causam,</strong></span> <span class='ocrx_word' id='word_1_135' title='bbox 1826 2025 1920 2079; x_wconf 88' lang='lat' dir='ltr'><strong>ubi</strong></span> <span class='ocrx_word' id='word_1_136' title='bbox 1980 2039 2093 2079; x_wconf 86' lang='lat' dir='ltr'><strong>non</strong></span> 
     </span>
    </p>
   </div>
   <div class='ocr_carea' id='block_1_22' title="bbox 510 2115 2092 2197">
    <p class='ocr_par' dir='ltr' id='par_1_22' title="bbox 510 2115 2092 2197">
     <span class='ocr_line' id='line_1_22' title="bbox 510 2115 2092 2197; baseline -0.006 -17"><span class='ocrx_word' id='word_1_137' title='bbox 510 2125 644 2197; x_wconf 84' lang='lat' dir='ltr'><strong>quid</strong></span> <span class='ocrx_word' id='word_1_138' title='bbox 664 2141 827 2197; x_wconf 83' lang='lat' dir='ltr'><strong>agere</strong></span> <span class='ocrx_word' id='word_1_139' title='bbox 852 2124 1085 2178; x_wconf 87' lang='lat' dir='ltr'><strong>debeam</strong></span> <span class='ocrx_word' id='word_1_140' title='bbox 1115 2121 1220 2176; x_wconf 89' lang='lat' dir='ltr'><strong>rite</strong></span> <span class='ocrx_word' id='word_1_141' title='bbox 1245 2120 1569 2181; x_wconf 87' lang='lat' dir='ltr'><strong>damnatus,</strong></span> <span class='ocrx_word' id='word_1_142' title='bbox 1603 2117 1698 2174; x_wconf 88' lang='lat' dir='ltr'><strong>sed</strong></span> <span class='ocrx_word' id='word_1_143' title='bbox 1734 2133 1805 2172; x_wconf 89' lang='lat' dir='ltr'><strong>an</strong></span> <span class='ocrx_word' id='word_1_144' title='bbox 1841 2115 2092 2172; x_wconf 85' lang='lat' dir='ltr'><strong>damnari</strong></span> 
     </span>
    </p>
   </div>
   <div class='ocr_carea' id='block_1_23' title="bbox 510 2208 2091 2292">
    <p class='ocr_par' dir='ltr' id='par_1_23' title="bbox 510 2208 2091 2292">
     <span class='ocr_line' id='line_1_23' title="bbox 510 2208 2091 2292; baseline -0.007 -18"><span class='ocrx_word' id='word_1_145' title='bbox 510 2222 631 2292; x_wconf 77' lang='lat' dir='ltr'><strong>iure</strong></span> <span class='ocrx_word' id='word_1_146' title='bbox 659 2218 865 2290; x_wconf 82' lang='lat' dir='ltr'><strong>possim</strong></span> <span class='ocrx_word' id='word_1_147' title='bbox 892 2213 1208 2285; x_wconf 65' lang='lat' dir='ltr'><strong>quaeritur?</strong></span> <span class='ocrx_word' id='word_1_148' title='bbox 1236 2212 1340 2268; x_wconf 79' lang='lat' dir='ltr'><strong>Aio</strong></span> <span class='ocrx_word' id='word_1_149' title='bbox 1384 2227 1490 2286; x_wconf 86' lang='lat' dir='ltr'><strong>ego</strong></span> <span class='ocrx_word' id='word_1_150' title='bbox 1553 2220 1611 2266; x_wconf 89' lang='lat' dir='ltr'><strong>ct</strong></span> <span class='ocrx_word' id='word_1_151' title='bbox 1646 2225 1965 2281; x_wconf 80' lang='lat' dir='ltr'><strong>persevero,</strong></span> <span class='ocrx_word' id='word_1_152' title='bbox 2008 2208 2091 2264; x_wconf 87' lang='lat' dir='ltr'><strong>uti</strong></span> 
     </span>
    </p>
   </div>
   <div class='ocr_carea' id='block_1_24' title="bbox 511 2301 2092 2377">
    <p class='ocr_par' dir='ltr' id='par_1_24' title="bbox 511 2301 2092 2377">
     <span class='ocr_line' id='line_1_24' title="bbox 511 2301 2092 2377; baseline -0.008 -9"><span class='ocrx_word' id='word_1_153' title='bbox 511 2314 712 2377; x_wconf 87' lang='lat' dir='ltr'><strong>debeo,</strong></span> <span class='ocrx_word' id='word_1_154' title='bbox 750 2307 1224 2369; x_wconf 81' lang='lat' dir='ltr'><strong>constantissime,</strong></span> <span class='ocrx_word' id='word_1_155' title='bbox 1284 2306 1655 2360; x_wconf 87' lang='lat' dir='ltr'><strong>innocentem‘</strong></span> <span class='ocrx_word' id='word_1_156' title='bbox 1689 2318 1779 2358; x_wconf 88' lang='lat' dir='ltr'><strong>me</strong></span> <span class='ocrx_word' id='word_1_157' title='bbox 1841 2301 2092 2357; x_wconf 81' lang='lat' dir='ltr'><strong>accusari</strong></span> 
     </span>
    </p>
   </div>
   <div class='ocr_carea' id='block_1_25' title="bbox 514 2380 2092 2469">
    <p class='ocr_par' dir='ltr' id='par_1_25' title="bbox 514 2380 2092 2469">
     <span class='ocr_line' id='line_1_25' title="bbox 514 2380 2092 2469; baseline -0.007 -8"><span class='ocrx_word' id='word_1_158' title='bbox 514 2408 650 2461; x_wconf 79' lang='lat' dir='ltr'><strong>falso</strong></span> <span class='ocrx_word' id='word_1_159' title='bbox 706 2420 772 2459; x_wconf 89' lang='lat' dir='ltr'><strong>ac</strong></span> <span class='ocrx_word' id='word_1_160' title='bbox 839 2388 1234 2457; x_wconf 75' lang='lat' dir='ltr'><strong>circumveniri</strong></span> <span class='ocrx_word' id='word_1_161' title='bbox 1291 2413 1390 2469; x_wconf 89' lang='lat' dir='ltr'><strong>per</strong></span> <span class='ocrx_word' id='word_1_162' title='bbox 1438 2397 1766 2454; x_wconf 78' lang='lat' dir='ltr'><strong>calumnias.</strong></span> <span class='ocrx_word' id='word_1_163' title='bbox 1819 2396 1900 2451; x_wconf 84' lang='lat' dir='ltr'><strong>Tu</strong></span> <span class='ocrx_word' id='word_1_164' title='bbox 1957 2380 2092 2450; x_wconf 73' lang='lat' dir='ltr'><strong>vero</strong></span> 
     </span>
    </p>
   </div>
   <div class='ocr_carea' id='block_1_26' title="bbox 511 2489 2093 2570">
    <p class='ocr_par' dir='ltr' id='par_1_26' title="bbox 511 2489 2093 2570">
     <span class='ocr_line' id='line_1_26' title="bbox 511 2489 2093 2570; baseline -0.007 -16"><span class='ocrx_word' id='word_1_165' title='bbox 511 2514 729 2570; x_wconf 84' lang='lat' dir='ltr'><strong>acquum</strong></span> <span class='ocrx_word' id='word_1_166' title='bbox 762 2511 975 2558; x_wconf 83' lang='lat' dir='ltr'><strong>censes,</strong></span> <span class='ocrx_word' id='word_1_167' title='bbox 1006 2495 1297 2563; x_wconf 87' lang='lat' dir='ltr'><strong>cooperari</strong></span> <span class='ocrx_word' id='word_1_168' title='bbox 1343 2507 1432 2547; x_wconf 85' lang='lat' dir='ltr'><strong>me</strong></span> <span class='ocrx_word' id='word_1_169' title='bbox 1461 2490 1742 2561; x_wconf 83' lang='lat' dir='ltr'><strong>iniquitati</strong></span> <span class='ocrx_word' id='word_1_170' title='bbox 1773 2489 2093 2561; x_wconf 82' lang='lat' dir='ltr'><strong>opprimen-</strong></span> 
     </span>
    </p>
   </div>
   <div class='ocr_carea' id='block_1_27' title="bbox 516 2579 2092 2654">
    <p class='ocr_par' dir='ltr' id='par_1_27' title="bbox 516 2579 2092 2654">
     <span class='ocr_line' id='line_1_27' title="bbox 516 2579 2092 2654; baseline -0.006 -9"><span class='ocrx_word' id='word_1_171' title='bbox 516 2595 652 2645; x_wconf 87' lang='lat' dir='ltr'><strong>tium</strong></span> <span class='ocrx_word' id='word_1_172' title='bbox 691 2605 804 2647; x_wconf 88' lang='lat' dir='ltr'><strong>me.</strong></span> <span class='ocrx_word' id='word_1_173' title='bbox 835 2586 984 2654; x_wconf 83' lang='lat' dir='ltr'><strong>Quid</strong></span> <span class='ocrx_word' id='word_1_174' title='bbox 1008 2586 1158 2640; x_wconf 88' lang='lat' dir='ltr'><strong>enim</strong></span> <span class='ocrx_word' id='word_1_175' title='bbox 1186 2583 1336 2639; x_wconf 82' lang='lat' dir='ltr'><strong>aliud</strong></span> <span class='ocrx_word' id='word_1_176' title='bbox 1360 2582 1533 2638; x_wconf 86' lang='lat' dir='ltr'><strong>fuerit</strong></span> <span class='ocrx_word' id='word_1_177' title='bbox 1565 2579 2012 2651; x_wconf 87' lang='lat' dir='ltr'><strong>mendaci,quod</strong></span> <span class='ocrx_word' id='word_1_178' title='bbox 2031 2589 2092 2635; x_wconf 92' lang='lat' dir='ltr'><strong>tu</strong></span> 
     </span>
    </p>
   </div>
   <div class='ocr_carea' id='block_1_28' title="bbox 515 2675 2092 2749">
    <p class='ocr_par' dir='ltr' id='par_1_28' title="bbox 515 2675 2092 2749">
     <span class='ocr_line' id='line_1_28' title="bbox 515 2675 2092 2749; baseline -0.008 -8"><span class='ocrx_word' id='word_1_179' title='bbox 515 2687 776 2748; x_wconf 83' lang='lat' dir='ltr'><strong>hortaris,</strong></span> <span class='ocrx_word' id='word_1_180' title='bbox 798 2681 1149 2739; x_wconf 72' lang='lat' dir='ltr'><strong>confessione</strong></span> <span class='ocrx_word' id='word_1_181' title='bbox 1186 2679 1478 2749; x_wconf 87' lang='lat' dir='ltr'><strong>imponere</strong></span> <span class='ocrx_word' id='word_1_182' title='bbox 1524 2675 1880 2732; x_wconf 63' lang='lat' dir='ltr'><strong>conscientia:</strong></span> <span class='ocrx_word' id='word_1_183' title='bbox 1931 2690 2092 2741; x_wconf 62' lang='lat' dir='ltr'><strong>utea,</strong></span> 
     </span>
    </p>
   </div>
   <div class='ocr_carea' id='block_1_29' title="bbox 512 2767 2095 2849">
    <p class='ocr_par' dir='ltr' id='par_1_29' title="bbox 512 2767 2095 2849">
     <span class='ocr_line' id='line_1_29' title="bbox 512 2767 2095 2849; baseline -0.007 -15"><span class='ocrx_word' id='word_1_184' title='bbox 512 2782 802 2849; x_wconf 80' lang='lat' dir='ltr'><strong>etiiugere</strong></span> <span class='ocrx_word' id='word_1_185' title='bbox 828 2792 916 2833; x_wconf 86' lang='lat' dir='ltr'><strong>me</strong></span> <span class='ocrx_word' id='word_1_186' title='bbox 946 2776 1145 2831; x_wconf 81' lang='lat' dir='ltr'><strong>fecisse</strong></span> <span class='ocrx_word' id='word_1_187' title='bbox 1195 2788 1320 2843; x_wconf 72' lang='lat' dir='ltr'><strong>qua:</strong></span> <span class='ocrx_word' id='word_1_188' title='bbox 1374 2786 1487 2826; x_wconf 82' lang='lat' dir='ltr'><strong>non</strong></span> <span class='ocrx_word' id='word_1_189' title='bbox 1533 2769 1679 2825; x_wconf 79' lang='lat' dir='ltr'><strong>feci?</strong></span> <span class='ocrx_word' id='word_1_190' title='bbox 1731 2768 1924 2825; x_wconf 82' lang='lat' dir='ltr'><strong>Scelus</strong></span> <span class='ocrx_word' id='word_1_191' title='bbox 1984 2767 2095 2843; x_wconf 79' lang='lat' dir='ltr'><strong>hoc</strong></span> 
     </span>
    </p>
   </div>
   <div class='ocr_carea' id='block_1_30' title="bbox 512 2861 2095 2937">
    <p class='ocr_par' dir='ltr' id='par_1_30' title="bbox 512 2861 2095 2937">
     <span class='ocr_line' id='line_1_30' title="bbox 512 2861 2095 2937; baseline -0.011 -6"><span class='ocrx_word' id='word_1_192' title='bbox 512 2877 799 2931; x_wconf 78' lang='lat' dir='ltr'><strong>enimvero</strong></span> <span class='ocrx_word' id='word_1_193' title='bbox 857 2871 1022 2933; x_wconf 89' lang='lat' dir='ltr'><strong>foret,</strong></span> <span class='ocrx_word' id='word_1_194' title='bbox 1066 2867 1186 2923; x_wconf 86' lang='lat' dir='ltr'><strong>istis</strong></span> <span class='ocrx_word' id='word_1_195' title='bbox 1215 2882 1341 2937; x_wconf 67' lang='lat' dir='ltr'><strong>quae</strong></span> <span class='ocrx_word' id='word_1_196' title='bbox 1393 2863 1674 2919; x_wconf 82' lang='lat' dir='ltr'><strong>iutentasti</strong></span> <span class='ocrx_word' id='word_1_197' title='bbox 1721 2862 1923 2916; x_wconf 64' lang='lat' dir='ltr'><strong>futurae</strong></span> <span class='ocrx_word' id='word_1_198' title='bbox 1963 2861 2095 2915; x_wconf 64' lang='lat' dir='ltr'><strong>vita!</strong></span> 
     </span>
    </p>
   </div>
   <div class='ocr_carea' id='block_1_31' title="bbox 515 2953 2095 3031">
    <p class='ocr_par' dir='ltr' id='par_1_31' title="bbox 515 2953 2095 3031">
     <span class='ocr_line' id='line_1_31' title="bbox 515 2953 2095 3031; baseline -0.011 -9"><span class='ocrx_word' id='word_1_199' title='bbox 515 2965 799 3022; x_wconf 80' lang='lat' dir='ltr'><strong>immensis</strong></span> <span class='ocrx_word' id='word_1_200' title='bbox 843 2960 1132 3031; x_wconf 84' lang='lat' dir='ltr'><strong>suppliciis</strong></span> <span class='ocrx_word' id='word_1_201' title='bbox 1163 2956 1452 3020; x_wconf 80' lang='lat' dir='ltr'><strong>luendum,</strong></span> <span class='ocrx_word' id='word_1_202' title='bbox 1486 2971 1598 3024; x_wconf 87' lang='lat' dir='ltr'><strong>quo</strong></span> <span class='ocrx_word' id='word_1_203' title='bbox 1622 2963 1835 3009; x_wconf 82' lang='lat' dir='ltr'><strong>avertat</strong></span> <span class='ocrx_word' id='word_1_204' title='bbox 1860 2953 2007 3007; x_wconf 83' lang='lat' dir='ltr'><strong>Deus</strong></span> <span class='ocrx_word' id='word_1_205' title='bbox 2024 2965 2095 3006; x_wconf 87' lang='lat' dir='ltr'><strong>ne</strong></span> 
     </span>
    </p>
   </div>
   <div class='ocr_carea' id='block_1_32' title="bbox 515 3042 2095 3114">
    <p class='ocr_par' dir='ltr' id='par_1_32' title="bbox 515 3042 2095 3114">
     <span class='ocr_line' id='line_1_32' title="bbox 515 3042 2095 3114; baseline -0.012 0"><span class='ocrx_word' id='word_1_206' title='bbox 515 3076 603 3114; x_wconf 86' lang='lat' dir='ltr'><strong>me</strong></span> <span class='ocrx_word' id='word_1_207' title='bbox 628 3053 1023 3112; x_wconf 83' lang='lat' dir='ltr'><strong>contaminent.</strong></span> <span class='ocrx_word' id='word_1_208' title='bbox 1061 3054 1142 3105; x_wconf 79' lang='lat' dir='ltr'><strong>An</strong></span> <span class='ocrx_word' id='word_1_209' title='bbox 1173 3049 1321 3104; x_wconf 88' lang='lat' dir='ltr'><strong>enim</strong></span> <span class='ocrx_word' id='word_1_210' title='bbox 1381 3045 1561 3101; x_wconf 82' lang='lat' dir='ltr'><strong>levius</strong></span> <span class='ocrx_word' id='word_1_211' title='bbox 1614 3042 1903 3099; x_wconf 87' lang='lat' dir='ltr'><strong>arbitraris</strong></span> <span class='ocrx_word' id='word_1_212' title='bbox 1961 3056 2095 3113; x_wconf 85' lang='lat' dir='ltr'><strong>pec-</strong></span> 
     </span>
    </p>
   </div>
   <div class='ocr_carea' id='block_1_33' title="bbox 2203 537 3845 631">
    <p class='ocr_par' dir='ltr' id='par_1_33' title="bbox 2203 537 3845 631">
     <span class='ocr_line' id='line_1_33' title="bbox 2203 537 3845 631; baseline 0.01 -40"><span class='ocrx_word' id='word_1_213' title='bbox 2203 537 2452 608; x_wconf 88' lang='lat' dir='ltr'><strong>hospitio</strong></span> <span class='ocrx_word' id='word_1_214' title='bbox 2484 554 2704 596; x_wconf 88' lang='lat' dir='ltr'><strong>usuros.</strong></span> <span class='ocrx_word' id='word_1_215' title='bbox 2750 540 2976 597; x_wconf 82' lang='lat' dir='ltr'><strong>interim</strong></span> <span class='ocrx_word' id='word_1_216' title='bbox 3006 552 3191 599; x_wconf 86' lang='lat' dir='ltr'><strong>autem</strong></span> <span class='ocrx_word' id='word_1_217' title='bbox 3229 545 3363 615; x_wconf 77' lang='lat' dir='ltr'><strong>pica:</strong></span> <span class='ocrx_word' id='word_1_218' title='bbox 3395 546 3608 604; x_wconf 78' lang='lat' dir='ltr'><strong>dictata</strong></span> <span class='ocrx_word' id='word_1_219' title='bbox 3638 566 3784 620; x_wconf 78' lang='lat' dir='ltr'><strong>quo-</strong></span> <span class='ocrx_word' id='word_1_220' title='bbox 3830 616 3845 631; x_wconf 45' lang='grc' dir='ltr'><strong><em>σ</em></strong></span> 
     </span>
    </p>
   </div>
   <div class='ocr_carea' id='block_1_34' title="bbox 2203 628 3782 713">
    <p class='ocr_par' dir='ltr' id='par_1_34' title="bbox 2203 628 3782 713">
     <span class='ocr_line' id='line_1_34' title="bbox 2203 628 3782 713; baseline 0.009 -30"><span class='ocrx_word' id='word_1_221' title='bbox 2203 628 2339 683; x_wconf 82' lang='lat' dir='ltr'><strong>tidte</strong></span> <span class='ocrx_word' id='word_1_222' title='bbox 2373 630 2674 688; x_wconf 75' lang='lat' dir='ltr'><strong>recitantes</strong></span> <span class='ocrx_word' id='word_1_223' title='bbox 2703 633 3062 691; x_wconf 85' lang='lat' dir='ltr'><strong>oblectationi</strong></span> <span class='ocrx_word' id='word_1_224' title='bbox 3096 635 3421 694; x_wconf 80' lang='lat' dir='ltr'><strong>domesticis</strong></span> <span class='ocrx_word' id='word_1_225' title='bbox 3461 651 3651 706; x_wconf 80' lang='lat' dir='ltr'><strong>erant.</strong></span> <span class='ocrx_word' id='word_1_226' title='bbox 3685 657 3782 713; x_wconf 65' lang='lat' dir='ltr'><strong>pe.</strong></span> 
     </span>
    </p>
   </div>
   <div class='ocr_carea' id='block_1_35' title="bbox 2201 720 3786 790">
    <p class='ocr_par' dir='ltr' id='par_1_35' title="bbox 2201 720 3786 790">
     <span class='ocr_line' id='line_1_35' title="bbox 2201 720 3786 790; baseline 0.011 -18"><span class='ocrx_word' id='word_1_227' title='bbox 2201 720 2484 790; x_wconf 88' lang='lat' dir='ltr'><strong>regrinum</strong></span> <span class='ocrx_word' id='word_1_228' title='bbox 2516 722 2759 779; x_wconf 83' lang='lat' dir='ltr'><strong>humano</strong></span> <span class='ocrx_word' id='word_1_229' title='bbox 2796 725 3034 782; x_wconf 65' lang='lat' dir='ltr'><strong>similem</strong></span> <span class='ocrx_word' id='word_1_230' title='bbox 3062 742 3095 781; x_wconf 90' lang='lat' dir='ltr'><strong>e</strong></span> <span class='ocrx_word' id='word_1_231' title='bbox 3126 729 3323 785; x_wconf 87' lang='lat' dir='ltr'><strong>rostris</strong></span> <span class='ocrx_word' id='word_1_232' title='bbox 3368 728 3640 787; x_wconf 78' lang='lat' dir='ltr'><strong>emissum</strong></span> <span class='ocrx_word' id='word_1_233' title='bbox 3690 748 3786 789; x_wconf 55' lang='lat' dir='ltr'><strong>vo.</strong></span> 
     </span>
    </p>
   </div>
   <div class='ocr_carea' id='block_1_36' title="bbox 2198 810 3785 884">
    <p class='ocr_par' dir='ltr' id='par_1_36' title="bbox 2198 810 3785 884">
     <span class='ocr_line' id='line_1_36' title="bbox 2198 810 3785 884; baseline 0.012 -19"><span class='ocrx_word' id='word_1_234' title='bbox 2198 810 2417 867; x_wconf 82' lang='lat' dir='ltr'><strong>lucrum</strong></span> <span class='ocrx_word' id='word_1_235' title='bbox 2448 813 2855 873; x_wconf 75' lang='lat' dir='ltr'><strong>admirantibus</strong></span> <span class='ocrx_word' id='word_1_236' title='bbox 2884 834 3109 884; x_wconf 67' lang='lat' dir='ltr'><strong>sonum,</strong></span> <span class='ocrx_word' id='word_1_237' title='bbox 3140 823 3361 877; x_wconf 80' lang='lat' dir='ltr'><strong>nemine</strong></span> <span class='ocrx_word' id='word_1_238' title='bbox 3392 832 3581 881; x_wconf 82' lang='lat' dir='ltr'><strong>tamen</strong></span> <span class='ocrx_word' id='word_1_239' title='bbox 3616 827 3785 883; x_wconf 80' lang='lat' dir='ltr'><strong>intel-</strong></span> 
     </span>
    </p>
   </div>
   <div class='ocr_carea' id='block_1_37' title="bbox 2198 904 3786 986">
    <p class='ocr_par' dir='ltr' id='par_1_37' title="bbox 2198 904 3786 986">
     <span class='ocr_line' id='line_1_37' title="bbox 2198 904 3786 986; baseline 0.012 -28"><span class='ocrx_word' id='word_1_240' title='bbox 2198 904 2405 974; x_wconf 86' lang='lat' dir='ltr'><strong>ligente</strong></span> <span class='ocrx_word' id='word_1_241' title='bbox 2431 908 2564 977; x_wconf 86' lang='lat' dir='ltr'><strong>quid</strong></span> <span class='ocrx_word' id='word_1_242' title='bbox 2596 908 2763 964; x_wconf 86' lang='lat' dir='ltr'><strong>verba</strong></span> <span class='ocrx_word' id='word_1_243' title='bbox 2794 911 3169 982; x_wconf 79' lang='lat' dir='ltr'><strong>significarent</strong></span> <span class='ocrx_word' id='word_1_244' title='bbox 3199 930 3215 967; x_wconf 91' lang='lat'><strong>:</strong></span> <span class='ocrx_word' id='word_1_245' title='bbox 3254 917 3462 986; x_wconf 78' lang='lat' dir='ltr'><strong>quippe</strong></span> <span class='ocrx_word' id='word_1_246' title='bbox 3512 933 3644 973; x_wconf 86' lang='lat' dir='ltr'><strong>cum</strong></span> <span class='ocrx_word' id='word_1_247' title='bbox 3674 935 3786 977; x_wconf 87' lang='lat' dir='ltr'><strong>non</strong></span> 
     </span>
    </p>
   </div>
   <div class='ocr_carea' id='block_1_38' title="bbox 2196 998 3785 1078">
    <p class='ocr_par' dir='ltr' id='par_1_38' title="bbox 2196 998 3785 1078">
     <span class='ocr_line' id='line_1_38' title="bbox 2196 998 3785 1078; baseline 0.008 -25"><span class='ocrx_word' id='word_1_248' title='bbox 2196 1007 2347 1053; x_wconf 82' lang='lat' dir='ltr'><strong>esset</strong></span> <span class='ocrx_word' id='word_1_249' title='bbox 2379 998 2454 1054; x_wconf 91' lang='lat' dir='ltr'><strong>ibi</strong></span> <span class='ocrx_word' id='word_1_250' title='bbox 2506 1000 2652 1056; x_wconf 83' lang='lat' dir='ltr'><strong>ullus</strong></span> <span class='ocrx_word' id='word_1_251' title='bbox 2687 1004 2785 1071; x_wconf 83' lang='lat' dir='ltr'><strong>qui</strong></span> <span class='ocrx_word' id='word_1_252' title='bbox 2842 1004 3009 1063; x_wconf 87' lang='lat' dir='ltr'><strong>sciret</strong></span> <span class='ocrx_word' id='word_1_253' title='bbox 3053 1006 3294 1071; x_wconf 81' lang='lat' dir='ltr'><strong>Persice,</strong></span> <span class='ocrx_word' id='word_1_254' title='bbox 3351 1018 3555 1078; x_wconf 60' lang='lat' dir='ltr'><strong>praeter</strong></span> <span class='ocrx_word' id='word_1_255' title='bbox 3611 1026 3785 1065; x_wconf 84' lang='lat' dir='ltr'><strong>unum</strong></span> 
     </span>
    </p>
   </div>
   <div class='ocr_carea' id='block_1_39' title="bbox 2180 1086 3784 1169">
    <p class='ocr_par' dir='ltr' id='par_1_39' title="bbox 2180 1086 3784 1169">
     <span class='ocr_line' id='line_1_39' title="bbox 2180 1086 3784 1169; baseline 0.011 -28"><span class='ocrx_word' id='word_1_256' title='bbox 2180 1086 2381 1156; x_wconf 87' lang='lat' dir='ltr'><strong>ipsum</strong></span> <span class='ocrx_word' id='word_1_257' title='bbox 2413 1091 2622 1149; x_wconf 88' lang='lat' dir='ltr'><strong>fraudis</strong></span> <span class='ocrx_word' id='word_1_258' title='bbox 2652 1094 2943 1151; x_wconf 78' lang='lat' dir='ltr'><strong>artiﬁcem.</strong></span> <span class='ocrx_word' id='word_1_259' title='bbox 2969 1097 3201 1169; x_wconf 80' lang='lat' dir='ltr'><strong>Jamque</strong></span> <span class='ocrx_word' id='word_1_260' title='bbox 3230 1101 3283 1156; x_wconf 87' lang='lat' dir='ltr'><strong>in</strong></span> <span class='ocrx_word' id='word_1_261' title='bbox 3328 1103 3595 1157; x_wconf 81' lang='lat' dir='ltr'><strong>viciniam</strong></span> <span class='ocrx_word' id='word_1_262' title='bbox 3640 1105 3784 1159; x_wconf 77' lang='lat' dir='ltr'><strong>fama</strong></span> 
     </span>
    </p>
   </div>
   <div class='ocr_carea' id='block_1_40' title="bbox 2198 1186 3787 1259">
    <p class='ocr_par' dir='ltr' id='par_1_40' title="bbox 2198 1186 3787 1259">
     <span class='ocr_line' id='line_1_40' title="bbox 2198 1186 3787 1259; baseline 0.01 -26"><span class='ocrx_word' id='word_1_263' title='bbox 2198 1192 2583 1249; x_wconf 82' lang='lat' dir='ltr'><strong>emanaverat,</strong></span> <span class='ocrx_word' id='word_1_264' title='bbox 2631 1194 2691 1238; x_wconf 90' lang='lat' dir='ltr'><strong>et</strong></span> <span class='ocrx_word' id='word_1_265' title='bbox 2742 1186 2944 1242; x_wconf 75' lang='lat' dir='ltr'><strong>domus</strong></span> <span class='ocrx_word' id='word_1_266' title='bbox 2999 1189 3459 1259; x_wconf 73' lang='lat' dir='ltr'><strong>frequentabatur</strong></span> <span class='ocrx_word' id='word_1_267' title='bbox 3506 1210 3787 1250; x_wconf 86' lang='lat' dir='ltr'><strong>concursu</strong></span> 
     </span>
    </p>
   </div>
   <div class='ocr_carea' id='block_1_41' title="bbox 2199 1274 3788 1350">
    <p class='ocr_par' dir='ltr' id='par_1_41' title="bbox 2199 1274 3788 1350">
     <span class='ocr_line' id='line_1_41' title="bbox 2199 1274 3788 1350; baseline 0.009 -22"><span class='ocrx_word' id='word_1_268' title='bbox 2199 1274 2574 1340; x_wconf 86' lang='lat' dir='ltr'><strong>curiosorum,</strong></span> <span class='ocrx_word' id='word_1_269' title='bbox 2604 1278 2802 1333; x_wconf 83' lang='lat' dir='ltr'><strong>audire</strong></span> <span class='ocrx_word' id='word_1_270' title='bbox 2833 1282 3191 1350; x_wconf 82' lang='lat' dir='ltr'><strong>gestientium</strong></span> <span class='ocrx_word' id='word_1_271' title='bbox 3248 1284 3493 1341; x_wconf 84' lang='lat' dir='ltr'><strong>humano</strong></span> <span class='ocrx_word' id='word_1_272' title='bbox 3524 1301 3788 1344; x_wconf 87' lang='lat' dir='ltr'><strong>sermone</strong></span> 
     </span>
    </p>
   </div>
   <div class='ocr_carea' id='block_1_42' title="bbox 2202 1368 3786 1438">
    <p class='ocr_par' dir='ltr' id='par_1_42' title="bbox 2202 1368 3786 1438">
     <span class='ocr_line' id='line_1_42' title="bbox 2202 1368 3786 1438; baseline 0.011 -19"><span class='ocrx_word' id='word_1_273' title='bbox 2202 1375 2423 1422; x_wconf 83' lang='lat' dir='ltr'><strong>utentes</strong></span> <span class='ocrx_word' id='word_1_274' title='bbox 2478 1368 2660 1436; x_wconf 85' lang='lat' dir='ltr'><strong>alites,</strong></span> <span class='ocrx_word' id='word_1_275' title='bbox 2707 1386 2771 1427; x_wconf 90' lang='lat' dir='ltr'><strong>ac</strong></span> <span class='ocrx_word' id='word_1_276' title='bbox 2815 1373 3076 1430; x_wconf 81' lang='lat' dir='ltr'><strong>videlicet</strong></span> <span class='ocrx_word' id='word_1_277' title='bbox 3137 1377 3507 1434; x_wconf 80' lang='lat' dir='ltr'><strong>invidentium</strong></span> <span class='ocrx_word' id='word_1_278' title='bbox 3571 1381 3786 1438; x_wconf 82' lang='lat' dir='ltr'><strong>Persidi</strong></span> 
     </span>
    </p>
   </div>
   <div class='ocr_carea' id='block_1_43' title="bbox 2199 1455 3762 1544">
    <p class='ocr_par' dir='ltr' id='par_1_43' title="bbox 2199 1455 3762 1544">
     <span class='ocr_line' id='line_1_43' title="bbox 2199 1455 3762 1544; baseline 0.012 -35"><span class='ocrx_word' id='word_1_279' title='bbox 2199 1455 2520 1512; x_wconf 84' lang='lat' dir='ltr'><strong>felicitatem</strong></span> <span class='ocrx_word' id='word_1_280' title='bbox 2579 1474 2801 1528; x_wconf 85' lang='lat' dir='ltr'><strong>raram;</strong></span> <span class='ocrx_word' id='word_1_281' title='bbox 2851 1463 2969 1533; x_wconf 84' lang='lat' dir='ltr'><strong>ipsa</strong></span> <span class='ocrx_word' id='word_1_282' title='bbox 3041 1480 3264 1537; x_wconf 87' lang='lat' dir='ltr'><strong>quoque</strong></span> <span class='ocrx_word' id='word_1_283' title='bbox 3322 1470 3601 1526; x_wconf 82' lang='lat' dir='ltr'><strong>interdum</strong></span> <span class='ocrx_word' id='word_1_284' title='bbox 3658 1489 3762 1544; x_wconf 84' lang='lat' dir='ltr'><strong>gau</strong></span> 
     </span>
    </p>
   </div>
   <div class='ocr_carea' id='block_1_44' title="bbox 2200 1548 3784 1627">
    <p class='ocr_par' dir='ltr' id='par_1_44' title="bbox 2200 1548 3784 1627">
     <span class='ocr_line' id='line_1_44' title="bbox 2200 1548 3784 1627; baseline 0.011 -25"><span class='ocrx_word' id='word_1_285' title='bbox 2200 1548 2367 1604; x_wconf 89' lang='lat' dir='ltr'><strong>dente</strong></span> <span class='ocrx_word' id='word_1_286' title='bbox 2398 1552 2837 1620; x_wconf 83' lang='lat' dir='ltr'><strong>matrefamilias,</strong></span> <span class='ocrx_word' id='word_1_287' title='bbox 2866 1558 3063 1624; x_wconf 86' lang='lat' dir='ltr'><strong>quanti</strong></span> <span class='ocrx_word' id='word_1_288' title='bbox 3089 1560 3422 1627; x_wconf 85' lang='lat' dir='ltr'><strong>suipericuli</strong></span> <span class='ocrx_word' id='word_1_289' title='bbox 3453 1563 3784 1619; x_wconf 80' lang='lat' dir='ltr'><strong>miraculum</strong></span> 
     </span>
    </p>
   </div>
   <div class='ocr_carea' id='block_1_45' title="bbox 2200 1642 3784 1719">
    <p class='ocr_par' dir='ltr' id='par_1_45' title="bbox 2200 1642 3784 1719">
     <span class='ocr_line' id='line_1_45' title="bbox 2200 1642 3784 1719; baseline 0.011 -23"><span class='ocrx_word' id='word_1_290' title='bbox 2200 1642 2308 1699; x_wconf 88' lang='lat' dir='ltr'><strong>hoc</strong></span> <span class='ocrx_word' id='word_1_291' title='bbox 2356 1656 2525 1707; x_wconf 86' lang='lat' dir='ltr'><strong>esset,</strong></span> <span class='ocrx_word' id='word_1_292' title='bbox 2564 1656 2680 1701; x_wconf 89' lang='lat' dir='ltr'><strong>tum</strong></span> <span class='ocrx_word' id='word_1_293' title='bbox 2715 1646 2895 1702; x_wconf 80' lang='lat' dir='ltr'><strong>adhuc</strong></span> <span class='ocrx_word' id='word_1_294' title='bbox 2939 1649 3127 1719; x_wconf 80' lang='lat' dir='ltr'><strong>ignara</strong></span> <span class='ocrx_word' id='word_1_295' title='bbox 3158 1661 3214 1706; x_wconf 88' lang='lat' dir='ltr'><strong>et</strong></span> <span class='ocrx_word' id='word_1_296' title='bbox 3263 1652 3390 1708; x_wconf 87' lang='lat' dir='ltr'><strong>ideo</strong></span> <span class='ocrx_word' id='word_1_297' title='bbox 3448 1670 3669 1711; x_wconf 86' lang='lat' dir='ltr'><strong>secura.</strong></span> <span class='ocrx_word' id='word_1_298' title='bbox 3714 1659 3784 1713; x_wconf 81' lang='lat' dir='ltr'><strong>Ea</strong></span> 
     </span>
    </p>
   </div>
   <div class='ocr_carea' id='block_1_46' title="bbox 2198 1735 3784 1816">
    <p class='ocr_par' dir='ltr' id='par_1_46' title="bbox 2198 1735 3784 1816">
     <span class='ocr_line' id='line_1_46' title="bbox 2198 1735 3784 1816; baseline 0.007 -26"><span class='ocrx_word' id='word_1_299' title='bbox 2198 1735 2320 1791; x_wconf 88' lang='lat' dir='ltr'><strong>vice</strong></span> <span class='ocrx_word' id='word_1_300' title='bbox 2369 1750 2556 1809; x_wconf 81' lang='lat' dir='ltr'><strong>rerum</strong></span> <span class='ocrx_word' id='word_1_301' title='bbox 2586 1737 2892 1794; x_wconf 86' lang='lat' dir='ltr'><strong>adveniunt</strong></span> <span class='ocrx_word' id='word_1_302' title='bbox 2919 1742 3225 1810; x_wconf 81' lang='lat' dir='ltr'><strong>exspectati</strong></span> <span class='ocrx_word' id='word_1_303' title='bbox 3274 1744 3457 1799; x_wconf 68' lang='lat' dir='ltr'><strong>Persa:</strong></span> <span class='ocrx_word' id='word_1_304' title='bbox 3499 1760 3784 1816; x_wconf 69' lang='lat' dir='ltr'><strong>proceres,</strong></span> 
     </span>
    </p>
   </div>
   <div class='ocr_carea' id='block_1_47' title="bbox 2198 1832 3784 1908">
    <p class='ocr_par' dir='ltr' id='par_1_47' title="bbox 2198 1832 3784 1908">
     <span class='ocr_line' id='line_1_47' title="bbox 2198 1832 3784 1908; baseline 0.008 -26"><span class='ocrx_word' id='word_1_305' title='bbox 2198 1837 2397 1885; x_wconf 82' lang='lat' dir='ltr'><strong>etcum</strong></span> <span class='ocrx_word' id='word_1_306' title='bbox 2430 1837 2545 1886; x_wconf 88' lang='lat' dir='ltr'><strong>toto</strong></span> <span class='ocrx_word' id='word_1_307' title='bbox 2565 1832 2829 1887; x_wconf 87' lang='lat' dir='ltr'><strong>comitatu</strong></span> <span class='ocrx_word' id='word_1_308' title='bbox 2879 1834 3232 1903; x_wconf 77' lang='lat' dir='ltr'><strong>excipiuntur</strong></span> <span class='ocrx_word' id='word_1_309' title='bbox 3288 1837 3553 1907; x_wconf 85' lang='lat' dir='ltr'><strong>hospitali</strong></span> <span class='ocrx_word' id='word_1_310' title='bbox 3617 1849 3784 1908; x_wconf 85' lang='lat' dir='ltr'><strong>tecto,</strong></span> 
     </span>
    </p>
   </div>
   <div class='ocr_carea' id='block_1_48' title="bbox 2197 1921 3782 2001">
    <p class='ocr_par' dir='ltr' id='par_1_48' title="bbox 2197 1921 3782 2001">
     <span class='ocr_line' id='line_1_48' title="bbox 2197 1921 3782 2001; baseline 0.01 -26"><span class='ocrx_word' id='word_1_311' title='bbox 2197 1922 2299 1991; x_wconf 76' lang='lat' dir='ltr'><strong>prd</strong></span> <span class='ocrx_word' id='word_1_312' title='bbox 2323 1921 2536 1978; x_wconf 88' lang='lat' dir='ltr'><strong>domini</strong></span> <span class='ocrx_word' id='word_1_313' title='bbox 2570 1923 2729 1993; x_wconf 87' lang='lat' dir='ltr'><strong>copia</strong></span> <span class='ocrx_word' id='word_1_314' title='bbox 2765 1933 2822 1979; x_wconf 90' lang='lat' dir='ltr'><strong>et</strong></span> <span class='ocrx_word' id='word_1_315' title='bbox 2880 1927 3247 1993; x_wconf 83' lang='lat' dir='ltr'><strong>humanitate,</strong></span> <span class='ocrx_word' id='word_1_316' title='bbox 3310 1931 3782 2001; x_wconf 78' lang='lat' dir='ltr'><strong>splendidissime.</strong></span> 
     </span>
    </p>
   </div>
   <div class='ocr_carea' id='block_1_49' title="bbox 2196 2015 3784 2091">
    <p class='ocr_par' dir='ltr' id='par_1_49' title="bbox 2196 2015 3784 2091">
     <span class='ocr_line' id='line_1_49' title="bbox 2196 2015 3784 2091; baseline 0.008 -20"><span class='ocrx_word' id='word_1_317' title='bbox 2196 2015 2379 2071; x_wconf 85' lang='lat' dir='ltr'><strong>Prima</strong></span> <span class='ocrx_word' id='word_1_318' title='bbox 2422 2026 2606 2079; x_wconf 85' lang='lat' dir='ltr'><strong>nocte,</strong></span> <span class='ocrx_word' id='word_1_319' title='bbox 2641 2017 2888 2073; x_wconf 89' lang='lat' dir='ltr'><strong>triclinio</strong></span> <span class='ocrx_word' id='word_1_320' title='bbox 2924 2022 3212 2091; x_wconf 81' lang='lat' dir='ltr'><strong>magnifice</strong></span> <span class='ocrx_word' id='word_1_321' title='bbox 3262 2033 3481 2086; x_wconf 89' lang='lat' dir='ltr'><strong>ornato.</strong></span> <span class='ocrx_word' id='word_1_322' title='bbox 3541 2026 3784 2083; x_wconf 84' lang='lat' dir='ltr'><strong>lautissi-</strong></span> 
     </span>
    </p>
   </div>
   <div class='ocr_carea' id='block_1_50' title="bbox 2198 2108 3784 2190">
    <p class='ocr_par' dir='ltr' id='par_1_50' title="bbox 2198 2108 3784 2190">
     <span class='ocr_line' id='line_1_50' title="bbox 2198 2108 3784 2190; baseline 0.009 -29"><span class='ocrx_word' id='word_1_323' title='bbox 2198 2108 2303 2162; x_wconf 79' lang='lat' dir='ltr'><strong>ntis</strong></span> <span class='ocrx_word' id='word_1_324' title='bbox 2332 2110 2517 2178; x_wconf 84' lang='lat' dir='ltr'><strong>epulis</strong></span> <span class='ocrx_word' id='word_1_325' title='bbox 2559 2111 2860 2182; x_wconf 83' lang='lat' dir='ltr'><strong>gratulatio</strong></span> <span class='ocrx_word' id='word_1_326' title='bbox 2902 2113 3179 2170; x_wconf 81' lang='lat' dir='ltr'><strong>adventus</strong></span> <span class='ocrx_word' id='word_1_327' title='bbox 3215 2118 3522 2172; x_wconf 83' lang='lat' dir='ltr'><strong>amicorum</strong></span> <span class='ocrx_word' id='word_1_328' title='bbox 3578 2121 3784 2190; x_wconf 78' lang='lat' dir='ltr'><strong>geniaii</strong></span> 
     </span>
    </p>
   </div>
   <div class='ocr_carea' id='block_1_51' title="bbox 2196 2200 3779 2277">
    <p class='ocr_par' dir='ltr' id='par_1_51' title="bbox 2196 2200 3779 2277">
     <span class='ocr_line' id='line_1_51' title="bbox 2196 2200 3779 2277; baseline 0.008 -22"><span class='ocrx_word' id='word_1_329' title='bbox 2196 2200 2386 2256; x_wconf 62' lang='lat' dir='ltr'><strong>latitia</strong></span> <span class='ocrx_word' id='word_1_330' title='bbox 2422 2202 2814 2259; x_wconf 83' lang='lat' dir='ltr'><strong>celebrabatur</strong></span> <span class='ocrx_word' id='word_1_331' title='bbox 2844 2216 2860 2260; x_wconf 90' lang='lat'><strong>:</strong></span> <span class='ocrx_word' id='word_1_332' title='bbox 2895 2207 3123 2277; x_wconf 81' lang='lat' dir='ltr'><strong>quando</strong></span> <span class='ocrx_word' id='word_1_333' title='bbox 3154 2208 3259 2263; x_wconf 88' lang='lat' dir='ltr'><strong>rite</strong></span> <span class='ocrx_word' id='word_1_334' title='bbox 3307 2209 3495 2265; x_wconf 82' lang='lat' dir='ltr'><strong>libatis</strong></span> <span class='ocrx_word' id='word_1_335' title='bbox 3545 2212 3655 2267; x_wconf 88' lang='lat' dir='ltr'><strong>sub</strong></span> <span class='ocrx_word' id='word_1_336' title='bbox 3700 2228 3779 2267; x_wconf 82' lang='lat' dir='ltr'><strong>se-</strong></span> 
     </span>
    </p>
   </div>
   <div class='ocr_carea' id='block_1_52' title="bbox 2195 2292 3781 2370">
    <p class='ocr_par' dir='ltr' id='par_1_52' title="bbox 2195 2292 3781 2370">
     <span class='ocr_line' id='line_1_52' title="bbox 2195 2292 3781 2370; baseline 0.008 -22"><span class='ocrx_word' id='word_1_337' title='bbox 2195 2292 2409 2349; x_wconf 86' lang='lat' dir='ltr'><strong>cundas</strong></span> <span class='ocrx_word' id='word_1_338' title='bbox 2458 2309 2685 2351; x_wconf 81' lang='lat' dir='ltr'><strong>mensas</strong></span> <span class='ocrx_word' id='word_1_339' title='bbox 2727 2297 2850 2353; x_wconf 78' lang='lat' dir='ltr'><strong>Jovi</strong></span> <span class='ocrx_word' id='word_1_340' title='bbox 2906 2299 3069 2354; x_wconf 74' lang='lat' dir='ltr'><strong>senio</strong></span> <span class='ocrx_word' id='word_1_341' title='bbox 3114 2302 3347 2370; x_wconf 85' lang='lat' dir='ltr'><strong>poculis.</strong></span> <span class='ocrx_word' id='word_1_342' title='bbox 3397 2304 3666 2360; x_wconf 81' lang='lat' dir='ltr'><strong>renidens</strong></span> <span class='ocrx_word' id='word_1_343' title='bbox 3716 2307 3781 2360; x_wconf 89' lang='lat' dir='ltr'><strong>ad</strong></span> 
     </span>
    </p>
   </div>
   <div class='ocr_carea' id='block_1_53' title="bbox 2198 2387 3781 2463">
    <p class='ocr_par' dir='ltr' id='par_1_53' title="bbox 2198 2387 3781 2463">
     <span class='ocr_line' id='line_1_53' title="bbox 2198 2387 3781 2463; baseline 0.005 -23"><span class='ocrx_word' id='word_1_344' title='bbox 2198 2387 2445 2458; x_wconf 77' lang='lat' dir='ltr'><strong>hospites</strong></span> <span class='ocrx_word' id='word_1_345' title='bbox 2477 2388 2614 2444; x_wconf 79' lang='lat' dir='ltr'><strong>testa</strong></span> <span class='ocrx_word' id='word_1_346' title='bbox 2675 2390 2956 2447; x_wconf 85' lang='lat' dir='ltr'><strong>hilaritate</strong></span> <span class='ocrx_word' id='word_1_347' title='bbox 2997 2406 3169 2448; x_wconf 72' lang='lat' dir='ltr'><strong>(2th</strong></span> <span class='ocrx_word' id='word_1_348' title='bbox 3223 2404 3426 2462; x_wconf 83' lang='lat' dir='ltr'><strong>pater:</strong></span> <span class='ocrx_word' id='word_1_349' title='bbox 3463 2396 3781 2463; x_wconf 80' lang='lat' dir='ltr'><strong>Assuetam,</strong></span> 
     </span>
    </p>
   </div>
   <div class='ocr_carea' id='block_1_54' title="bbox 2196 2466 3847 2557">
    <p class='ocr_par' dir='ltr' id='par_1_54' title="bbox 2196 2466 3847 2557">
     <span class='ocr_line' id='line_1_54' title="bbox 2196 2466 3847 2557; baseline 0.007 -22"><span class='ocrx_word' id='word_1_350' title='bbox 2196 2481 2403 2557; x_wconf 81' lang='lat' dir='ltr'><strong>inquit,</strong></span> <span class='ocrx_word' id='word_1_351' title='bbox 2433 2482 2694 2553; x_wconf 73' lang='lat' dir='ltr'><strong>hospitiis</strong></span> <span class='ocrx_word' id='word_1_352' title='bbox 2720 2487 3045 2542; x_wconf 81' lang='lat' dir='ltr'><strong>vestratiunt</strong></span> <span class='ocrx_word' id='word_1_353' title='bbox 3102 2488 3292 2544; x_wconf 87' lang='lat' dir='ltr'><strong>iuistis</strong></span> <span class='ocrx_word' id='word_1_354' title='bbox 3346 2486 3626 2557; x_wconf 64' lang='lat' dir='ltr'><strong>deorum;</strong></span> <span class='ocrx_word' id='word_1_355' title='bbox 3671 2507 3780 2546; x_wconf 90' lang='lat' dir='ltr'><strong>non</strong></span> <span class='ocrx_word' id='word_1_356' title='bbox 3838 2466 3847 2479; x_wconf 25' lang='grc' dir='ltr'><strong>λ</strong></span> 
     </span>
    </p>
   </div>
   <div class='ocr_carea' id='block_1_55' title="bbox 2193 2576 3784 2649">
    <p class='ocr_par' dir='ltr' id='par_1_55' title="bbox 2193 2576 3784 2649">
     <span class='ocr_line' id='line_1_55' title="bbox 2193 2576 3784 2649; baseline 0.004 -19"><span class='ocrx_word' id='word_1_357' title='bbox 2193 2578 2342 2630; x_wconf 80' lang='lat' dir='ltr'><strong>enim</strong></span> <span class='ocrx_word' id='word_1_358' title='bbox 2361 2591 2460 2631; x_wconf 89' lang='lat' dir='ltr'><strong>vos</strong></span> <span class='ocrx_word' id='word_1_359' title='bbox 2499 2592 2531 2632; x_wconf 88' lang='lat' dir='ltr'><strong>e</strong></span> <span class='ocrx_word' id='word_1_360' title='bbox 2564 2576 2790 2633; x_wconf 81' lang='lat' dir='ltr'><strong>Persida</strong></span> <span class='ocrx_word' id='word_1_361' title='bbox 2821 2579 3034 2649; x_wconf 88' lang='lat' dir='ltr'><strong>primos</strong></span> <span class='ocrx_word' id='word_1_362' title='bbox 3074 2580 3396 2649; x_wconf 82' lang='lat' dir='ltr'><strong>accipimus.</strong></span> <span class='ocrx_word' id='word_1_363' title='bbox 3445 2580 3616 2637; x_wconf 87' lang='lat' dir='ltr'><strong>Bonis</strong></span> <span class='ocrx_word' id='word_1_364' title='bbox 3670 2584 3784 2637; x_wconf 83' lang='lat' dir='ltr'><strong>avi—</strong></span> 
     </span>
    </p>
   </div>
   <div class='ocr_carea' id='block_1_56' title="bbox 2195 2666 3782 2741">
    <p class='ocr_par' dir='ltr' id='par_1_56' title="bbox 2195 2666 3782 2741">
     <span class='ocr_line' id='line_1_56' title="bbox 2195 2666 3782 2741; baseline 0.004 -19"><span class='ocrx_word' id='word_1_365' title='bbox 2195 2666 2300 2724; x_wconf 89' lang='lat' dir='ltr'><strong>bus</strong></span> <span class='ocrx_word' id='word_1_366' title='bbox 2328 2668 2603 2741; x_wconf 74' lang='lat' dir='ltr'><strong>auspicati</strong></span> <span class='ocrx_word' id='word_1_367' title='bbox 2653 2671 3049 2728; x_wconf 74' lang='lat' dir='ltr'><strong>commercium</strong></span> <span class='ocrx_word' id='word_1_368' title='bbox 3098 2672 3366 2735; x_wconf 84' lang='lat' dir='ltr'><strong>faustum.</strong></span> <span class='ocrx_word' id='word_1_369' title='bbox 3418 2673 3689 2730; x_wconf 71' lang='lat' dir='ltr'><strong>facundae</strong></span> <span class='ocrx_word' id='word_1_370' title='bbox 3749 2689 3782 2728; x_wconf 77' lang='grc' dir='ltr'><strong>ο</strong></span> 
     </span>
    </p>
   </div>
   <div class='ocr_carea' id='block_1_57' title="bbox 2194 2763 3783 2831">
    <p class='ocr_par' dir='ltr' id='par_1_57' title="bbox 2194 2763 3783 2831">
     <span class='ocr_line' id='line_1_57' title="bbox 2194 2763 3783 2831; baseline 0.004 -16"><span class='ocrx_word' id='word_1_371' title='bbox 2194 2771 2377 2818; x_wconf 86' lang='lat' dir='ltr'><strong>vestra</strong></span> <span class='ocrx_word' id='word_1_372' title='bbox 2419 2763 2596 2831; x_wconf 85' lang='lat' dir='ltr'><strong>patria</strong></span> <span class='ocrx_word' id='word_1_373' title='bbox 2621 2763 2832 2819; x_wconf 89' lang='lat' dir='ltr'><strong>dudum</strong></span> <span class='ocrx_word' id='word_1_374' title='bbox 2887 2765 3188 2821; x_wconf 68' lang='lat' dir='ltr'><strong>accersita</strong></span> <span class='ocrx_word' id='word_1_375' title='bbox 3243 2765 3336 2823; x_wconf 88' lang='lat' dir='ltr'><strong>hic</strong></span> <span class='ocrx_word' id='word_1_376' title='bbox 3383 2766 3658 2824; x_wconf 74' lang='lat' dir='ltr'><strong>habemus</strong></span> <span class='ocrx_word' id='word_1_377' title='bbox 3688 2783 3783 2822; x_wconf 76' lang='lat' dir='ltr'><strong>vo-</strong></span> 
     </span>
    </p>
   </div>
   <div class='ocr_carea' id='block_1_58' title="bbox 2195 2855 3778 2930">
    <p class='ocr_par' dir='ltr' id='par_1_58' title="bbox 2195 2855 3778 2930">
     <span class='ocr_line' id='line_1_58' title="bbox 2195 2855 3778 2930; baseline 0.003 -20"><span class='ocrx_word' id='word_1_378' title='bbox 2195 2855 2398 2912; x_wconf 82' lang='lat' dir='ltr'><strong>lucres.</strong></span> <span class='ocrx_word' id='word_1_379' title='bbox 2431 2856 2571 2911; x_wconf 82' lang='lat' dir='ltr'><strong>Tum</strong></span> <span class='ocrx_word' id='word_1_380' title='bbox 2604 2857 2844 2913; x_wconf 84' lang='lat' dir='ltr'><strong>innuens</strong></span> <span class='ocrx_word' id='word_1_381' title='bbox 2862 2858 3215 2928; x_wconf 84' lang='lat' dir='ltr'><strong>accipitrario</strong></span> <span class='ocrx_word' id='word_1_382' title='bbox 3244 2868 3305 2914; x_wconf 91' lang='lat' dir='ltr'><strong>ut</strong></span> <span class='ocrx_word' id='word_1_383' title='bbox 3333 2858 3569 2915; x_wconf 84' lang='lat' dir='ltr'><strong>inferret</strong></span> <span class='ocrx_word' id='word_1_384' title='bbox 3607 2859 3778 2930; x_wconf 72' lang='lat' dir='ltr'><strong>picae,</strong></span> 
     </span>
    </p>
   </div>
   <div class='ocr_carea' id='block_1_59' title="bbox 2198 2948 3779 3020">
    <p class='ocr_par' dir='ltr' id='par_1_59' title="bbox 2198 2948 3779 3020">
     <span class='ocr_line' id='line_1_59' title="bbox 2198 2948 3779 3020; baseline 0.003 -17"><span class='ocrx_word' id='word_1_385' title='bbox 2198 2948 2647 3018; x_wconf 65' lang='lat' dir='ltr'><strong>Recognosce-tis,</strong></span> <span class='ocrx_word' id='word_1_386' title='bbox 2682 2949 2928 3020; x_wconf 79' lang='lat' dir='ltr'><strong>perrexit</strong></span> <span class='ocrx_word' id='word_1_387' title='bbox 2978 2949 3183 3013; x_wconf 84' lang='lat' dir='ltr'><strong>dicere,</strong></span> <span class='ocrx_word' id='word_1_388' title='bbox 3230 2964 3356 3006; x_wconf 86' lang='lat' dir='ltr'><strong>cum</strong></span> <span class='ocrx_word' id='word_1_389' title='bbox 3399 2950 3663 3020; x_wconf 87' lang='lat' dir='ltr'><strong>quadam,</strong></span> <span class='ocrx_word' id='word_1_390' title='bbox 3722 2961 3779 3007; x_wconf 82' lang='lat' dir='ltr'><strong>ut</strong></span> 
     </span>
    </p>
   </div>
   <div class='ocr_carea' id='block_1_60' title="bbox 2199 3041 3772 3114">
    <p class='ocr_par' dir='ltr' id='par_1_60' title="bbox 2199 3041 3772 3114">
     <span class='ocr_line' id='line_1_60' title="bbox 2199 3041 3772 3114; baseline 0 -18"><span class='ocrx_word' id='word_1_391' title='bbox 2199 3057 2384 3111; x_wconf 88' lang='lat' dir='ltr'><strong>spero,</strong></span> <span class='ocrx_word' id='word_1_392' title='bbox 2412 3042 2695 3113; x_wconf 82' lang='lat' dir='ltr'><strong>voluptate</strong></span> <span class='ocrx_word' id='word_1_393' title='bbox 2726 3042 2967 3112; x_wconf 87' lang='lat' dir='ltr'><strong>linguam</strong></span> <span class='ocrx_word' id='word_1_394' title='bbox 3008 3050 3271 3097; x_wconf 83' lang='lat' dir='ltr'><strong>vestram.</strong></span> <span class='ocrx_word' id='word_1_395' title='bbox 3305 3041 3497 3114; x_wconf 77' lang='lat' dir='ltr'><strong>Magna</strong></span> <span class='ocrx_word' id='word_1_396' title='bbox 3523 3044 3772 3100; x_wconf 86' lang='lat' dir='ltr'><strong>omnium</strong></span> 
     </span>
    </p>
   </div>
   <div class='ocr_carea' id='block_1_61' title="bbox 514 3132 3779 3216">
    <p class='ocr_par' dir='ltr' id='par_1_61' title="bbox 514 3132 3779 3216">
     <span class='ocr_line' id='line_1_61' title="bbox 514 3132 3779 3216; baseline -0.008 -9"><span class='ocrx_word' id='word_1_397' title='bbox 514 3167 669 3216; x_wconf 88' lang='lat' dir='ltr'><strong>care,</strong></span> <span class='ocrx_word' id='word_1_398' title='bbox 728 3149 886 3204; x_wconf 66' lang='lat' dir='ltr'><strong>lautae</strong></span> <span class='ocrx_word' id='word_1_399' title='bbox 949 3160 1014 3199; x_wconf 88' lang='lat' dir='ltr'><strong>ac</strong></span> <span class='ocrx_word' id='word_1_400' title='bbox 1072 3142 1269 3198; x_wconf 82' lang='lat' dir='ltr'><strong>salutis</strong></span> <span class='ocrx_word' id='word_1_401' title='bbox 1329 3138 1703 3195; x_wconf 85' lang='lat' dir='ltr'><strong>voluntarium</strong></span> <span class='ocrx_word' id='word_1_402' title='bbox 1756 3134 2095 3207; x_wconf 81' lang='lat' dir='ltr'><strong>proditorem</strong></span> <span class='ocrx_word' id='word_1_403' title='bbox 2122 3132 2169 3193; x_wconf 69' lang='grc' dir='ltr'><strong>(ἔ</strong></span> <span class='ocrx_word' id='word_1_404' title='bbox 2201 3136 2613 3204; x_wconf 74' lang='lat' dir='ltr'><strong>exspectatione</strong></span> <span class='ocrx_word' id='word_1_405' title='bbox 2652 3134 2983 3190; x_wconf 63' lang='lat' dir='ltr'><strong>introductae</strong></span> <span class='ocrx_word' id='word_1_406' title='bbox 3014 3136 3137 3189; x_wconf 75' lang='lat' dir='ltr'><strong>dua:</strong></span> <span class='ocrx_word' id='word_1_407' title='bbox 3164 3150 3365 3199; x_wconf 53' lang='lat' dir='ltr'><strong>caveai,</strong></span> <span class='ocrx_word' id='word_1_408' title='bbox 3415 3135 3667 3205; x_wconf 76' lang='lat' dir='ltr'><strong>picarum</strong></span> <span class='ocrx_word' id='word_1_409' title='bbox 3701 3145 3779 3189; x_wconf 86' lang='grc' dir='ltr'><strong>ιο.</strong></span> 
     </span>
    </p>
   </div>
   <div class='ocr_carea' id='block_1_62' title="bbox 515 3227 2094 3310">
    <p class='ocr_par' dir='ltr' id='par_1_62' title="bbox 515 3227 2094 3310">
     <span class='ocr_line' id='line_1_62' title="bbox 515 3227 2094 3310; baseline -0.011 -12"><span class='ocrx_word' id='word_1_410' title='bbox 515 3261 653 3306; x_wconf 72' lang='lat' dir='ltr'><strong>suzc,</strong></span> <span class='ocrx_word' id='word_1_411' title='bbox 704 3256 870 3310; x_wconf 88' lang='lat' dir='ltr'><strong>quam</strong></span> <span class='ocrx_word' id='word_1_412' title='bbox 907 3237 1236 3292; x_wconf 84' lang='lat' dir='ltr'><strong>insidiantes</strong></span> <span class='ocrx_word' id='word_1_413' title='bbox 1262 3233 1445 3287; x_wconf 83' lang='lat' dir='ltr'><strong>alieno</strong></span> <span class='ocrx_word' id='word_1_414' title='bbox 1470 3231 1636 3301; x_wconf 88' lang='lat' dir='ltr'><strong>capiti</strong></span> <span class='ocrx_word' id='word_1_415' title='bbox 1687 3244 1752 3285; x_wconf 88' lang='lat' dir='ltr'><strong>ac</strong></span> <span class='ocrx_word' id='word_1_416' title='bbox 1781 3228 2038 3298; x_wconf 85' lang='lat' dir='ltr'><strong>sanguini</strong></span> <span class='ocrx_word' id='word_1_417' title='bbox 2070 3227 2094 3280; x_wconf 69' lang='grc' dir='ltr'><strong><em>τ</em></strong></span> 
     </span>
    </p>
   </div>
   <div class='ocr_carea' id='block_1_63' title="bbox 511 3322 2093 3407">
    <p class='ocr_par' dir='ltr' id='par_1_63' title="bbox 511 3322 2093 3407">
     <span class='ocr_line' id='line_1_63' title="bbox 511 3322 2093 3407; baseline -0.011 -14"><span class='ocrx_word' id='word_1_418' title='bbox 511 3338 900 3407; x_wconf 65' lang='grc' dir='ltr'><strong>Αἰςυίιιςιτεο</strong></span> <span class='ocrx_word' id='word_1_419' title='bbox 930 3345 1029 3384; x_wconf 86' lang='lat' dir='ltr'><strong>vos</strong></span> <span class='ocrx_word' id='word_1_420' title='bbox 1053 3343 1174 3383; x_wconf 89' lang='lat' dir='ltr'><strong>mea</strong></span> <span class='ocrx_word' id='word_1_421' title='bbox 1203 3325 1324 3381; x_wconf 89' lang='lat' dir='ltr'><strong>vice</strong></span> <span class='ocrx_word' id='word_1_422' title='bbox 1353 3337 1635 3386; x_wconf 86' lang='lat' dir='ltr'><strong>moneam,</strong></span> <span class='ocrx_word' id='word_1_423' title='bbox 1663 3322 1908 3377; x_wconf 86' lang='lat' dir='ltr'><strong>utetiam</strong></span> <span class='ocrx_word' id='word_1_424' title='bbox 1926 3331 2093 3390; x_wconf 86' lang='lat' dir='ltr'><strong>atque</strong></span> 
     </span>
    </p>
   </div>
   <div class='ocr_carea' id='block_1_64' title="bbox 513 3415 2090 3485">
    <p class='ocr_par' dir='ltr' id='par_1_64' title="bbox 513 3415 2090 3485">
     <span class='ocr_line' id='line_1_64' title="bbox 513 3415 2090 3485; baseline -0.011 0"><span class='ocrx_word' id='word_1_425' title='bbox 513 3430 683 3485; x_wconf 82' lang='lat' dir='ltr'><strong>etiam</strong></span> <span class='ocrx_word' id='word_1_426' title='bbox 721 3424 964 3482; x_wconf 85' lang='lat' dir='ltr'><strong>videatis</strong></span> <span class='ocrx_word' id='word_1_427' title='bbox 997 3438 1065 3475; x_wconf 88' lang='lat' dir='ltr'><strong>ne</strong></span> <span class='ocrx_word' id='word_1_428' title='bbox 1092 3420 1236 3475; x_wconf 79' lang='lat' dir='ltr'><strong>ftede</strong></span> <span class='ocrx_word' id='word_1_429' title='bbox 1265 3416 1443 3473; x_wconf 89' lang='lat' dir='ltr'><strong>ruatis</strong></span> <span class='ocrx_word' id='word_1_430' title='bbox 1476 3417 1586 3472; x_wconf 80' lang='lat' dir='ltr'><strong>isto</strong></span> <span class='ocrx_word' id='word_1_431' title='bbox 1638 3429 1851 3480; x_wconf 89' lang='lat' dir='ltr'><strong>cursu;</strong></span> <span class='ocrx_word' id='word_1_432' title='bbox 1902 3415 2090 3483; x_wconf 84' lang='lat' dir='ltr'><strong>idque,</strong></span> 
     </span>
    </p>
   </div>
   <div class='ocr_carea' id='block_1_65' title="bbox 516 3507 2093 3579">
    <p class='ocr_par' dir='ltr' id='par_1_65' title="bbox 516 3507 2093 3579">
     <span class='ocr_line' id='line_1_65' title="bbox 516 3507 2093 3579; baseline -0.011 -3"><span class='ocrx_word' id='word_1_433' title='bbox 516 3536 693 3577; x_wconf 88' lang='lat' dir='ltr'><strong>meam</strong></span> <span class='ocrx_word' id='word_1_434' title='bbox 732 3517 968 3574; x_wconf 84' lang='lat' dir='ltr'><strong>insontis</strong></span> <span class='ocrx_word' id='word_1_435' title='bbox 1007 3512 1427 3568; x_wconf 87' lang='lat' dir='ltr'><strong>damnationem</strong></span> <span class='ocrx_word' id='word_1_436' title='bbox 1474 3507 1899 3579; x_wconf 55' lang='lat' dir='ltr'><strong>praecipitando.</strong></span> <span class='ocrx_word' id='word_1_437' title='bbox 1956 3522 2093 3561; x_wconf 83' lang='lat' dir='ltr'><strong>con-</strong></span> 
     </span>
    </p>
   </div>
   <div class='ocr_carea' id='block_1_66' title="bbox 515 3601 2092 3683">
    <p class='ocr_par' dir='ltr' id='par_1_66' title="bbox 515 3601 2092 3683">
     <span class='ocr_line' id='line_1_66' title="bbox 515 3601 2092 3683; baseline -0.013 -12"><span class='ocrx_word' id='word_1_438' title='bbox 515 3613 764 3671; x_wconf 81' lang='lat' dir='ltr'><strong>sciscatis</strong></span> <span class='ocrx_word' id='word_1_439' title='bbox 801 3610 946 3683; x_wconf 90' lang='lat' dir='ltr'><strong>quod</strong></span> <span class='ocrx_word' id='word_1_440' title='bbox 986 3624 1107 3662; x_wconf 74' lang='lat' dir='ltr'><strong>sera</strong></span> <span class='ocrx_word' id='word_1_441' title='bbox 1134 3603 1336 3660; x_wconf 86' lang='lat' dir='ltr'><strong>deinde</strong></span> <span class='ocrx_word' id='word_1_442' title='bbox 1366 3602 1694 3673; x_wconf 58' lang='lat' dir='ltr'><strong>paenitentia</strong></span> <span class='ocrx_word' id='word_1_443' title='bbox 1720 3601 2092 3669; x_wconf 74' lang='lat' dir='ltr'><strong>nequidquam</strong></span> 
     </span>
    </p>
   </div>
   <div class='ocr_carea' id='block_1_67' title="bbox 516 3692 2094 3780">
    <p class='ocr_par' dir='ltr' id='par_1_67' title="bbox 516 3692 2094 3780">
     <span class='ocr_line' id='line_1_67' title="bbox 516 3692 2094 3780; baseline -0.012 -16"><span class='ocrx_word' id='word_1_444' title='bbox 516 3707 782 3780; x_wconf 87' lang='lat' dir='ltr'><strong>optabitis</strong></span> <span class='ocrx_word' id='word_1_445' title='bbox 810 3705 1099 3765; x_wconf 83' lang='lat' dir='ltr'><strong>infectum,</strong></span> <span class='ocrx_word' id='word_1_446' title='bbox 1124 3700 1230 3755; x_wconf 88' lang='lat' dir='ltr'><strong>tale</strong></span> <span class='ocrx_word' id='word_1_447' title='bbox 1246 3696 1599 3767; x_wconf 77' lang='lat' dir='ltr'><strong>experientes</strong></span> <span class='ocrx_word' id='word_1_448' title='bbox 1627 3693 1909 3765; x_wconf 83' lang='lat' dir='ltr'><strong>quidpiam</strong></span> <span class='ocrx_word' id='word_1_449' title='bbox 1932 3692 2094 3763; x_wconf 83' lang='lat' dir='ltr'><strong>quale</strong></span> 
     </span>
    </p>
   </div>
   <div class='ocr_carea' id='block_1_68' title="bbox 516 3785 2103 3868">
    <p class='ocr_par' dir='ltr' id='par_1_68' title="bbox 516 3785 2103 3868">
     <span class='ocr_line' id='line_1_68' title="bbox 516 3785 2103 3868; baseline -0.014 -9"><span class='ocrx_word' id='word_1_450' title='bbox 516 3806 647 3859; x_wconf 90' lang='lat' dir='ltr'><strong>olim</strong></span> <span class='ocrx_word' id='word_1_451' title='bbox 677 3798 908 3868; x_wconf 75' lang='lat' dir='ltr'><strong>Contigit</strong></span> <span class='ocrx_word' id='word_1_452' title='bbox 956 3797 1179 3851; x_wconf 80' lang='lat' dir='ltr'><strong>lestanti</strong></span> <span class='ocrx_word' id='word_1_453' title='bbox 1203 3807 1325 3861; x_wconf 68' lang='lat' dir='ltr'><strong>qua:</strong></span> <span class='ocrx_word' id='word_1_454' title='bbox 1362 3805 1473 3844; x_wconf 89' lang='lat' dir='ltr'><strong>non</strong></span> <span class='ocrx_word' id='word_1_455' title='bbox 1507 3788 1739 3843; x_wconf 82' lang='lat' dir='ltr'><strong>viderat.</strong></span> <span class='ocrx_word' id='word_1_456' title='bbox 1770 3786 1867 3842; x_wconf 81' lang='lat' dir='ltr'><strong>Vir</strong></span> <span class='ocrx_word' id='word_1_457' title='bbox 1904 3785 2007 3839; x_wconf 86' lang='lat' dir='ltr'><strong>fuit</strong></span> <span class='ocrx_word' id='word_1_458' title='bbox 2036 3785 2103 3867; x_wconf 76' lang='lat' dir='ltr'><strong>in</strong></span> 
     </span>
    </p>
   </div>
   <div class='ocr_carea' id='block_1_69' title="bbox 519 3876 2097 3967">
    <p class='ocr_par' dir='ltr' id='par_1_69' title="bbox 519 3876 2097 3967">
     <span class='ocr_line' id='line_1_69' title="bbox 519 3876 2097 3967; baseline -0.012 -17"><span class='ocrx_word' id='word_1_459' title='bbox 519 3896 714 3967; x_wconf 87' lang='lat' dir='ltr'><strong>primis</strong></span> <span class='ocrx_word' id='word_1_460' title='bbox 754 3891 924 3946; x_wconf 88' lang='lat' dir='ltr'><strong>totius</strong></span> <span class='ocrx_word' id='word_1_461' title='bbox 950 3887 1118 3942; x_wconf 81' lang='lat' dir='ltr'><strong>lndiae</strong></span> <span class='ocrx_word' id='word_1_462' title='bbox 1150 3885 1409 3954; x_wconf 82' lang='lat' dir='ltr'><strong>copiosus</strong></span> <span class='ocrx_word' id='word_1_463' title='bbox 1437 3891 1489 3936; x_wconf 86' lang='lat' dir='ltr'><strong>et</strong></span> <span class='ocrx_word' id='word_1_464' title='bbox 1536 3879 1759 3935; x_wconf 88' lang='lat' dir='ltr'><strong>nobilis.</strong></span> <span class='ocrx_word' id='word_1_465' title='bbox 1823 3878 1918 3947; x_wconf 88' lang='lat' dir='ltr'><strong>qui</strong></span> <span class='ocrx_word' id='word_1_466' title='bbox 1954 3876 2097 3932; x_wconf 85' lang='lat' dir='ltr'><strong>acci-</strong></span> 
     </span>
    </p>
   </div>
   <div class='ocr_carea' id='block_1_70' title="bbox 518 3968 2096 4058">
    <p class='ocr_par' dir='ltr' id='par_1_70' title="bbox 518 3968 2096 4058">
     <span class='ocr_line' id='line_1_70' title="bbox 518 3968 2096 4058; baseline -0.021 -14"><span class='ocrx_word' id='word_1_467' title='bbox 518 3989 723 4058; x_wconf 84' lang='lat' dir='ltr'><strong>pitrum</strong></span> <span class='ocrx_word' id='word_1_468' title='bbox 750 3982 982 4041; x_wconf 88' lang='lat' dir='ltr'><strong>custode</strong></span> <span class='ocrx_word' id='word_1_469' title='bbox 1009 3978 1269 4033; x_wconf 86' lang='lat' dir='ltr'><strong>utebatur</strong></span> <span class='ocrx_word' id='word_1_470' title='bbox 1297 3989 1533 4044; x_wconf 81' lang='lat' dir='ltr'><strong>nequam</strong></span> <span class='ocrx_word' id='word_1_471' title='bbox 1584 3986 1649 4026; x_wconf 88' lang='lat' dir='ltr'><strong>ac</strong></span> <span class='ocrx_word' id='word_1_472' title='bbox 1684 3970 1983 4048; x_wconf 56' lang='lat' dir='ltr'><strong>libidinoso</strong></span> <span class='ocrx_word' id='word_1_473' title='bbox 2007 3968 2096 4038; x_wconf 85' lang='lat' dir='ltr'><strong>ju-</strong></span> 
     </span>
    </p>
   </div>
   <div class='ocr_carea' id='block_1_71' title="bbox 516 4059 2096 4139">
    <p class='ocr_par' dir='ltr' id='par_1_71' title="bbox 516 4059 2096 4139">
     <span class='ocr_line' id='line_1_71' title="bbox 516 4059 2096 4139; baseline -0.013 -4"><span class='ocrx_word' id='word_1_474' title='bbox 516 4096 679 4139; x_wconf 71' lang='lat' dir='ltr'><strong>vene.</strong></span> <span class='ocrx_word' id='word_1_475' title='bbox 706 4075 929 4131; x_wconf 86' lang='lat' dir='ltr'><strong>natione</strong></span> <span class='ocrx_word' id='word_1_476' title='bbox 950 4074 1138 4133; x_wconf 81' lang='lat' dir='ltr'><strong>Persa.</strong></span> <span class='ocrx_word' id='word_1_477' title='bbox 1187 4069 1286 4127; x_wconf 83' lang='lat' dir='ltr'><strong>llic</strong></span> <span class='ocrx_word' id='word_1_478' title='bbox 1310 4066 1486 4121; x_wconf 84' lang='lat' dir='ltr'><strong>oculis</strong></span> <span class='ocrx_word' id='word_1_479' title='bbox 1512 4062 1833 4133; x_wconf 85' lang='lat' dir='ltr'><strong>cupiditatis</strong></span> <span class='ocrx_word' id='word_1_480' title='bbox 1867 4059 2096 4131; x_wconf 86' lang='lat' dir='ltr'><strong>adjectis</strong></span> 
     </span>
    </p>
   </div>
   <div class='ocr_carea' id='block_1_72' title="bbox 516 4151 2096 4228">
    <p class='ocr_par' dir='ltr' id='par_1_72' title="bbox 516 4151 2096 4228">
     <span class='ocr_line' id='line_1_72' title="bbox 516 4151 2096 4228; baseline -0.015 1"><span class='ocrx_word' id='word_1_481' title='bbox 516 4173 585 4228; x_wconf 90' lang='lat' dir='ltr'><strong>ad</strong></span> <span class='ocrx_word' id='word_1_482' title='bbox 616 4185 842 4227; x_wconf 78' lang='lat' dir='ltr'><strong>uxorem</strong></span> <span class='ocrx_word' id='word_1_483' title='bbox 869 4166 954 4222; x_wconf 88' lang='lat' dir='ltr'><strong>sui</strong></span> <span class='ocrx_word' id='word_1_484' title='bbox 983 4164 1215 4225; x_wconf 83' lang='lat' dir='ltr'><strong>domini,</strong></span> <span class='ocrx_word' id='word_1_485' title='bbox 1271 4170 1579 4217; x_wconf 83' lang='lat' dir='ltr'><strong>matronam</strong></span> <span class='ocrx_word' id='word_1_486' title='bbox 1629 4156 1821 4211; x_wconf 74' lang='lat' dir='ltr'><strong>forma:</strong></span> <span class='ocrx_word' id='word_1_487' title='bbox 1880 4151 2096 4223; x_wconf 88' lang='lat' dir='ltr'><strong>pudici-</strong></span> 
     </span>
    </p>
   </div>
   <div class='ocr_carea' id='block_1_73' title="bbox 516 4249 2093 4334">
    <p class='ocr_par' dir='ltr' id='par_1_73' title="bbox 516 4249 2093 4334">
     <span class='ocr_line' id='line_1_73' title="bbox 516 4249 2093 4334; baseline -0.015 -13"><span class='ocrx_word' id='word_1_488' title='bbox 516 4266 716 4334; x_wconf 61' lang='lat' dir='ltr'><strong>tieque</strong></span> <span class='ocrx_word' id='word_1_489' title='bbox 749 4257 1086 4332; x_wconf 69' lang='lat' dir='ltr'><strong>praestantis,</strong></span> <span class='ocrx_word' id='word_1_490' title='bbox 1108 4272 1177 4311; x_wconf 89' lang='lat' dir='ltr'><strong>eo</strong></span> <span class='ocrx_word' id='word_1_491' title='bbox 1221 4250 1550 4317; x_wconf 78' lang='lat' dir='ltr'><strong>temeritatis</strong></span> <span class='ocrx_word' id='word_1_492' title='bbox 1584 4249 1697 4304; x_wconf 89' lang='lat' dir='ltr'><strong>ruit</strong></span> <span class='ocrx_word' id='word_1_493' title='bbox 1750 4257 1813 4303; x_wconf 90' lang='lat' dir='ltr'><strong>ut</strong></span> <span class='ocrx_word' id='word_1_494' title='bbox 1846 4251 2093 4302; x_wconf 87' lang='lat' dir='ltr'><strong>furorem</strong></span> 
     </span>
    </p>
   </div>
   <div class='ocr_carea' id='block_1_74' title="bbox 515 4344 2095 4417">
    <p class='ocr_par' dir='ltr' id='par_1_74' title="bbox 515 4344 2095 4417">
     <span class='ocr_line' id='line_1_74' title="bbox 515 4344 2095 4417; baseline -0.013 -4"><span class='ocrx_word' id='word_1_495' title='bbox 515 4359 566 4413; x_wconf 88' lang='lat' dir='ltr'><strong>ei</strong></span> <span class='ocrx_word' id='word_1_496' title='bbox 594 4371 754 4410; x_wconf 89' lang='lat' dir='ltr'><strong>suum</strong></span> <span class='ocrx_word' id='word_1_497' title='bbox 803 4351 960 4407; x_wconf 86' lang='lat' dir='ltr'><strong>fateri</strong></span> <span class='ocrx_word' id='word_1_498' title='bbox 990 4363 1101 4405; x_wconf 90' lang='lat' dir='ltr'><strong>non</strong></span> <span class='ocrx_word' id='word_1_499' title='bbox 1129 4357 1433 4407; x_wconf 84' lang='lat' dir='ltr'><strong>vereretur,</strong></span> <span class='ocrx_word' id='word_1_500' title='bbox 1467 4359 1533 4400; x_wconf 90' lang='lat' dir='ltr'><strong>ac</strong></span> <span class='ocrx_word' id='word_1_501' title='bbox 1579 4344 1844 4417; x_wconf 70' lang='lat' dir='ltr'><strong>reiectus,</strong></span> <span class='ocrx_word' id='word_1_502' title='bbox 1882 4350 1942 4395; x_wconf 85' lang='lat' dir='ltr'><strong>ut</strong></span> <span class='ocrx_word' id='word_1_503' title='bbox 1993 4355 2095 4411; x_wconf 89' lang='lat' dir='ltr'><strong>par</strong></span> 
     </span>
    </p>
   </div>
   <div class='ocr_carea' id='block_1_75' title="bbox 2199 3227 3779 3291">
    <p class='ocr_par' dir='ltr' id='par_1_75' title="bbox 2199 3227 3779 3291">
     <span class='ocr_line' id='line_1_75' title="bbox 2199 3227 3779 3291; baseline -0.001 -8"><span class='ocrx_word' id='word_1_504' title='bbox 2199 3227 2368 3283; x_wconf 89' lang='lat' dir='ltr'><strong>tidem</strong></span> <span class='ocrx_word' id='word_1_505' title='bbox 2402 3227 2729 3291; x_wconf 80' lang='lat' dir='ltr'><strong>diversoria,</strong></span> <span class='ocrx_word' id='word_1_506' title='bbox 2782 3227 2904 3282; x_wconf 90' lang='lat' dir='ltr'><strong>loco</strong></span> <span class='ocrx_word' id='word_1_507' title='bbox 2950 3227 3220 3281; x_wconf 86' lang='lat' dir='ltr'><strong>eminenti</strong></span> <span class='ocrx_word' id='word_1_508' title='bbox 3269 3227 3636 3283; x_wconf 83' lang='lat' dir='ltr'><strong>collocantur.</strong></span> <span class='ocrx_word' id='word_1_509' title='bbox 3697 3228 3779 3283; x_wconf 83' lang='lat' dir='ltr'><strong>Fit</strong></span> 
     </span>
    </p>
   </div>
   <div class='ocr_carea' id='block_1_76' title="bbox 2198 3318 3777 3392">
    <p class='ocr_par' dir='ltr' id='par_1_76' title="bbox 2198 3318 3777 3392">
     <span class='ocr_line' id='line_1_76' title="bbox 2198 3318 3777 3392; baseline 0.003 -19"><span class='ocrx_word' id='word_1_510' title='bbox 2198 3318 2505 3383; x_wconf 55' lang='lat' dir='ltr'><strong>silentium,</strong></span> <span class='ocrx_word' id='word_1_511' title='bbox 2536 3319 2649 3374; x_wconf 85' lang='lat' dir='ltr'><strong>illis</strong></span> <span class='ocrx_word' id='word_1_512' title='bbox 2673 3321 2968 3376; x_wconf 84' lang='lat' dir='ltr'><strong>edentibus</strong></span> <span class='ocrx_word' id='word_1_513' title='bbox 3006 3330 3067 3376; x_wconf 82' lang='lat' dir='ltr'><strong>et</strong></span> <span class='ocrx_word' id='word_1_514' title='bbox 3122 3321 3328 3390; x_wconf 44' lang='lat' dir='ltr'><strong>saepius</strong></span> <span class='ocrx_word' id='word_1_515' title='bbox 3379 3322 3777 3392; x_wconf 81' lang='lat' dir='ltr'><strong>replicantibus</strong></span> 
     </span>
    </p>
   </div>
   <div class='ocr_carea' id='block_1_77' title="bbox 2197 3410 3780 3484">
    <p class='ocr_par' dir='ltr' id='par_1_77' title="bbox 2197 3410 3780 3484">
     <span class='ocr_line' id='line_1_77' title="bbox 2197 3410 3780 3484; baseline 0.002 -19"><span class='ocrx_word' id='word_1_516' title='bbox 2197 3410 2530 3465; x_wconf 83' lang='lat' dir='ltr'><strong>cantilenam</strong></span> <span class='ocrx_word' id='word_1_517' title='bbox 2560 3411 2801 3466; x_wconf 81' lang='lat' dir='ltr'><strong>solitam.</strong></span> <span class='ocrx_word' id='word_1_518' title='bbox 2835 3412 2935 3467; x_wconf 88' lang='lat' dir='ltr'><strong>llic</strong></span> <span class='ocrx_word' id='word_1_519' title='bbox 2956 3412 3245 3467; x_wconf 68' lang='lat' dir='ltr'><strong>enimvero</strong></span> <span class='ocrx_word' id='word_1_520' title='bbox 3299 3412 3479 3468; x_wconf 68' lang='lat' dir='ltr'><strong>Persae</strong></span> <span class='ocrx_word' id='word_1_521' title='bbox 3520 3429 3780 3484; x_wconf 81' lang='lat' dir='ltr'><strong>proceres</strong></span> 
     </span>
    </p>
   </div>
   <div class='ocr_carea' id='block_1_78' title="bbox 2198 3505 3778 3573">
    <p class='ocr_par' dir='ltr' id='par_1_78' title="bbox 2198 3505 3778 3573">
     <span class='ocr_line' id='line_1_78' title="bbox 2198 3505 3778 3573; baseline 0.001 -14"><span class='ocrx_word' id='word_1_522' title='bbox 2198 3505 2410 3567; x_wconf 85' lang='lat' dir='ltr'><strong>mirari.</strong></span> <span class='ocrx_word' id='word_1_523' title='bbox 2442 3505 2679 3562; x_wconf 90' lang='lat' dir='ltr'><strong>innuere</strong></span> <span class='ocrx_word' id='word_1_524' title='bbox 2704 3505 2972 3573; x_wconf 85' lang='lat' dir='ltr'><strong>invicem,</strong></span> <span class='ocrx_word' id='word_1_525' title='bbox 3018 3520 3145 3560; x_wconf 80' lang='lat' dir='ltr'><strong>mox</strong></span> <span class='ocrx_word' id='word_1_526' title='bbox 3194 3507 3361 3560; x_wconf 82' lang='lat' dir='ltr'><strong>etiam</strong></span> <span class='ocrx_word' id='word_1_527' title='bbox 3422 3509 3778 3570; x_wconf 82' lang='lat' dir='ltr'><strong>erubescere,</strong></span> 
     </span>
    </p>
   </div>
   <div class='ocr_carea' id='block_1_79' title="bbox 2197 3598 3779 3671">
    <p class='ocr_par' dir='ltr' id='par_1_79' title="bbox 2197 3598 3779 3671">
     <span class='ocr_line' id='line_1_79' title="bbox 2197 3598 3779 3671; baseline 0.001 -18"><span class='ocrx_word' id='word_1_528' title='bbox 2197 3598 2423 3654; x_wconf 87' lang='lat' dir='ltr'><strong>asscclis</strong></span> <span class='ocrx_word' id='word_1_529' title='bbox 2445 3599 2695 3669; x_wconf 85' lang='lat' dir='ltr'><strong>ipsorum</strong></span> <span class='ocrx_word' id='word_1_530' title='bbox 2724 3609 2783 3655; x_wconf 89' lang='lat' dir='ltr'><strong>et</strong></span> <span class='ocrx_word' id='word_1_531' title='bbox 2807 3599 3080 3655; x_wconf 75' lang='lat' dir='ltr'><strong>ministris</strong></span> <span class='ocrx_word' id='word_1_532' title='bbox 3121 3614 3188 3654; x_wconf 73' lang='lat' dir='ltr'><strong>ex</strong></span> <span class='ocrx_word' id='word_1_533' title='bbox 3218 3601 3412 3656; x_wconf 88' lang='lat' dir='ltr'><strong>eadem</strong></span> <span class='ocrx_word' id='word_1_534' title='bbox 3462 3610 3630 3670; x_wconf 82' lang='lat' dir='ltr'><strong>gente</strong></span> <span class='ocrx_word' id='word_1_535' title='bbox 3684 3600 3779 3671; x_wconf 83' lang='lat' dir='ltr'><strong>qui</strong></span> 
     </span>
    </p>
   </div>
   <div class='ocr_carea' id='block_1_80' title="bbox 2198 3691 3778 3762">
    <p class='ocr_par' dir='ltr' id='par_1_80' title="bbox 2198 3691 3778 3762">
     <span class='ocr_line' id='line_1_80' title="bbox 2198 3691 3778 3762; baseline 0 -15"><span class='ocrx_word' id='word_1_536' title='bbox 2198 3692 2474 3756; x_wconf 84' lang='lat' dir='ltr'><strong>astabant,</strong></span> <span class='ocrx_word' id='word_1_537' title='bbox 2550 3692 2675 3748; x_wconf 83' lang='lat' dir='ltr'><strong>aliis</strong></span> <span class='ocrx_word' id='word_1_538' title='bbox 2719 3691 2913 3748; x_wconf 87' lang='lat' dir='ltr'><strong>furtim</strong></span> <span class='ocrx_word' id='word_1_539' title='bbox 2963 3692 3363 3762; x_wconf 85' lang='lat' dir='ltr'><strong>arridentibus,</strong></span> <span class='ocrx_word' id='word_1_540' title='bbox 3440 3693 3778 3762; x_wconf 84' lang='lat' dir='ltr'><strong>quibusdam</strong></span> 
     </span>
    </p>
   </div>
   <div class='ocr_carea' id='block_1_81' title="bbox 2195 3782 3782 3855">
    <p class='ocr_par' dir='ltr' id='par_1_81' title="bbox 2195 3782 3782 3855">
     <span class='ocr_line' id='line_1_81' title="bbox 2195 3782 3782 3855; baseline 0.003 -19"><span class='ocrx_word' id='word_1_541' title='bbox 2195 3798 2340 3852; x_wconf 72' lang='lat' dir='ltr'><strong>aegre</strong></span> <span class='ocrx_word' id='word_1_542' title='bbox 2376 3782 2768 3840; x_wconf 86' lang='lat' dir='ltr'><strong>cohibentibus</strong></span> <span class='ocrx_word' id='word_1_543' title='bbox 2788 3784 3118 3840; x_wconf 80' lang='lat' dir='ltr'><strong>cachinnum</strong></span> <span class='ocrx_word' id='word_1_544' title='bbox 3148 3795 3554 3855; x_wconf 87' lang='lat' dir='ltr'><strong>erumpentem.</strong></span> <span class='ocrx_word' id='word_1_545' title='bbox 3580 3785 3782 3841; x_wconf 78' lang='lat' dir='ltr'><strong>Obstu-</strong></span> 
     </span>
    </p>
   </div>
   <div class='ocr_carea' id='block_1_82' title="bbox 2196 3876 3778 3949">
    <p class='ocr_par' dir='ltr' id='par_1_82' title="bbox 2196 3876 3778 3949">
     <span class='ocr_line' id='line_1_82' title="bbox 2196 3876 3778 3949; baseline 0.002 -18"><span class='ocrx_word' id='word_1_546' title='bbox 2196 3877 2319 3946; x_wconf 88' lang='lat' dir='ltr'><strong>puit</strong></span> <span class='ocrx_word' id='word_1_547' title='bbox 2351 3876 2792 3933; x_wconf 63' lang='lat' dir='ltr'><strong>bmcubservans</strong></span> <span class='ocrx_word' id='word_1_548' title='bbox 2820 3892 2992 3933; x_wconf 63' lang='lat' dir='ltr'><strong>cinna:</strong></span> <span class='ocrx_word' id='word_1_549' title='bbox 3048 3878 3334 3947; x_wconf 73' lang='lat' dir='ltr'><strong>prtebitor,</strong></span> <span class='ocrx_word' id='word_1_550' title='bbox 3366 3889 3423 3934; x_wconf 92' lang='lat' dir='ltr'><strong>et</strong></span> <span class='ocrx_word' id='word_1_551' title='bbox 3471 3878 3614 3932; x_wconf 76' lang='lat' dir='ltr'><strong>Num</strong></span> <span class='ocrx_word' id='word_1_552' title='bbox 3647 3880 3778 3949; x_wconf 88' lang='lat' dir='ltr'><strong>quid</strong></span> 
     </span>
    </p>
   </div>
   <div class='ocr_carea' id='block_1_83' title="bbox 2197 3968 3783 4039">
    <p class='ocr_par' dir='ltr' id='par_1_83' title="bbox 2197 3968 3783 4039">
     <span class='ocr_line' id='line_1_83' title="bbox 2197 3968 3783 4039; baseline 0.002 -16"><span class='ocrx_word' id='word_1_553' title='bbox 2197 3985 2316 4034; x_wconf 83' lang='lat' dir='ltr'><strong>vos.</strong></span> <span class='ocrx_word' id='word_1_554' title='bbox 2357 3968 2457 4033; x_wconf 85' lang='lat' dir='ltr'><strong>ait,</strong></span> <span class='ocrx_word' id='word_1_555' title='bbox 2490 3969 2758 4039; x_wconf 83' lang='lat' dir='ltr'><strong>hospites,</strong></span> <span class='ocrx_word' id='word_1_556' title='bbox 2778 3969 2835 4025; x_wconf 90' lang='lat' dir='ltr'><strong>in</strong></span> <span class='ocrx_word' id='word_1_557' title='bbox 2868 3980 3039 4026; x_wconf 86' lang='lat' dir='ltr'><strong>cantu</strong></span> <span class='ocrx_word' id='word_1_558' title='bbox 3071 3970 3429 4025; x_wconf 83' lang='lat' dir='ltr'><strong>familiarium</strong></span> <span class='ocrx_word' id='word_1_559' title='bbox 3463 3971 3645 4034; x_wconf 82' lang='lat' dir='ltr'><strong>vobis.</strong></span> <span class='ocrx_word' id='word_1_560' title='bbox 3681 3989 3783 4026; x_wconf 80' lang='lat' dir='ltr'><strong>no-</strong></span> 
     </span>
    </p>
   </div>
   <div class='ocr_carea' id='block_1_84' title="bbox 2197 4059 3779 4131">
    <p class='ocr_par' dir='ltr' id='par_1_84' title="bbox 2197 4059 3779 4131">
     <span class='ocr_line' id='line_1_84' title="bbox 2197 4059 3779 4131; baseline 0 -15"><span class='ocrx_word' id='word_1_561' title='bbox 2197 4061 2284 4116; x_wconf 77' lang='lat' dir='ltr'><strong>bis</strong></span> <span class='ocrx_word' id='word_1_562' title='bbox 2314 4059 2732 4130; x_wconf 87' lang='lat' dir='ltr'><strong>peregrinarum</strong></span> <span class='ocrx_word' id='word_1_563' title='bbox 2768 4060 3000 4115; x_wconf 86' lang='lat' dir='ltr'><strong>otfendit</strong></span> <span class='ocrx_word' id='word_1_564' title='bbox 3059 4059 3284 4115; x_wconf 73' lang='lat' dir='ltr'><strong>avium?</strong></span> <span class='ocrx_word' id='word_1_565' title='bbox 3330 4060 3415 4115; x_wconf 80' lang='lat' dir='ltr'><strong>Au</strong></span> <span class='ocrx_word' id='word_1_566' title='bbox 3475 4062 3690 4131; x_wconf 81' lang='lat' dir='ltr'><strong>aliquid</strong></span> <span class='ocrx_word' id='word_1_567' title='bbox 3724 4061 3779 4116; x_wconf 90' lang='lat' dir='ltr'><strong>iu</strong></span> 
     </span>
    </p>
   </div>
   <div class='ocr_carea' id='block_1_85' title="bbox 2196 4152 3784 4223">
    <p class='ocr_par' dir='ltr' id='par_1_85' title="bbox 2196 4152 3784 4223">
     <span class='ocr_line' id='line_1_85' title="bbox 2196 4152 3784 4223; baseline -0.001 -14"><span class='ocrx_word' id='word_1_568' title='bbox 2196 4154 2472 4209; x_wconf 83' lang='lat' dir='ltr'><strong>sententia</strong></span> <span class='ocrx_word' id='word_1_569' title='bbox 2506 4152 2596 4209; x_wconf 91' lang='lat' dir='ltr'><strong>bic</strong></span> <span class='ocrx_word' id='word_1_570' title='bbox 2616 4153 2804 4223; x_wconf 82' lang='lat' dir='ltr'><strong>ignota</strong></span> <span class='ocrx_word' id='word_1_571' title='bbox 2833 4152 2995 4208; x_wconf 82' lang='lat' dir='ltr'><strong>vobis</strong></span> <span class='ocrx_word' id='word_1_572' title='bbox 3035 4152 3472 4222; x_wconf 83' lang='lat' dir='ltr'><strong>percipientibus</strong></span> <span class='ocrx_word' id='word_1_573' title='bbox 3512 4152 3650 4221; x_wconf 85' lang='lat' dir='ltr'><strong>quid</strong></span> <span class='ocrx_word' id='word_1_574' title='bbox 3694 4169 3784 4207; x_wconf 80' lang='lat' dir='ltr'><strong>sc-</strong></span> 
     </span>
    </p>
   </div>
   <div class='ocr_carea' id='block_1_86' title="bbox 2197 4243 3778 4314">
    <p class='ocr_par' dir='ltr' id='par_1_86' title="bbox 2197 4243 3778 4314">
     <span class='ocr_line' id='line_1_86' title="bbox 2197 4243 3778 4314; baseline -0.001 -13"><span class='ocrx_word' id='word_1_575' title='bbox 2197 4253 2318 4306; x_wconf 88' lang='lat' dir='ltr'><strong>net.</strong></span> <span class='ocrx_word' id='word_1_576' title='bbox 2344 4245 2490 4299; x_wconf 83' lang='lat' dir='ltr'><strong>forte</strong></span> <span class='ocrx_word' id='word_1_577' title='bbox 2522 4244 2818 4300; x_wconf 80' lang='lat' dir='ltr'><strong>molestum</strong></span> <span class='ocrx_word' id='word_1_578' title='bbox 2854 4244 3058 4301; x_wconf 87' lang='lat' dir='ltr'><strong>accidit</strong></span> <span class='ocrx_word' id='word_1_579' title='bbox 3084 4243 3108 4297; x_wconf 75' lang='lat' dir='ltr'><strong>i</strong></span> <span class='ocrx_word' id='word_1_580' title='bbox 3136 4244 3619 4314; x_wconf 84' lang='lat' dir='ltr'><strong>lntcrpretamini,</strong></span> <span class='ocrx_word' id='word_1_581' title='bbox 3666 4246 3778 4300; x_wconf 86' lang='lat' dir='ltr'><strong>nisi</strong></span> 
     </span>
    </p>
   </div>
   <div class='ocr_carea' id='block_1_87' title="bbox 2196 4337 3780 4410">
    <p class='ocr_par' dir='ltr' id='par_1_87' title="bbox 2196 4337 3780 4410">
     <span class='ocr_line' id='line_1_87' title="bbox 2196 4337 3780 4410; baseline 0.001 -19"><span class='ocrx_word' id='word_1_582' title='bbox 2196 4352 2362 4410; x_wconf 87' lang='lat' dir='ltr'><strong>grave</strong></span> <span class='ocrx_word' id='word_1_583' title='bbox 2392 4346 2499 4401; x_wconf 83' lang='lat' dir='ltr'><strong>est,</strong></span> <span class='ocrx_word' id='word_1_584' title='bbox 2531 4337 2665 4408; x_wconf 89' lang='lat' dir='ltr'><strong>quid</strong></span> <span class='ocrx_word' id='word_1_585' title='bbox 2688 4337 2913 4393; x_wconf 83' lang='lat' dir='ltr'><strong>tandem</strong></span> <span class='ocrx_word' id='word_1_586' title='bbox 2961 4337 3018 4392; x_wconf 87' lang='lat' dir='ltr'><strong>id</strong></span> <span class='ocrx_word' id='word_1_587' title='bbox 3080 4337 3172 4392; x_wconf 87' lang='lat' dir='ltr'><strong>ait.</strong></span> <span class='ocrx_word' id='word_1_588' title='bbox 3231 4337 3311 4392; x_wconf 83' lang='lat' dir='ltr'><strong>Ad</strong></span> <span class='ocrx_word' id='word_1_589' title='bbox 3352 4353 3417 4393; x_wconf 85' lang='lat' dir='ltr'><strong>ea</strong></span> <span class='ocrx_word' id='word_1_590' title='bbox 3471 4341 3665 4393; x_wconf 83' lang='lat' dir='ltr'><strong>senior</strong></span> <span class='ocrx_word' id='word_1_591' title='bbox 3710 4354 3780 4392; x_wconf 73' lang='lat' dir='ltr'><strong>es</strong></span> 
     </span>
    </p>
   </div>
   <div class='ocr_carea' id='block_1_88' title="bbox 515 4430 3775 4525">
    <p class='ocr_par' dir='ltr' id='par_1_88' title="bbox 515 4430 3775 4525">
     <span class='ocr_line' id='line_1_88' title="bbox 515 4430 3775 4525; baseline -0.008 -21"><span class='ocrx_word' id='word_1_592' title='bbox 515 4459 656 4512; x_wconf 88' lang='lat' dir='ltr'><strong>erat,</strong></span> <span class='ocrx_word' id='word_1_593' title='bbox 691 4447 761 4502; x_wconf 89' lang='lat' dir='ltr'><strong>ab</strong></span> <span class='ocrx_word' id='word_1_594' title='bbox 796 4442 1186 4500; x_wconf 87' lang='lat' dir='ltr'><strong>honestissima</strong></span> <span class='ocrx_word' id='word_1_595' title='bbox 1244 4438 1498 4503; x_wconf 83' lang='lat' dir='ltr'><strong>muliere,</strong></span> <span class='ocrx_word' id='word_1_596' title='bbox 1561 4447 1712 4492; x_wconf 89' lang='lat' dir='ltr'><strong>totus</strong></span> <span class='ocrx_word' id='word_1_597' title='bbox 1737 4435 1993 4490; x_wconf 85' lang='lat' dir='ltr'><strong>incubuit</strong></span> <span class='ocrx_word' id='word_1_598' title='bbox 2036 4437 2091 4487; x_wconf 89' lang='lat' dir='ltr'><strong>in</strong></span> <span class='ocrx_word' id='word_1_599' title='bbox 2128 4472 2169 4525; x_wconf 72' lang='grc' dir='ltr'>υ</span> <span class='ocrx_word' id='word_1_600' title='bbox 2199 4432 2376 4503; x_wconf 89' lang='lat' dir='ltr'><strong>ipsis:</strong></span> <span class='ocrx_word' id='word_1_601' title='bbox 2422 4432 2542 4488; x_wconf 88' lang='lat' dir='ltr'><strong>Non</strong></span> <span class='ocrx_word' id='word_1_602' title='bbox 2596 4442 2704 4497; x_wconf 88' lang='lat' dir='ltr'><strong>est,</strong></span> <span class='ocrx_word' id='word_1_603' title='bbox 2753 4432 2953 4501; x_wconf 81' lang='lat' dir='ltr'><strong>inquit,</strong></span> <span class='ocrx_word' id='word_1_604' title='bbox 3014 4430 3258 4495; x_wconf 69' lang='lat' dir='ltr'><strong>domine,</strong></span> <span class='ocrx_word' id='word_1_605' title='bbox 3313 4431 3543 4501; x_wconf 86' lang='lat' dir='ltr'><strong>pudoris</strong></span> <span class='ocrx_word' id='word_1_606' title='bbox 3568 4434 3775 4525; x_wconf 49' lang='lat' dir='ltr'><strong>“nostri</strong></span> 
     </span>
    </p>
   </div>
   <div class='ocr_carea' id='block_1_89' title="bbox 516 4528 2092 4614">
    <p class='ocr_par' dir='ltr' id='par_1_89' title="bbox 516 4528 2092 4614">
     <span class='ocr_line' id='line_1_89' title="bbox 516 4528 2092 4614; baseline -0.011 -17"><span class='ocrx_word' id='word_1_607' title='bbox 516 4540 860 4614; x_wconf 86' lang='lat' dir='ltr'><strong>propositum</strong></span> <span class='ocrx_word' id='word_1_608' title='bbox 914 4534 1178 4589; x_wconf 86' lang='lat' dir='ltr'><strong>atrociter</strong></span> <span class='ocrx_word' id='word_1_609' title='bbox 1254 4529 1585 4586; x_wconf 69' lang='lat' dir='ltr'><strong>ulciscendae</strong></span> <span class='ocrx_word' id='word_1_610' title='bbox 1646 4529 1900 4599; x_wconf 62' lang='lat' dir='ltr'><strong>repulse.</strong></span> <span class='ocrx_word' id='word_1_611' title='bbox 1948 4528 2092 4596; x_wconf 84' lang='lat' dir='ltr'><strong>Ergo</strong></span> 
     </span>
    </p>
   </div>
   <div class='ocr_carea' id='block_1_90' title="bbox 517 4620 2094 4691">
    <p class='ocr_par' dir='ltr' id='par_1_90' title="bbox 517 4620 2094 4691">
     <span class='ocr_line' id='line_1_90' title="bbox 517 4620 2094 4691; baseline -0.011 -2"><span class='ocrx_word' id='word_1_612' title='bbox 517 4649 645 4689; x_wconf 87' lang='lat' dir='ltr'><strong>cum</strong></span> <span class='ocrx_word' id='word_1_613' title='bbox 668 4629 928 4686; x_wconf 88' lang='lat' dir='ltr'><strong>familiari</strong></span> <span class='ocrx_word' id='word_1_614' title='bbox 965 4624 1280 4681; x_wconf 79' lang='lat' dir='ltr'><strong>exercendo</strong></span> <span class='ocrx_word' id='word_1_615' title='bbox 1310 4622 1551 4691; x_wconf 84' lang='lat' dir='ltr'><strong>aucupio</strong></span> <span class='ocrx_word' id='word_1_616' title='bbox 1580 4621 1721 4676; x_wconf 88' lang='lat' dir='ltr'><strong>duas</strong></span> <span class='ocrx_word' id='word_1_617' title='bbox 1745 4620 1901 4675; x_wconf 88' lang='lat' dir='ltr'><strong>.forte</strong></span> <span class='ocrx_word' id='word_1_618' title='bbox 1922 4635 2094 4674; x_wconf 85' lang='lat' dir='ltr'><strong>vena-</strong></span> 
     </span>
    </p>
   </div>
   <div class='ocr_carea' id='block_1_91' title="bbox 518 4715 2089 4798">
    <p class='ocr_par' dir='ltr' id='par_1_91' title="bbox 518 4715 2089 4798">
     <span class='ocr_line' id='line_1_91' title="bbox 518 4715 2089 4798; baseline -0.012 -13"><span class='ocrx_word' id='word_1_619' title='bbox 518 4740 608 4786; x_wconf 88' lang='lat' dir='ltr'><strong>tus</strong></span> <span class='ocrx_word' id='word_1_620' title='bbox 668 4728 820 4798; x_wconf 86' lang='lat' dir='ltr'><strong>picas</strong></span> <span class='ocrx_word' id='word_1_621' title='bbox 881 4731 1050 4788; x_wconf 86' lang='lat' dir='ltr'><strong>esset,</strong></span> <span class='ocrx_word' id='word_1_622' title='bbox 1112 4720 1340 4776; x_wconf 89' lang='lat' dir='ltr'><strong>domum</strong></span> <span class='ocrx_word' id='word_1_623' title='bbox 1398 4716 1589 4773; x_wconf 88' lang='lat' dir='ltr'><strong>ambas</strong></span> <span class='ocrx_word' id='word_1_624' title='bbox 1637 4717 1790 4771; x_wconf 80' lang='lat' dir='ltr'><strong>vivas</strong></span> <span class='ocrx_word' id='word_1_625' title='bbox 1843 4715 2089 4786; x_wconf 87' lang='lat' dir='ltr'><strong>pertulit,</strong></span> 
     </span>
    </p>
   </div>
   <div class='ocr_carea' id='block_1_92' title="bbox 518 4806 2095 4879">
    <p class='ocr_par' dir='ltr' id='par_1_92' title="bbox 518 4806 2095 4879">
     <span class='ocr_line' id='line_1_92' title="bbox 518 4806 2095 4879; baseline -0.01 0"><span class='ocrx_word' id='word_1_626' title='bbox 518 4821 867 4879; x_wconf 82' lang='lat' dir='ltr'><strong>mentitusex</strong></span> <span class='ocrx_word' id='word_1_627' title='bbox 907 4814 1138 4873; x_wconf 85' lang='lat' dir='ltr'><strong>Perside</strong></span> <span class='ocrx_word' id='word_1_628' title='bbox 1166 4813 1448 4876; x_wconf 87' lang='lat' dir='ltr'><strong>advectas,</strong></span> <span class='ocrx_word' id='word_1_629' title='bbox 1480 4810 1721 4867; x_wconf 82' lang='lat' dir='ltr'><strong>disertas</strong></span> <span class='ocrx_word' id='word_1_630' title='bbox 1768 4824 1898 4864; x_wconf 83' lang='lat' dir='ltr'><strong>aves</strong></span> <span class='ocrx_word' id='word_1_631' title='bbox 1945 4806 2095 4863; x_wconf 80' lang='lat' dir='ltr'><strong>illius</strong></span> 
     </span>
    </p>
   </div>
   <div class='ocr_carea' id='block_1_93' title="bbox 520 4898 2094 4979">
    <p class='ocr_par' dir='ltr' id='par_1_93' title="bbox 520 4898 2094 4979">
     <span class='ocr_line' id='line_1_93' title="bbox 520 4898 2094 4979; baseline -0.011 -7"><span class='ocrx_word' id='word_1_632' title='bbox 520 4915 613 4972; x_wconf 91' lang='lat' dir='ltr'><strong>ubi</strong></span> <span class='ocrx_word' id='word_1_633' title='bbox 643 4924 829 4969; x_wconf 87' lang='lat' dir='ltr'><strong>essent</strong></span> <span class='ocrx_word' id='word_1_634' title='bbox 854 4919 995 4966; x_wconf 72' lang='lat' dir='ltr'><strong>nata:</strong></span> <span class='ocrx_word' id='word_1_635' title='bbox 1018 4906 1265 4979; x_wconf 82' lang='lat' dir='ltr'><strong>regionis</strong></span> <span class='ocrx_word' id='word_1_636' title='bbox 1298 4905 1511 4973; x_wconf 81' lang='lat' dir='ltr'><strong>lingua.</strong></span> <span class='ocrx_word' id='word_1_637' title='bbox 1548 4902 1684 4958; x_wconf 85' lang='lat' dir='ltr'><strong>lude</strong></span> <span class='ocrx_word' id='word_1_638' title='bbox 1722 4902 1853 4967; x_wconf 79' lang='lat' dir='ltr'><strong>illas</strong></span> <span class='ocrx_word' id='word_1_639' title='bbox 1868 4898 2094 4956; x_wconf 78' lang='lat' dir='ltr'><strong>assidue</strong></span> 
     </span>
    </p>
   </div>
   <div class='ocr_carea' id='block_1_94' title="bbox 517 4992 2096 5065">
    <p class='ocr_par' dir='ltr' id='par_1_94' title="bbox 517 4992 2096 5065">
     <span class='ocr_line' id='line_1_94' title="bbox 517 4992 2096 5065; baseline -0.013 -1"><span class='ocrx_word' id='word_1_640' title='bbox 517 5026 584 5065; x_wconf 89' lang='lat' dir='ltr'><strong>ac</strong></span> <span class='ocrx_word' id='word_1_641' title='bbox 614 5003 1053 5061; x_wconf 88' lang='lat' dir='ltr'><strong>laboriosissime</strong></span> <span class='ocrx_word' id='word_1_642' title='bbox 1096 5000 1299 5054; x_wconf 90' lang='lat' dir='ltr'><strong>institit</strong></span> <span class='ocrx_word' id='word_1_643' title='bbox 1330 4997 1567 5054; x_wconf 85' lang='lat' dir='ltr'><strong>educere</strong></span> <span class='ocrx_word' id='word_1_644' title='bbox 1622 5008 1857 5049; x_wconf 83' lang='lat' dir='ltr'><strong>carmen.</strong></span> <span class='ocrx_word' id='word_1_645' title='bbox 1900 4992 1969 5046; x_wconf 87' lang='lat' dir='ltr'><strong>ad</strong></span> <span class='ocrx_word' id='word_1_646' title='bbox 2015 5006 2096 5045; x_wconf 85' lang='lat' dir='ltr'><strong>ra-</strong></span> 
     </span>
    </p>
   </div>
   <div class='ocr_carea' id='block_1_95' title="bbox 518 5078 2093 5156">
    <p class='ocr_par' dir='ltr' id='par_1_95' title="bbox 518 5078 2093 5156">
     <span class='ocr_line' id='line_1_95' title="bbox 518 5078 2093 5156; baseline -0.012 0"><span class='ocrx_word' id='word_1_647' title='bbox 518 5103 700 5156; x_wconf 81' lang='lat' dir='ltr'><strong>tiones</strong></span> <span class='ocrx_word' id='word_1_648' title='bbox 748 5078 1230 5152; x_wconf 64' lang='lat' dir='ltr'><strong>accouimodatum</strong></span> <span class='ocrx_word' id='word_1_649' title='bbox 1294 5089 1563 5146; x_wconf 87' lang='lat' dir='ltr'><strong>destinati</strong></span> <span class='ocrx_word' id='word_1_650' title='bbox 1614 5087 1869 5143; x_wconf 75' lang='lat' dir='ltr'><strong>sceleris.</strong></span> <span class='ocrx_word' id='word_1_651' title='bbox 1920 5084 2093 5140; x_wconf 78' lang='lat' dir='ltr'><strong>Alteri</strong></span> 
     </span>
    </p>
   </div>
   <div class='ocr_carea' id='block_1_96' title="bbox 521 5180 2096 5262">
    <p class='ocr_par' dir='ltr' id='par_1_96' title="bbox 521 5180 2096 5262">
     <span class='ocr_line' id='line_1_96' title="bbox 521 5180 2096 5262; baseline -0.011 -15"><span class='ocrx_word' id='word_1_652' title='bbox 521 5207 757 5262; x_wconf 87' lang='lat' dir='ltr'><strong>namque</strong></span> <span class='ocrx_word' id='word_1_653' title='bbox 792 5188 1004 5258; x_wconf 64' lang='lat' dir='ltr'><strong>saepius</strong></span> <span class='ocrx_word' id='word_1_654' title='bbox 1020 5185 1271 5257; x_wconf 72' lang='lat' dir='ltr'><strong>quotidie</strong></span> <span class='ocrx_word' id='word_1_655' title='bbox 1302 5181 1621 5237; x_wconf 87' lang='lat' dir='ltr'><strong>inculcabat</strong></span> <span class='ocrx_word' id='word_1_656' title='bbox 1657 5180 1828 5235; x_wconf 77' lang='lat' dir='ltr'><strong>&#39;hanc</strong></span> <span class='ocrx_word' id='word_1_657' title='bbox 1873 5187 2096 5232; x_wconf 88' lang='lat' dir='ltr'><strong>sentcn-</strong></span> 
     </span>
    </p>
   </div>
   <div class='ocr_carea' id='block_1_97' title="bbox 519 5270 2096 5342">
    <p class='ocr_par' dir='ltr' id='par_1_97' title="bbox 519 5270 2096 5342">
     <span class='ocr_line' id='line_1_97' title="bbox 519 5270 2096 5342; baseline -0.013 0"><span class='ocrx_word' id='word_1_658' title='bbox 519 5289 649 5342; x_wconf 81' lang='lat' dir='ltr'><strong>tiam</strong></span> <span class='ocrx_word' id='word_1_659' title='bbox 685 5283 946 5338; x_wconf 80' lang='lat' dir='ltr'><strong>idiomate</strong></span> <span class='ocrx_word' id='word_1_660' title='bbox 976 5278 1201 5333; x_wconf 64' lang='lat' dir='ltr'><strong>Persico</strong></span> <span class='ocrx_word' id='word_1_661' title='bbox 1238 5294 1251 5330; x_wconf 92' lang='lat'>:</span> <span class='ocrx_word' id='word_1_662' title='bbox 1297 5275 1415 5328; x_wconf 80' lang='lat' dir='ltr'><strong>Vidi</strong></span> <span class='ocrx_word' id='word_1_663' title='bbox 1468 5273 1743 5327; x_wconf 74' lang='lat' dir='ltr'><strong>dominam</strong></span> <span class='ocrx_word' id='word_1_664' title='bbox 1785 5286 1907 5323; x_wconf 81' lang='lat' dir='ltr'><strong>cum</strong></span> <span class='ocrx_word' id='word_1_665' title='bbox 1945 5270 2096 5340; x_wconf 83' lang='lat' dir='ltr'><strong>jani—</strong></span> 
     </span>
    </p>
   </div>
   <div class='ocr_carea' id='block_1_98' title="bbox 519 5360 2096 5437">
    <p class='ocr_par' dir='ltr' id='par_1_98' title="bbox 519 5360 2096 5437">
     <span class='ocr_line' id='line_1_98' title="bbox 519 5360 2096 5437; baseline -0.015 -1"><span class='ocrx_word' id='word_1_666' title='bbox 519 5393 630 5437; x_wconf 78' lang='lat' dir='ltr'><strong>(ore</strong></span> <span class='ocrx_word' id='word_1_667' title='bbox 655 5374 1111 5435; x_wconf 72' lang='lat' dir='ltr'><strong>concusibantem,</strong></span> <span class='ocrx_word' id='word_1_668' title='bbox 1160 5370 1321 5424; x_wconf 73' lang='lat' dir='ltr'><strong>alteri</strong></span> <span class='ocrx_word' id='word_1_669' title='bbox 1375 5367 1494 5421; x_wconf 71' lang='lat' dir='ltr'><strong>lucc</strong></span> <span class='ocrx_word' id='word_1_670' title='bbox 1523 5366 1691 5420; x_wconf 83' lang='lat' dir='ltr'><strong>verba</strong></span> <span class='ocrx_word' id='word_1_671' title='bbox 1742 5362 1934 5418; x_wconf 90' lang='lat' dir='ltr'><strong>eadem</strong></span> <span class='ocrx_word' id='word_1_672' title='bbox 1990 5360 2096 5414; x_wconf 71' lang='lat' dir='ltr'><strong>lii.-</strong></span> 
     </span>
    </p>
   </div>
   <div class='ocr_carea' id='block_1_99' title="bbox 518 5455 2097 5549">
    <p class='ocr_par' dir='ltr' id='par_1_99' title="bbox 518 5455 2097 5549">
     <span class='ocr_line' id='line_1_99' title="bbox 518 5455 2097 5549; baseline -0.015 -18"><span class='ocrx_word' id='word_1_673' title='bbox 518 5493 622 5549; x_wconf 86' lang='lat' dir='ltr'><strong>gua</strong></span> <span class='ocrx_word' id='word_1_674' title='bbox 656 5493 670 5530; x_wconf 90' lang='lat'><strong>:</strong></span> <span class='ocrx_word' id='word_1_675' title='bbox 705 5473 814 5544; x_wconf 83' lang='lat' dir='ltr'><strong>Ego</strong></span> <span class='ocrx_word' id='word_1_676' title='bbox 844 5469 1115 5525; x_wconf 25' lang='lat' dir='ltr'><strong>rerozlicet</strong></span> <span class='ocrx_word' id='word_1_677' title='bbox 1145 5466 1283 5521; x_wconf 82' lang='lat' dir='ltr'><strong>idem</strong></span> <span class='ocrx_word' id='word_1_678' title='bbox 1308 5462 1555 5524; x_wconf 75' lang='lat' dir='ltr'><strong>viderim,</strong></span> <span class='ocrx_word' id='word_1_679' title='bbox 1592 5458 1727 5513; x_wconf 69' lang='lat' dir='ltr'><strong>nihil</strong></span> <span class='ocrx_word' id='word_1_680' title='bbox 1763 5458 1902 5512; x_wconf 83' lang='lat' dir='ltr'><strong>dico.</strong></span> <span class='ocrx_word' id='word_1_681' title='bbox 1958 5455 2097 5510; x_wconf 85' lang='lat' dir='ltr'><strong>lusi-</strong></span> 
     </span>
    </p>
   </div>
   <div class='ocr_carea' id='block_1_100' title="bbox 517 5549 2095 5625">
    <p class='ocr_par' dir='ltr' id='par_1_100' title="bbox 517 5549 2095 5625">
     <span class='ocr_line' id='line_1_100' title="bbox 517 5549 2095 5625; baseline -0.015 0"><span class='ocrx_word' id='word_1_682' title='bbox 517 5568 816 5625; x_wconf 82' lang='lat' dir='ltr'><strong>diosissimi</strong></span> <span class='ocrx_word' id='word_1_683' title='bbox 843 5564 1062 5620; x_wconf 74' lang='lat' dir='ltr'><strong>artificii</strong></span> <span class='ocrx_word' id='word_1_684' title='bbox 1098 5562 1213 5615; x_wconf 66' lang='lat' dir='ltr'><strong>haec</strong></span> <span class='ocrx_word' id='word_1_685' title='bbox 1244 5566 1365 5613; x_wconf 81' lang='lat' dir='ltr'><strong>erat</strong></span> <span class='ocrx_word' id='word_1_686' title='bbox 1400 5556 1566 5610; x_wconf 82' lang='lat' dir='ltr'><strong>ratio.</strong></span> <span class='ocrx_word' id='word_1_687' title='bbox 1610 5553 1834 5608; x_wconf 84' lang='lat' dir='ltr'><strong>Sciebat</strong></span> <span class='ocrx_word' id='word_1_688' title='bbox 1890 5549 2095 5619; x_wconf 86' lang='lat' dir='ltr'><strong>accipi-</strong></span> 
     </span>
    </p>
   </div>
   <div class='ocr_carea' id='block_1_101' title="bbox 518 5643 2092 5725">
    <p class='ocr_par' dir='ltr' id='par_1_101' title="bbox 518 5643 2092 5725">
     <span class='ocr_line' id='line_1_101' title="bbox 518 5643 2092 5725; baseline -0.014 -7"><span class='ocrx_word' id='word_1_689' title='bbox 518 5663 723 5719; x_wconf 85' lang='lat' dir='ltr'><strong>trarius</strong></span> <span class='ocrx_word' id='word_1_690' title='bbox 768 5661 965 5714; x_wconf 81' lang='lat' dir='ltr'><strong>Persas</strong></span> <span class='ocrx_word' id='word_1_691' title='bbox 998 5654 1266 5725; x_wconf 83' lang='lat' dir='ltr'><strong>quosdam</strong></span> <span class='ocrx_word' id='word_1_692' title='bbox 1300 5648 1593 5721; x_wconf 85' lang='lat' dir='ltr'><strong>primarius</strong></span> <span class='ocrx_word' id='word_1_693' title='bbox 1652 5645 1822 5707; x_wconf 85' lang='lat' dir='ltr'><strong>viros,</strong></span> <span class='ocrx_word' id='word_1_694' title='bbox 1877 5643 2092 5698; x_wconf 81' lang='lat' dir='ltr'><strong>visendi</strong></span> 
     </span>
    </p>
   </div>
   <div class='ocr_carea' id='block_1_102' title="bbox 518 5737 2091 5821">
    <p class='ocr_par' dir='ltr' id='par_1_102' title="bbox 518 5737 2091 5821">
     <span class='ocr_line' id='line_1_102' title="bbox 518 5737 2091 5821; baseline -0.013 -14"><span class='ocrx_word' id='word_1_695' title='bbox 518 5768 631 5809; x_wconf 70' lang='lat' dir='ltr'><strong>tam</strong></span> <span class='ocrx_word' id='word_1_696' title='bbox 656 5770 720 5808; x_wconf 90' lang='lat' dir='ltr'><strong>ac</strong></span> <span class='ocrx_word' id='word_1_697' title='bbox 745 5749 992 5821; x_wconf 77' lang='lat' dir='ltr'><strong>discendi</strong></span> <span class='ocrx_word' id='word_1_698' title='bbox 1054 5761 1216 5801; x_wconf 82' lang='lat' dir='ltr'><strong>causa</strong></span> <span class='ocrx_word' id='word_1_699' title='bbox 1270 5741 1686 5812; x_wconf 74' lang='lat' dir='ltr'><strong>peregrinantes</strong></span> <span class='ocrx_word' id='word_1_700' title='bbox 1721 5752 1818 5808; x_wconf 87' lang='lat' dir='ltr'><strong>per</strong></span> <span class='ocrx_word' id='word_1_701' title='bbox 1860 5737 2091 5797; x_wconf 83' lang='lat' dir='ltr'><strong>Indiam,</strong></span> 
     </span>
    </p>
   </div>
   <div class='ocr_carea' id='block_1_103' title="bbox 516 5831 2091 5911">
    <p class='ocr_par' dir='ltr' id='par_1_103' title="bbox 516 5831 2091 5911">
     <span class='ocr_line' id='line_1_103' title="bbox 516 5831 2091 5911; baseline -0.015 -8"><span class='ocrx_word' id='word_1_702' title='bbox 516 5866 626 5903; x_wconf 76' lang='lat' dir='ltr'><strong>ron</strong></span> <span class='ocrx_word' id='word_1_703' title='bbox 659 5849 732 5902; x_wconf 90' lang='lat' dir='ltr'><strong>ita</strong></span> <span class='ocrx_word' id='word_1_704' title='bbox 762 5846 935 5903; x_wconf 84' lang='lat' dir='ltr'><strong>multo</strong></span> <span class='ocrx_word' id='word_1_705' title='bbox 967 5853 1088 5911; x_wconf 87' lang='lat' dir='ltr'><strong>post</strong></span> <span class='ocrx_word' id='word_1_706' title='bbox 1115 5847 1376 5893; x_wconf 80' lang='lat' dir='ltr'><strong>venturos</strong></span> <span class='ocrx_word' id='word_1_707' title='bbox 1425 5835 1480 5888; x_wconf 90' lang='lat' dir='ltr'><strong>in</strong></span> <span class='ocrx_word' id='word_1_708' title='bbox 1533 5832 1724 5887; x_wconf 81' lang='lat' dir='ltr'><strong>urbem</strong></span> <span class='ocrx_word' id='word_1_709' title='bbox 1748 5831 2006 5900; x_wconf 76' lang='lat' dir='ltr'><strong>regiam,</strong></span> <span class='ocrx_word' id='word_1_710' title='bbox 2036 5836 2091 5883; x_wconf 89' lang='lat' dir='ltr'><strong>et</strong></span> 
     </span>
    </p>
   </div>
   <div class='ocr_carea' id='block_1_104' title="bbox 2200 4518 3777 4589">
    <p class='ocr_par' dir='ltr' id='par_1_104' title="bbox 2200 4518 3777 4589">
     <span class='ocr_line' id='line_1_104' title="bbox 2200 4518 3777 4589; baseline -0.003 -12"><span class='ocrx_word' id='word_1_711' title='bbox 2200 4523 2480 4577; x_wconf 87' lang='lat' dir='ltr'><strong>notionem</strong></span> <span class='ocrx_word' id='word_1_712' title='bbox 2505 4520 2805 4577; x_wconf 86' lang='lat' dir='ltr'><strong>verborum</strong></span> <span class='ocrx_word' id='word_1_713' title='bbox 2848 4533 2971 4589; x_wconf 67' lang='lat' dir='ltr'><strong>quae</strong></span> <span class='ocrx_word' id='word_1_714' title='bbox 2996 4519 3276 4582; x_wconf 72' lang='lat' dir='ltr'><strong>audimus,</strong></span> <span class='ocrx_word' id='word_1_715' title='bbox 3306 4519 3492 4588; x_wconf 89' lang='lat' dir='ltr'><strong>lingua</strong></span> <span class='ocrx_word' id='word_1_716' title='bbox 3541 4518 3645 4573; x_wconf 91' lang='lat' dir='ltr'><strong>tibi</strong></span> <span class='ocrx_word' id='word_1_717' title='bbox 3696 4519 3777 4572; x_wconf 59' lang='lat' dir='ltr'><strong>fa-</strong></span> 
     </span>
    </p>
   </div>
   <div class='ocr_carea' id='block_1_105' title="bbox 2197 4605 3754 4679">
    <p class='ocr_par' dir='ltr' id='par_1_105' title="bbox 2197 4605 3754 4679">
     <span class='ocr_line' id='line_1_105' title="bbox 2197 4605 3754 4679; baseline -0.003 -14"><span class='ocrx_word' id='word_1_718' title='bbox 2197 4610 2422 4675; x_wconf 89' lang='lat' dir='ltr'><strong>miliari,</strong></span> <span class='ocrx_word' id='word_1_719' title='bbox 2453 4624 2617 4679; x_wconf 83' lang='lat' dir='ltr'><strong>quam</strong></span> <span class='ocrx_word' id='word_1_720' title='bbox 2647 4618 2705 4663; x_wconf 88' lang='lat' dir='ltr'><strong>et</strong></span> <span class='ocrx_word' id='word_1_721' title='bbox 2751 4621 2852 4661; x_wconf 89' lang='lat' dir='ltr'><strong>nos</strong></span> <span class='ocrx_word' id='word_1_722' title='bbox 2884 4607 2973 4663; x_wconf 84' lang='lat' dir='ltr'><strong>hic</strong></span> <span class='ocrx_word' id='word_1_723' title='bbox 3027 4606 3424 4676; x_wconf 86' lang='lat' dir='ltr'><strong>peregrinando</strong></span> <span class='ocrx_word' id='word_1_724' title='bbox 3455 4605 3754 4661; x_wconf 85' lang='lat' dir='ltr'><strong>didicimus</strong></span> 
     </span>
    </p>
   </div>
   <div class='ocr_carea' id='block_1_106' title="bbox 2195 4700 3774 4775">
    <p class='ocr_par' dir='ltr' id='par_1_106' title="bbox 2195 4700 3774 4775">
     <span class='ocr_line' id='line_1_106' title="bbox 2195 4700 3774 4775; baseline -0.004 -15"><span class='ocrx_word' id='word_1_725' title='bbox 2195 4705 2540 4775; x_wconf 76' lang='lat' dir='ltr'><strong>exprimere.</strong></span> <span class='ocrx_word' id='word_1_726' title='bbox 2575 4704 2703 4774; x_wconf 90' lang='lat' dir='ltr'><strong>quia</strong></span> <span class='ocrx_word' id='word_1_727' title='bbox 2730 4711 2910 4757; x_wconf 88' lang='lat' dir='ltr'><strong>tamen</strong></span> <span class='ocrx_word' id='word_1_728' title='bbox 2945 4716 3034 4756; x_wconf 89' lang='lat' dir='ltr'><strong>res</strong></span> <span class='ocrx_word' id='word_1_729' title='bbox 3059 4709 3147 4756; x_wconf 87' lang='lat' dir='ltr'><strong>est</strong></span> <span class='ocrx_word' id='word_1_730' title='bbox 3175 4700 3469 4771; x_wconf 83' lang='lat' dir='ltr'><strong>ejusmodi.</strong></span> <span class='ocrx_word' id='word_1_731' title='bbox 3502 4716 3671 4771; x_wconf 88' lang='lat' dir='ltr'><strong>quam</strong></span> <span class='ocrx_word' id='word_1_732' title='bbox 3688 4709 3774 4755; x_wconf 86' lang='lat' dir='ltr'><strong>tua</strong></span> 
     </span>
    </p>
   </div>
   <div class='ocr_carea' id='block_1_107' title="bbox 2196 4791 3774 4869">
    <p class='ocr_par' dir='ltr' id='par_1_107' title="bbox 2196 4791 3774 4869">
     <span class='ocr_line' id='line_1_107' title="bbox 2196 4791 3774 4869; baseline -0.006 -17"><span class='ocrx_word' id='word_1_733' title='bbox 2196 4796 2497 4869; x_wconf 86' lang='lat' dir='ltr'><strong>plurimum</strong></span> <span class='ocrx_word' id='word_1_734' title='bbox 2525 4795 2756 4850; x_wconf 90' lang='lat' dir='ltr'><strong>interest</strong></span> <span class='ocrx_word' id='word_1_735' title='bbox 2782 4808 2968 4854; x_wconf 84' lang='lat' dir='ltr'><strong>nosse.</strong></span> <span class='ocrx_word' id='word_1_736' title='bbox 3000 4792 3237 4861; x_wconf 78' lang='lat' dir='ltr'><strong>explicet</strong></span> <span class='ocrx_word' id='word_1_737' title='bbox 3258 4806 3321 4845; x_wconf 87' lang='lat' dir='ltr'><strong>ea</strong></span> <span class='ocrx_word' id='word_1_738' title='bbox 3348 4791 3405 4845; x_wconf 88' lang='lat' dir='ltr'><strong>in</strong></span> <span class='ocrx_word' id='word_1_739' title='bbox 3432 4805 3626 4847; x_wconf 87' lang='lat' dir='ltr'><strong>aurem</strong></span> <span class='ocrx_word' id='word_1_740' title='bbox 3652 4791 3774 4854; x_wconf 87' lang='lat' dir='ltr'><strong>tibi,</strong></span> 
     </span>
    </p>
   </div>
   <div class='ocr_carea' id='block_1_108' title="bbox 2195 4883 3775 4963">
    <p class='ocr_par' dir='ltr' id='par_1_108' title="bbox 2195 4883 3775 4963">
     <span class='ocr_line' id='line_1_108' title="bbox 2195 4883 3775 4963; baseline -0.006 -16"><span class='ocrx_word' id='word_1_741' title='bbox 2195 4906 2361 4963; x_wconf 86' lang='lat' dir='ltr'><strong>quem</strong></span> <span class='ocrx_word' id='word_1_742' title='bbox 2397 4886 2894 4952; x_wconf 85' lang='lat' dir='ltr'><strong>circumducimus,</strong></span> <span class='ocrx_word' id='word_1_743' title='bbox 2926 4886 3225 4953; x_wconf 78' lang='lat' dir='ltr'><strong>interpres.</strong></span> <span class='ocrx_word' id='word_1_744' title='bbox 3270 4883 3426 4938; x_wconf 82' lang='lat' dir='ltr'><strong>Tunc</strong></span> <span class='ocrx_word' id='word_1_745' title='bbox 3448 4883 3612 4953; x_wconf 84' lang='lat' dir='ltr'><strong>jussu</strong></span> <span class='ocrx_word' id='word_1_746' title='bbox 3648 4884 3775 4940; x_wconf 70' lang='lat' dir='ltr'><strong>Per.</strong></span> 
     </span>
    </p>
   </div>
   <div class='ocr_carea' id='block_1_109' title="bbox 2197 4976 3778 5049">
    <p class='ocr_par' dir='ltr' id='par_1_109' title="bbox 2197 4976 3778 5049">
     <span class='ocr_line' id='line_1_109' title="bbox 2197 4976 3778 5049; baseline -0.008 -8"><span class='ocrx_word' id='word_1_747' title='bbox 2197 4999 2380 5041; x_wconf 86' lang='lat' dir='ltr'><strong>sarum</strong></span> <span class='ocrx_word' id='word_1_748' title='bbox 2416 4980 2688 5039; x_wconf 87' lang='lat' dir='ltr'><strong>accedens</strong></span> <span class='ocrx_word' id='word_1_749' title='bbox 2727 4979 3012 5049; x_wconf 84' lang='lat' dir='ltr'><strong>interpres</strong></span> <span class='ocrx_word' id='word_1_750' title='bbox 3060 4977 3129 5033; x_wconf 83' lang='lat' dir='ltr'><strong>ad</strong></span> <span class='ocrx_word' id='word_1_751' title='bbox 3159 4976 3639 5047; x_wconf 87' lang='lat' dir='ltr'><strong>patremfamilias,</strong></span> <span class='ocrx_word' id='word_1_752' title='bbox 3692 4976 3778 5030; x_wconf 87' lang='lat' dir='ltr'><strong>lu-</strong></span> 
     </span>
    </p>
   </div>
   <div class='ocr_carea' id='block_1_110' title="bbox 2197 5068 3774 5141">
    <p class='ocr_par' dir='ltr' id='par_1_110' title="bbox 2197 5068 3774 5141">
     <span class='ocr_line' id='line_1_110' title="bbox 2197 5068 3774 5141; baseline -0.006 -7"><span class='ocrx_word' id='word_1_753' title='bbox 2197 5078 2321 5134; x_wconf 85' lang='lat' dir='ltr'><strong>dice</strong></span> <span class='ocrx_word' id='word_1_754' title='bbox 2340 5073 2611 5141; x_wconf 78' lang='lat' dir='ltr'><strong>reddidit,</strong></span> <span class='ocrx_word' id='word_1_755' title='bbox 2638 5087 2776 5128; x_wconf 82' lang='lat' dir='ltr'><strong>voce</strong></span> <span class='ocrx_word' id='word_1_756' title='bbox 2799 5070 3075 5127; x_wconf 81' lang='lat' dir='ltr'><strong>submissa</strong></span> <span class='ocrx_word' id='word_1_757' title='bbox 3110 5069 3258 5140; x_wconf 82' lang='lat' dir='ltr'><strong>quod</strong></span> <span class='ocrx_word' id='word_1_758' title='bbox 3294 5068 3431 5138; x_wconf 66' lang='lat' dir='ltr'><strong>pica:</strong></span> <span class='ocrx_word' id='word_1_759' title='bbox 3456 5068 3774 5125; x_wconf 83' lang='lat' dir='ltr'><strong>Persicelo—</strong></span> 
     </span>
    </p>
   </div>
   <div class='ocr_carea' id='block_1_111' title="bbox 2198 5160 3776 5242">
    <p class='ocr_par' dir='ltr' id='par_1_111' title="bbox 2198 5160 3776 5242">
     <span class='ocr_line' id='line_1_111' title="bbox 2198 5160 3776 5242; baseline -0.009 -16"><span class='ocrx_word' id='word_1_760' title='bbox 2198 5170 2533 5242; x_wconf 76' lang='lat' dir='ltr'><strong>quebantur.</strong></span> <span class='ocrx_word' id='word_1_761' title='bbox 2564 5166 2789 5221; x_wconf 76' lang='lat' dir='ltr'><strong>Astabat</strong></span> <span class='ocrx_word' id='word_1_762' title='bbox 2841 5164 3090 5219; x_wconf 86' lang='lat' dir='ltr'><strong>intentus</strong></span> <span class='ocrx_word' id='word_1_763' title='bbox 3149 5160 3219 5216; x_wconf 88' lang='lat' dir='ltr'><strong>ad</strong></span> <span class='ocrx_word' id='word_1_764' title='bbox 3269 5176 3335 5216; x_wconf 89' lang='lat' dir='ltr'><strong>ea</strong></span> <span class='ocrx_word' id='word_1_765' title='bbox 3383 5177 3510 5232; x_wconf 72' lang='lat' dir='ltr'><strong>quin</strong></span> <span class='ocrx_word' id='word_1_766' title='bbox 3572 5161 3776 5216; x_wconf 85' lang='lat' dir='ltr'><strong>fiebant</strong></span> 
     </span>
    </p>
   </div>
   <div class='ocr_carea' id='block_1_112' title="bbox 2197 5253 3771 5326">
    <p class='ocr_par' dir='ltr' id='par_1_112' title="bbox 2197 5253 3771 5326">
     <span class='ocr_line' id='line_1_112' title="bbox 2197 5253 3771 5326; baseline -0.008 -7"><span class='ocrx_word' id='word_1_767' title='bbox 2197 5260 2659 5319; x_wconf 64' lang='lat' dir='ltr'><strong>sceleratissimus</strong></span> <span class='ocrx_word' id='word_1_768' title='bbox 2710 5265 2938 5313; x_wconf 71' lang='lat' dir='ltr'><strong>curatur</strong></span> <span class='ocrx_word' id='word_1_769' title='bbox 3006 5256 3358 5326; x_wconf 75' lang='lat' dir='ltr'><strong>accipitrum,</strong></span> <span class='ocrx_word' id='word_1_770' title='bbox 3411 5253 3508 5324; x_wconf 78' lang='lat' dir='ltr'><strong>qui</strong></span> <span class='ocrx_word' id='word_1_771' title='bbox 3564 5253 3771 5308; x_wconf 82' lang='lat' dir='ltr'><strong>ferrum</strong></span> 
     </span>
    </p>
   </div>
   <div class='ocr_carea' id='block_1_113' title="bbox 2197 5346 3775 5417">
    <p class='ocr_par' dir='ltr' id='par_1_113' title="bbox 2197 5346 3775 5417">
     <span class='ocr_line' id='line_1_113' title="bbox 2197 5346 3775 5417; baseline -0.008 -5"><span class='ocrx_word' id='word_1_772' title='bbox 2197 5359 2328 5413; x_wconf 88' lang='lat' dir='ltr'><strong>dum</strong></span> <span class='ocrx_word' id='word_1_773' title='bbox 2370 5355 2622 5411; x_wconf 77' lang='lat' dir='ltr'><strong>fervebat</strong></span> <span class='ocrx_word' id='word_1_774' title='bbox 2667 5352 3011 5407; x_wconf 79' lang='lat' dir='ltr'><strong>tondendum</strong></span> <span class='ocrx_word' id='word_1_775' title='bbox 3075 5359 3245 5415; x_wconf 86' lang='lat' dir='ltr'><strong>ratus,</strong></span> <span class='ocrx_word' id='word_1_776' title='bbox 3300 5346 3775 5417; x_wconf 80' lang='lat' dir='ltr'><strong>impudentissime</strong></span> 
     </span>
    </p>
   </div>
   <div class='ocr_carea' id='block_1_114' title="bbox 2195 5438 3776 5508">
    <p class='ocr_par' dir='ltr' id='par_1_114' title="bbox 2195 5438 3776 5508">
     <span class='ocr_line' id='line_1_114' title="bbox 2195 5438 3776 5508; baseline -0.009 -1"><span class='ocrx_word' id='word_1_777' title='bbox 2195 5449 2453 5507; x_wconf 82' lang='lat' dir='ltr'><strong>clamavit</strong></span> <span class='ocrx_word' id='word_1_778' title='bbox 2500 5446 2689 5503; x_wconf 80' lang='lat' dir='ltr'><strong>Indico</strong></span> <span class='ocrx_word' id='word_1_779' title='bbox 2724 5457 3001 5508; x_wconf 83' lang='lat' dir='ltr'><strong>sermone,</strong></span> <span class='ocrx_word' id='word_1_780' title='bbox 3042 5443 3264 5496; x_wconf 81' lang='lat' dir='ltr'><strong>intuens</strong></span> <span class='ocrx_word' id='word_1_781' title='bbox 3290 5440 3582 5494; x_wconf 79' lang='lat' dir='ltr'><strong>dominum</strong></span> <span class='ocrx_word' id='word_1_782' title='bbox 3626 5438 3776 5493; x_wconf 76' lang='lat' dir='ltr'><strong>:Ar-</strong></span> 
     </span>
    </p>
   </div>
   <div class='ocr_carea' id='block_1_115' title="bbox 2196 5530 3772 5615">
    <p class='ocr_par' dir='ltr' id='par_1_115' title="bbox 2196 5530 3772 5615">
     <span class='ocr_line' id='line_1_115' title="bbox 2196 5530 3772 5615; baseline -0.01 -16"><span class='ocrx_word' id='word_1_783' title='bbox 2196 5553 2373 5615; x_wconf 83' lang='lat' dir='ltr'><strong>guunt</strong></span> <span class='ocrx_word' id='word_1_784' title='bbox 2398 5558 2487 5598; x_wconf 81' lang='lat' dir='ltr'><strong>me</strong></span> <span class='ocrx_word' id='word_1_785' title='bbox 2508 5538 2799 5596; x_wconf 74' lang='lat' dir='ltr'><strong>iuuﬁiciosi</strong></span> <span class='ocrx_word' id='word_1_786' title='bbox 2852 5535 3061 5592; x_wconf 86' lang='lat' dir='ltr'><strong>silentii</strong></span> <span class='ocrx_word' id='word_1_787' title='bbox 3094 5534 3306 5598; x_wconf 71' lang='lat' dir='ltr'><strong>bestiae,</strong></span> <span class='ocrx_word' id='word_1_788' title='bbox 3340 5532 3470 5585; x_wconf 84' lang='lat' dir='ltr'><strong>dum</strong></span> <span class='ocrx_word' id='word_1_789' title='bbox 3506 5530 3772 5601; x_wconf 80' lang='lat' dir='ltr'><strong>probrum</strong></span> 
     </span>
    </p>
   </div>
   <div class='ocr_carea' id='block_1_116' title="bbox 2199 5628 3758 5705">
    <p class='ocr_par' dir='ltr' id='par_1_116' title="bbox 2199 5628 3758 5705">
     <span class='ocr_line' id='line_1_116' title="bbox 2199 5628 3758 5705; baseline -0.011 -10"><span class='ocrx_word' id='word_1_790' title='bbox 2199 5651 2305 5695; x_wconf 69' lang='lat' dir='ltr'><strong>tuae</strong></span> <span class='ocrx_word' id='word_1_791' title='bbox 2331 5639 2530 5693; x_wconf 81' lang='lat' dir='ltr'><strong>domus</strong></span> <span class='ocrx_word' id='word_1_792' title='bbox 2571 5635 2831 5705; x_wconf 83' lang='lat' dir='ltr'><strong>evulgare</strong></span> <span class='ocrx_word' id='word_1_793' title='bbox 2877 5638 3174 5700; x_wconf 84' lang='lat' dir='ltr'><strong>occupant,</strong></span> <span class='ocrx_word' id='word_1_794' title='bbox 3212 5628 3359 5697; x_wconf 80' lang='lat' dir='ltr'><strong>quod</strong></span> <span class='ocrx_word' id='word_1_795' title='bbox 3389 5642 3513 5697; x_wconf 79' lang='lat' dir='ltr'><strong>ego,</strong></span> <span class='ocrx_word' id='word_1_796' title='bbox 3542 5642 3656 5681; x_wconf 87' lang='lat' dir='ltr'><strong>non</strong></span> <span class='ocrx_word' id='word_1_797' title='bbox 3680 5628 3758 5678; x_wconf 73' lang='lat' dir='ltr'><strong>uti</strong></span> 
     </span>
    </p>
   </div>
   <div class='ocr_carea' id='block_1_117' title="bbox 2198 5722 3771 5801">
    <p class='ocr_par' dir='ltr' id='par_1_117' title="bbox 2198 5722 3771 5801">
     <span class='ocr_line' id='line_1_117' title="bbox 2198 5722 3771 5801; baseline -0.011 -12"><span class='ocrx_word' id='word_1_798' title='bbox 2198 5748 2303 5789; x_wconf 90' lang='lat' dir='ltr'><strong>nus</strong></span> <span class='ocrx_word' id='word_1_799' title='bbox 2343 5746 2508 5801; x_wconf 78' lang='lat' dir='ltr'><strong>quem</strong></span> <span class='ocrx_word' id='word_1_800' title='bbox 2565 5730 2701 5799; x_wconf 89' lang='lat' dir='ltr'><strong>ipsis</strong></span> <span class='ocrx_word' id='word_1_801' title='bbox 2777 5725 2912 5780; x_wconf 84' lang='lat' dir='ltr'><strong>mihi</strong></span> <span class='ocrx_word' id='word_1_802' title='bbox 2983 5731 3334 5793; x_wconf 80' lang='lat' dir='ltr'><strong>perspectum</strong></span> <span class='ocrx_word' id='word_1_803' title='bbox 3393 5722 3771 5791; x_wconf 81' lang='lat' dir='ltr'><strong>superstitiosa</strong></span> 
     </span>
    </p>
   </div>
   <div class='ocr_carea' id='block_1_118' title="bbox 2198 5812 3774 5883">
    <p class='ocr_par' dir='ltr' id='par_1_118' title="bbox 2198 5812 3774 5883">
     <span class='ocr_line' id='line_1_118' title="bbox 2198 5812 3774 5883; baseline -0.008 -6"><span class='ocrx_word' id='word_1_804' title='bbox 2198 5821 2531 5881; x_wconf 83' lang='lat' dir='ltr'><strong>verecundia</strong></span> <span class='ocrx_word' id='word_1_805' title='bbox 2565 5820 2835 5873; x_wconf 86' lang='lat' dir='ltr'><strong>hactenus</strong></span> <span class='ocrx_word' id='word_1_806' title='bbox 2863 5815 3034 5870; x_wconf 79' lang='lat' dir='ltr'><strong>tacui.</strong></span> <span class='ocrx_word' id='word_1_807' title='bbox 3062 5813 3131 5869; x_wconf 83' lang='lat' dir='ltr'><strong>Ut</strong></span> <span class='ocrx_word' id='word_1_808' title='bbox 3152 5814 3322 5883; x_wconf 76' lang='lat' dir='ltr'><strong>igitur</strong></span> <span class='ocrx_word' id='word_1_809' title='bbox 3342 5812 3493 5883; x_wconf 87' lang='lat' dir='ltr'><strong>quod</strong></span> <span class='ocrx_word' id='word_1_810' title='bbox 3519 5814 3774 5873; x_wconf 68' lang='lat' dir='ltr'><strong>omittere</strong></span> 
     </span>
    </p>
   </div>
  </div>
