4016 6532
349 345 493 414 1293

1271 341 1658 409 SPECIMEN
1697 337 2130 402 SAPIENTi/E
2165 338 2528 401 [NDGRUM
2573 338 2732 401 VET.

3355 307 3366 312 ’
3441 333 3574 400 129i

343 467 525 530 salva.
570 481 733 538 quam
771 466 870 524 tibi
906 465 1102 531 debeo,
1143 463 1248 519 fide
1274 478 1383 518 non
1406 473 1654 532 possum,
1681 456 1766 514 vel
1781 469 1908 513 sero
1939 462 1980 518 Α
2008 469 2236 526 gravare
2264 455 2576 510 testimonio
2629 453 2852 525 paratis,
2905 467 3005 525 pro
3058 467 3123 509 ea
3195 466 3316 523 qua!
3373 455 3576 524 cuique

343 572 636 627 exsequar,
677 558 764 613 aio
795 571 1160 626 asseveroque
1209 553 1354 610 idem
1403 551 1551 623 quod
1584 549 1717 620 pica:
1769 545 1912 603 refe-

349 657 499 707 runt.
552 647 755 701 vidisse
827 647 1083 702 nimirum
1135 659 1223 700 me
1267 656 1490 713 quoque
1541 639 1690 695 hisce
1738 637 1913 693 oculis

348 755 460 794 non
496 738 666 794 semel
720 747 776 792 et
822 740 1044 804 iterum,
1069 737 1164 794 sed
1213 734 1436 804 saepius,
1485 730 1784 788 adulterari
1838 729 1910 784 ab

347 830 580 885 ostiario
625 839 776 884 tuam
824 831 1111 900 eonjugem
1139 827 1412 882 volentem
1469 832 1526 880 et
1571 831 1908 894 poscentem.

347 920 625 974 Efferatus
647 928 803 973 tanto
841 933 942 974 suo
970 919 1240 974 dedecore
1296 915 1712 988 paterfamilias,
1743 913 1910 968 simul

349 1009 558 1064 furioso
586 1009 774 1064 deﬁxit
792 1009 989 1065 obtutu
1019 1010 1220 1076 eidem,
1246 1019 1302 1063 et
1355 1009 1531 1078 ipsam
1581 1019 1786 1062 mensa:
1821 1019 1913 1059 ac-

347 1097 698 1167 cumbentem
723 1111 974 1160 uxorem,
1011 1096 1175 1152 simul
1205 1111 1404 1151 manus
1452 1105 1512 1150 et
1543 1108 1695 1148 arma
1747 1107 1914 1162 expe-

346 1188 535 1242 diebat
565 1190 616 1241 ei
647 1188 835 1242 statim
865 1188 918 1241 in
941 1189 1116 1243 oculis
1135 1187 1498 1243 convivarum
1546 1184 1907 1240 trueidandm.

345 1280 694 1337 Obstiterunt
756 1289 1149 1348 consurgentes
1196 1280 1462 1349 hospites.
1516 1294 1623 1334 non
1678 1278 1908 1349 gratiam

347 1374 628 1442 supplicii,
661 1373 758 1427 sed
814 1387 1022 1426 moram
1079 1371 1146 1425 ad
1196 1371 1565 1440 cognitionem
1627 1383 1686 1424 se
1725 1377 1913 1438 petere

347 1467 581 1519 aientes.
636 1465 862 1519 Interim
902 1463 1212 1518 miserrima
1245 1471 1518 1526 matrona,
1567 1469 1788 1530 sumpto
1842 1474 1912 1514 ex

347 1555 684 1610 conscientia
742 1557 949 1618 animo,
1004 1555 1182 1608 virum
1216 1555 1304 1610 his
1332 1554 1518 1609 verbis
1567 1552 1913 1609 conﬁdenter

345 1657 432 1702 est
454 1649 664 1704 all‘ata:
727 1649 806 1703 Ne
843 1647 1152 1718 pra-cipit”
1204 1646 1608 1702 damnationem
1654 1643 1914 1699 inauditae

349 1755 476 1800 rete,
514 1739 653 1792 adeo
712 1755 820 1792 non
853 1738 1159 1794 recusantis
1178 1736 1536 1792 suavissimam
1597 1750 1812 1799 necem,
1861 1734 1913 1790 si

2013 542 2394 620 antiquissima
2427 552 2511 600 est
2537 544 2769 614 propria:
2794 543 3188 600 incolumitatis
3233 558 3386 607 cura,
3413 559 3578 615 repu-

2017 640 2215 697 tantes,
2244 642 2496 689 metuere
2533 649 2630 704 par
2652 647 2732 690 est
2772 635 3044 690 intentam
3073 636 3126 690 in
3172 635 3575 690 calumniarum

2013 723 2282 779 ultionem
2311 723 2554 793 vigiliam
2592 725 2976 793 Providentiae,
3008 732 3362 797 statuereque
3391 724 3577 781 vobis-

2009 829 2159 880 cum,
2189 829 2299 868 non
2330 814 2531 869 minori
2568 830 2666 871 vos
2722 825 2908 872 vestro
2954 831 3118 888 quam
3164 831 3290 872 meo
3328 815 3574 886 periculo

2015 907 2068 961 in
2095 906 2416 977 hocjudicio
2448 907 2797 963 mentituros.

2085 997 2171 1053 IX.
2210 999 2337 1053 Ha'c
2367 1015 2395 1054 a
2433 999 2769 1068 Vestigatore
2818 999 3003 1056 audita
3041 1001 3319 1058 silentium
3357 1003 3575 1073 excepit

2013 1087 2334 1154 astantium,
2365 1089 2584 1144 nemine
2611 1105 2720 1144 non
2747 1105 2940 1146 eorum
2976 1092 3072 1162 qui
3101 1093 3304 1148 dicturi
3363 1095 3572 1166 aliquid

2011 1188 2300 1246 venerant,
2329 1195 2429 1235 sua
2464 1195 2630 1237 causa
2682 1180 3033 1248 formidante,
3073 1190 3182 1237 tam
3226 1193 3477 1254 argutum
3517 1194 3575 1240 et

2013 1271 2296 1340 loquacem
2324 1285 2475 1333 reum
2511 1279 2716 1326 temere
2753 1271 3071 1326 lacessendo
3096 1271 3151 1326 in
3177 1287 3295 1328 sese
3332 1272 3572 1329 irritare.

2013 1361 2378 1429 Quaestionem
2438 1362 2604 1434 igitur
2649 1363 2912 1433 ampliare
2960 1373 3184 1419 coactus
3218 1364 3408 1434 judex,
3443 1379 3575 1420 con-

2013 1462 2236 1508 ventum
2272 1454 2453 1521 solvit,
2486 1454 2629 1508 diem
2689 1453 2817 1510 inde
2875 1454 3162 1524 septimam
3214 1455 3576 1510 instauranda

2009 1542 2220 1613 judicio
2247 1543 2567 1599 condieens.
2598 1544 2799 1599 Verum
2826 1559 2893 1598 eo
2923 1544 3104 1613 spatio
3143 1544 3576 1614 prudentissima

2015 1634 2157 1703 regis
2186 1643 2358 1689 mater
2395 1635 2565 1688 {ilium
2599 1635 2808 1701 adiens,
2838 1633 3158 1706 Quousque,
3190 1635 3391 1706 inquit,
3412 1638 3582 1692 susti-

2016 1713 2118 1780 nes
2153 1733 2439 1780 versutum
2477 1725 2627 1782 nunc
2652 1725 3084 1796 vitilitigatorem
3140 1725 3239 1781 tibi
3275 1735 3330 1782 et
3358 1727 3578 1798 legibus

347 1832 560 1886 crimen
592 1831 738 1901 quod
776 1831 1042 1902 objicitur
1067 1845 1262 1885 verum
1313 1838 1422 1890 est.
1462 1838 1522 1882 at
1579 1835 1914 1895 occupatura
1949 1809 1987 1862 Β
2018 1815 2291 1871 iliades-ei
2315 1816 2546 1882 Excute,
2583 1831 2767 1887 (μικιο
2804 1824 2877 1884 te,
2911 1816 3215 1888 proculque
3275 1818 3434 1890 abige
3486 1833 3578 1873 su-

349 1921 496 1974 nltro
525 1919 712 1974 fuerit.
743 1920 890 1978 Cave
918 1928 1084 1988 putes
1113 1918 1329 1973 vocales
1351 1931 1482 1972 alves
1501 1916 1648 1986 quod
1675 1914 1918 1970 viderint

347 2013 598 2077 referre;
636 2012 879 2068 reddunt
904 2027 1028 2081 quin
1065 2011 1386 2076 audierunt,
1419 2025 1542 2080 qua:
1562 2007 1752 2063 artifex
1803 2023 1916 2063 sce-

351 2103 478 2155 leris
503 2103 712 2166 docuit,
746 2105 1000 2168 recitant,
1032 2103 1236 2173 ignara:
1263 2102 1394 2172 ipsa:
1431 2101 1564 2171 quid
1593 2101 1912 2171 loquantur.

347 2192 583 2256 Jubc,si
612 2192 862 2258 dubitas,
909 2191 1241 2263 interrogari
1290 2193 1363 2248 de
1412 2193 1538 2248 aliis
1585 2207 1684 2248 eos
1730 2191 1915 2262 lingua

347 2298 456 2352 qua
496 2285 618 2344 huc
647 2285 862 2350 dicunt,
896 2284 942 2342 si
978 2283 1208 2339 verbum
1243 2293 1530 2353 prmterea,
1559 2281 1644 2340 vel
1687 2281 1912 2338 unicum

347 2375 621 2433 sermonis
648 2374 874 2440 Persici,
928 2384 1024 2430 aut
1065 2374 1368 2446 intelligi-re
1414 2375 1774 2438 videbuntur,
1819 2382 1915 2432 aut

318 2508 325 2516 .
351 2483 620 2538 reponere
649 2475 913 2536 poterunt
944 2467 1290 2536 rogantibus,
1323 2467 1536 2522 cunctis
1562 2483 1650 2523 me
1676 2474 1904 2522 tormen-

350 2561 422 2614 tis
446 2560 725 2616 excrucia.
753 2559 897 2616 Fons
933 2559 1136 2629 piaculi
1176 2559 1346 2615 totius
1371 2558 1536 2629 hujus
1583 2558 1914 2627 aeeipitrarii

349 2651 673 2722 nequissimi
716 2650 1141 2714 eﬂ‘renatissima
1219 2649 1392 2704 libido
1446 2658 1552 2704 est.
1607 2649 1706 2706 ille
1749 2665 1918 2712 auctis

351 2754 566 2798 testare
593 2743 914 2812 pudicitiam
949 2758 1152 2804 meam.
1179 2743 1273 2797 ubi
1293 2742 1529 2813 rejectus
1570 2741 1748 2798 audiit
1795 2758 1916 2812 qute

349 2836 578 2898 meruit,
610 2835 709 2892 bas
724 2835 1018 2891 adornavit
1039 2835 1263 2890 tecltnas
1287 2833 1422 2888 milii
1451 2833 1919 2903 [verriculum-

345 2929 606 2992 cedente.
661 2937 720 2985 ut
769 2927 886 2984 fere
940 2928 1025 2990 iit.
1083 2927 1141 2983 ia
1182 2927 1364 2982 locum
1396 2925 1658 2996 ﬂagitiosi
1710 2925 1916 2990 amoris

347 3031 536 3089 optato
591 3019 858 3084 frustrati,
907 3018 1263 3088 sanguinaria
1321 3018 1663 3072 inmanitate
1714 3017 1914 3089 tragici

346 3113 485 3169 odii.
513 3114 676 3169 Plura
714 3112 986 3168 dicturam
1030 3109 1404 3180 interpellavit
1429 3124 1514 3208 os.
1534 3108 1778 3208 ferreum
1801 3125 1910 3208 ,ωι-
1929 3145 1979 3208 C

347 3208 448 3260 «Iac
471 3203 622 3260 ssinii
647 3202 1088 3266 calumniatoris,
1123 3214 1484 3270 perseverans
1500 3197 1908 3268 improbissime

347 3308 539 3349 verunt
591 3307 651 3351 se
705 3291 920 3356 testari,
962 3290 1126 3346 falsas
1169 3288 1551 3344 excusationes
1609 3287 1910 3342 obtendere

346 3393 582 3442 astutam
634 3384 961 3440 adulteram.
996 3382 1116 3438 Tali
1143 3381 1377 3436 articulo
1402 3379 1596 3454 adfuit,
1646 3390 1908 3448 tanquam

341 3477 492 3534 Betis
506 3491 537 3534 e
567 3475 839 3536 machina.
865 3474 1115 3530 mirabile
1135 3482 1435 3530 ostentum.
1455 3471 1654 3541 Raptis
1671 3481 1909 3541 repente

343 3571 481 3626 loris
509 3569 796 3638 expeditus
823 3583 856 3622 e
876 3565 1086 3636 pertica
1113 3563 1388 3621 falconum
1419 3563 1711 3625 maximus,
1770 3577 1909 3633 quos

345 3666 450 3722 iste
465 3663 673 3720 nebulo
699 3659 955 3722 curabat.
979 3657 1193 3714 infeSIis
1215 3665 1274 3712 et
1303 3663 1481 3713 rostro
1511 3663 1566 3712 et
1632 3653 1910 3724 unguibus

345 3754 618 3817 involutis,
647 3753 699 3810 ei
727 3752 918 3809 oculos
937 3748 1135 3813 eruit;
1207 3745 1695 3818 consternavitth
1744 3745 1905 3808 adeo,

344 3859 456 3905 tam
487 3846 779 3906 manifesto
808 3843 1052 3904 numinis
1074 3840 1279 3897 indicio
1314 3839 1646 3903 convictum,
1713 3847 1772 3896 ut
1816 3835 1909 3895 ila-
1937 3892 1939 3894 _

343 3941 538 4010 gitium
562 3940 676 4009 jam
702 3951 884 3999 stium.
935 3943 1223 4002 totumque
1285 3929 1606 3984 insidiarum
1656 3927 1904 3982 ordinem

345 4033 492 4086 uitro
527 4027 799 4084 conﬁtens
859 4025 1145 4095 panderet.
1209 4021 1288 4075 lta
1336 4019 1548 4080 oculos.
1603 4017 1806 4088 quibus
1841 4030 1906 4072 se

345 4125 717 4178 mentiebatur
744 4117 949 4172 vidisse
971 4129 1094 4183 qua
1124 4112 1382 4183 ﬁngebat,
1433 4110 1736 4182 justissima
1786 4107 1906 4166 vice

342 4217 610 4282 impostor
635 4211 841 4269 amisit.
868 4214 926 4262 et
955 4213 1206 4260 matrona
1277 4203 1547 4258 innocens
1602 4199 1905 4257 subornato

342 4305 525 4362 avium
550 4298 834 4356 mendacio
863 4296 1150 4358 iuiamata,
1179 4293 1298 4350 avis
1317 4291 1537 4348 ultricis
1571 4304 1682 4346 μοι
1711 4289 1906 4361 implo-

344 4405 462 4450 rata
495 4391 812 4448 defensione
853 4397 1074 4458 purgata
1102 4394 1208 4440 est.
1239 4383 1372 4438 Tam
1420 4398 1548 4439 caro
1578 4383 1792 4452 procaci
1815 4382 1904 4451 ju-

2017 1908 2387 1978 perstitiosum
2415 1919 2621 1963 metum
2643 1909 2886 1976 errandi,
2917 1909 3204 1966 subdendo
3244 1911 3424 1980 prunis
3461 1927 3580 1968 ma-

2016 1999 2214 2056 nifeste
2249 1999 2460 2055 meritis
2484 1999 2952 2070 improbissimum
2985 2011 3170 2070 caput,
3201 2003 3362 2073 cujus
3379 2019 3449 2057 ex
3481 2018 3579 2060 ore

2016 2090 2140 2161 ipso
2165 2091 2312 2146 domi
2355 2107 2469 2147 suae
2514 2090 2637 2146 sitae
2676 2094 2872 2147 timore
2919 2093 3113 2148 arbitri
3146 2108 3278 2149 vera
3335 2094 3578 2162 fatentis,

2016 2183 2330 2252 leopardus,
2370 2185 2677 2254 quantavis
2710 2193 2906 2239 auctor
2947 2182 3096 2251 fidei,
3137 2185 3349 2241 audivit
3401 2187 3582 2242 diser-

2018 2275 2280 2329 tissimam
2307 2275 2704 2330 confessionem
2730 2277 3087 2333 circumventi
3124 2277 3439 2347 proditione
3483 2294 3583 2335 ne-

2015 2363 2154 2420 faria
2188 2363 2419 2419 insontis
2469 2364 2631 2420 tauri.
2668 2364 2810 2433 Quid
2869 2366 3012 2422 aliis-
3041 2378 3305 2439 preterea
3342 2370 3580 2429 testibus

2016 2471 2157 2526 opus
2194 2466 2299 2521 est,
2324 2465 2423 2512 aut
2454 2472 2724 2528 quorsum
2776 2461 3059 2532 inquisitio
3105 2465 3449 2534 producitur,
3481 2467 3577 2522 ubi

2009 2549 2220 2604 crimen
2249 2550 2504 2605 tenetur?
2520 2550 2638 2606 Non
2653 2549 2810 2608 vides
2837 2553 2941 2608 hoc
2954 2568 3362 2624 supervacaneo
3397 2556 3580 2627 legiti-

2014 2655 2115 2695 ma:
2137 2641 2456 2710 quaestionis
2475 2654 2743 2713 apparatu
2777 2657 2996 2699 scenam
3019 2643 3278 2702 adornari
3321 2647 3576 2709 artiticiis

2011 2731 2348 2794 caiiidissimi
2387 2733 2608 2799 rabula,
2642 2735 2787 2790 unde
2807 2751 2867 2791 se
2886 2736 3092 2806 jactent
3122 2753 3293 2808 usque
3317 2738 3384 2794 ad
3424 2740 3582 2810 plau-

2011 2838 2134 2879 sum
2165 2824 2564 2896 imperitorum,
2593 2835 2650 2882 et
2679 2827 3008 2897 triumphata
3027 2828 3360 2900 judiciorum
3384 2843 3580 2889 aucto—

2013 2916 2172 2983 ritas,
2195 2915 2440 2987 stropitin
2460 2916 2795 2974 cavitlatoris
2827 2919 3312 2990 impudentissitui,
3336 2923 3578 2980 ludibrio

2007 3009 2120 3080 jam
2141 3007 2286 3079 vulgi
2315 3007 2652 3063 traducatur.
2683 3008 2745 3064 In
2802 3024 3016 3067 summa
3038 3011 3118 3067 sic
3147 3013 3323 3069 habe:
3376 3015 3424 3070 si
3469 3015 3579 3072 hoc

2011 3100 2104 3155 ille
2133 3100 2340 3156 diutius
2357 3099 2496 3155 ferat
2525 3101 2770 3172 impune,
2795 3101 3042 3157 futurum
3066 3106 3292 3160 omnino
3321 3115 3385 3161 ut
3405 3108 3580 3179 major

2009 3189 2271 3261 deinceps
2297 3192 2591 3246 securitate
2635 3191 2845 3248 scelera
2872 3192 3314 3264 frequententur,
3341 3212 3574 3266 persua-

2010 3279 2086 3335 sis
2115 3279 2272 3335 istius
2289 3282 2630 3349 experientia
2659 3297 2947 3338 successus
2963 3286 3320 3355 aequissimis
3341 3271 3574 3360 quibus-

2010 3387 2137 3442 que,
2159 3371 2296 3427 satis
2327 3381 2504 3428 tutum
2535 3371 2868 3443 improbitati
2893 3376 3209 3444 praesidium
3245 3379 3576 3439 intermittis

2010 3463 2390 3533 leguleiorum,
2421 3479 2486 3520 ac
2513 3463 2827 3522 forensibus
2879 3470 3112 3538 argutiis
3159 3471 3427 3528 adversus
3461 3475 3572 3530 vim

2008 3552 2188 3623 legum
2228 3568 2346 3609 esse
2367 3555 2744 3611 constitutum.
2772 3558 2895 3614 litec
2919 3559 3119 3628 regina:
3147 3562 3327 3617 oratio
3350 3579 3570 3620 causam

2007 3647 2262 3702 absolvit.
2301 3647 2487 3704 Victus
2523 3647 2671 3702 enim
2730 3651 2968 3704 evidenti
3021 3653 3251 3706 veritate
3307 3655 3573 3723 sapientis

2009 3737 2205 3792 moniti
2235 3739 2322 3793 leo
2361 3754 2480 3805 rex,
2535 3739 2691 3794 misit
2742 3740 3122 3810 spieulatores
3171 3745 3226 3798 in
3279 3736 3570 3803 carcerem

2003 3833 2191 3903 jussus
2217 3830 2292 3884 ibi
2323 3829 2718 3901 Vestigatorctu
2765 3831 3100 3889 interﬁcere.
3139 3837 3417 3906 Postque:
3442 3854 3572 3893 nar»

2008 3933 2122 3984 rata
2153 3921 2414 3992 colligens
2437 3921 2822 3992 disputationis
2869 3939 2986 3979 suae
3032 3941 3304 3982 summam
3337 3944 3570 3999 gymno-

2007 4011 2275 4083 sophista,
2305 4012 2428 4068 hac
2451 4014 2566 4084 regi
2594 4012 2950 4069 Abessalomo
2971 4015 3146 4070 dixit:
3184 4017 3244 4072 In
3272 4019 3424 4074 hunc
3451 4036 3572 4074 rno-

2006 4100 2158 4166 duru,
2184 4098 2428 4163 domine.
2456 4098 2662 4168 ubique
2694 4114 2758 4158 ac
2792 4115 3007 4170 semper
3034 4103 3214 4161 serius
3249 4106 3410 4162 ocius
3445 4122 3573 4165 eve-

1997 4192 2120 4248 .niet
2139 4200 2202 4248 ut
2221 4190 2316 4253 eui
2334 4190 2472 4246 male
2491 4191 2606 4260 agit
2631 4191 2768 4245 male
2797 4191 3058 4261 patiatur,
3085 4202 3141 4248 et
3172 4194 3478 4262 insidiator,
3523 4197 3571 4256 si

2005 4299 2116 4340 non
2129 4284 2310 4340 statim
2331 4281 2490 4342 cadat
2511 4281 2566 4336 in
2581 4281 2792 4342 foveam
2809 4298 2974 4352 quam
2993 4283 3152 4342 alteri
3173 4284 3396 4351 foderit,
3418 4287 3570 4343 brevi

2005 4377 2201 4434 saltem
2231 4375 2507 4436 similibus
2534 4374 2749 4445 laqueis
2787 4375 3228 4444 circumventus,
3261 4380 3574 4442 calamitate

343 4486 470 4540 veni
489 4483 764 4542 constitit.
797 4481 978 4536 aliena
1007 4493 1118 4534 non
1156 4474 1421 4532 merentis
1473 4473 1718 4543 pernicie
1749 4488 1908 4530 ωειλ-
1937 4472 1981 4529 D
2009 4467 2352 4538 opprimatur
2376 4466 2497 4538 ejus
2533 4466 2652 4537 pari
2681 4481 2847 4536 quam
2870 4470 3251 4538 procuraverit
3269 4470 3498 4530 insonti.

343 4578 435 4633 tiri
465 4574 707 4632 voluisse
743 4588 759 4625 :
793 4570 938 4641 quod
965 4584 1085 4633 vos,
1125 4567 1174 4624 si
1205 4567 1301 4638 qui
1335 4582 1421 4622 me
1465 4567 1737 4622 insontem
1765 4565 1902 4622 falso

1328 4773 1862 4836 DISSERTA'HO
1903 4765 2405 4834 PARABOLICA
2435 4763 2552 4825 Ill.

1067 4897 1313 4980 Ofﬁcia,
1343 4897 1601 4976 praxim
1643 4905 1698 4957 et
1732 4897 1980 4974 [ructus
2009 4909 2168 4954 verte
2204 4889 2498 4952 amicitia
2529 4889 2828 4950 declarat.

413 5031 506 5085 llis
538 5028 740 5083 auditis
764 5025 898 5080 dixit
927 5040 1019 5078 rex
1060 5022 1518 5094 gymnOSOpbistte
1547 5039 1560 5075 :
1613 5020 1762 5075 Satis
1802 5020 1902 5074 ista

341 5123 600 5192 percepi;
651 5119 844 5172 vellem
878 5114 1010 5170 mihi
1043 5113 1306 5182 deinceps
1337 5112 1600 5182 exemplis
1633 5111 1902 5174 declarari

340 5216 489 5282 leges
507 5221 564 5266 et
601 5209 773 5263 cilicia
809 5206 1063 5264 amicitiae
1091 5204 1414 5260 constantis.

418 5307 454 5360 I.
489 5305 568 5357 Ad
622 5318 685 5356 ea
737 5297 1182 5372 gyninosopbista
1245 5293 1560 5362 respondit:
1609 5293 1900 5358 Amicitize,

341 5395 588 5457 domine,
626 5408 787 5455 verse,
818 5406 920 5460 qua
942 5390 1078 5443 nihil
1112 5387 1484 5456 expetibilius,
1528 5385 1666 5439 nihil
1696 5385 1900 5454 pretio-

340 5493 456 5545 sius
489 5490 541 5540 in
583 5489 690 5540 vita
746 5493 848 5547 est,
888 5479 1176 5548 imaginem
1211 5476 1522 5532 informabo
1562 5477 1900 5548 luculentam

341 5583 395 5637 in
432 5580 517 5634 liis
542 5593 660 5647 qua:
691 5590 812 5632 mox
846 5574 1073 5626 referam
1111 5570 1177 5625 de
1202 5567 1474 5632 columba,
1512 5582 1698 5630 corvo,
1726 5583 1901 5631 mure,

343 5677 617 5734 testudine.
653 5683 706 5727 et
737 5689 863 5740 capr
897 5685 946 5724 a.
982 5669 1112 5722 Erat
1165 5681 1332 5735 prope
1369 5665 1656 5734 quamdam
1711 5664 1904 5716 civita-

345 5780 452 5822 tein
485 5769 638 5820 locus
670 5774 829 5830 aptus
877 5757 1132 5826 aucupio,
1197 5757 1570 5824 frequcntnlus
1617 5764 1904 5822 propterea

1998 5019 2070 5073 ah
2100 5017 2310 5074 urbana
2328 5016 2643 5086 juventute,
2671 5013 2890 5085 praedas
2924 5015 3036 5074 illic
3087 5015 3439 5085 quotidiana;
3485 5019 3569 5078 [3-

1996 5123 2122 5164 cere
2145 5107 2327 5164 solita.
2383 5105 2650 5161 Arborem
2687 5104 2799 5160 illic
2854 5119 3118 5163 annosam
3171 5106 3285 5160 late
3338 5123 3563 5180 Opacam

1995 5199 2167 5254 ramis
2198 5196 2606 5260 frondentibus,
2647 5203 2787 5248 stato
2817 5192 3023 5248 dudum
3055 5194 3332 5252 domicilio
3365 5213 3564 5253 corvus

1994 5293 2308 5356 insederat;
2339 5290 2496 5359 cujus
2521 5304 2550 5342 e
2581 5286 2863 5342 cacumine
2897 5302 3021 5342 cum
3047 5297 3220 5346 staret
3254 5291 3310 5344 in
3339 5294 3561 5358 specula

1996 5384 2217 5452 prodire
2241 5382 2378 5436 vidit
2403 5391 2739 5442 venatorem,
2770 5378 3171 5433 manudextcra
3204 5383 3559 5453 venabulum,

2000 5485 2112 5530 rete
2143 5475 2359 5529 sinistra
2389 5482 2716 5541 portantem.
2749 5471 2927 5526 Facile
2986 5472 3253 5528 intellexit
3302 5476 3416 5530 haec
3445 5495 3566 5533 cer-

2001 5584 2137 5622 nens
2167 5581 2388 5629 corvus,
2450 5579 2550 5618 suo
2585 5565 2746 5618 istum
2778 5574 2832 5618 et
2861 5566 2947 5618 sui
3007 5566 3268 5621 similium
3322 5570 3567 5638 periculo

2005 5663 2214 5723 venire,
2255 5673 2615 5726 mussansque
2649 5673 2709 5709 ac
2741 5656 2848 5712 sibi
2899 5672 3123 5721 cavens,
3169 5661 3457 5716 constituit
3483 5676 3566 5724 ta-

2008 5768 2126 5805 nlt‘tl
2158 5750 2454 5805 observare
2495 5750 2707 5802 curiose
2737 5762 2845 5816 quo
2879 5749 2979 5803 iste
3002 5749 3184 5804 avium
3217 5755 3401 5821 generi
3442 5754 3565 5825 jure
