4016 6528
507 304 647 370 1295

1902 305 2310 369 APPENDIX.

3628 313 3767 376 12‘36

503 427 797 492 suspectus
825 423 1121 487 apparatus
1149 426 1486 487 erumperet.
1518 416 1659 472 ECce
1685 424 1872 472 autem
1902 418 2087 473 statim
2120 423 2160 481 Α
2193 417 2326 484 Quis
2352 429 2535 473 autem
2561 434 2669 475 non
2703 418 2950 476 adversis
2993 429 3286 478 exercetur
3342 422 3573 479 definito
3637 436 3768 480 tem-

496 524 647 586 pest,
677 521 794 568 rete
825 527 1029 582 auceps
1056 511 1342 582 aliquanto
1371 525 1537 580 supra
1591 525 1849 580 campum
1900 509 2081 580 spatio

500 607 690 674 tigillis
730 618 1061 675 suspensum
1091 602 1378 673 explicuit,
1417 603 1604 671 granis
1637 602 1901 658 frumenti
1951 602 2083 658 sub-

501 709 590 755 tus
636 699 884 768 sparsis;
939 696 1144 768 quibus
1203 696 1391 765 procul
1428 695 1559 750 visis
1594 694 1851 750 columba
1894 696 2081 750 senior

499 791 637 847 alias
672 791 884 860 aliqum
916 791 1170 860 juniores
1199 803 1386 844 secum
1421 787 1654 854 ducens,
1686 787 1968 842 advolavit
2007 787 2077 842 ad

498 886 758 942 viciniam
792 885 926 939 retis
955 893 1012 938 et
1042 883 1214 952 ipsam
1265 880 1573 938 seminibus
1607 880 1932 949 inspersam,
1956 894 2079 949 quae

497 979 679 1034 obiter
707 975 960 1032 columba
990 989 1115 1029 cum
1149 973 1428 1028 sodalibus
1455 972 1666 1042 legens,
1719 971 1924 1026 sensim
1959 971 2078 1040 ipsa

495 1073 650 1143 prior
681 1069 890 1124 subivit
921 1076 1036 1122 rete
1071 1067 1318 1136 aliasque
1343 1065 1536 1121 eodem
1571 1064 1759 1120 traxit.
1798 1063 1924 1119 Haec
1965 1079 2076 1119 non

495 1163 656 1232 longe
693 1160 1032 1214 delitescens
1059 1158 1117 1212 in
1151 1157 1366 1212 insidiis
1399 1155 1791 1226 speculabatur
1843 1170 2071 1224 auceps,

493 1255 587 1326 qui
621 1253 717 1308 ubi
755 1253 997 1324 przedam
1042 1250 1097 1305 in
1131 1265 1315 1305 casses
1351 1249 1601 1304 indutam
1628 1247 1787 1311 vidit,
1835 1256 2073 1301 attractu

491 1346 690 1400 furtivo
705 1342 939 1398 funiculi.
960 1340 1352 1397 statuminibus
1369 1339 1676 1399 subductis.
1698 1347 1812 1393 rete
1835 1338 2076 1392 devolvit

492 1438 547 1490 in
570 1435 620 1492 ei
654 1435 933 1506 subjectas
952 1433 1223 1488 volucres.
1241 1432 1624 1485 Consternata:
1653 1429 1757 1484 illae
1781 1429 1966 1483 subito
1998 1429 2076 1483 la-

491 1548 592 1602 psu
624 1542 776 1593 sunt,
831 1543 951 1584 sese
985 1535 1174 1598 captas
1227 1526 1574 1580 sentientes:
1626 1534 1806 1579 tamen
1869 1523 1960 1577 illa
1989 1537 2076 1576 se-

493 1626 641 1690 nior,
665 1632 992 1678 caiterarum
1033 1620 1275 1685 ductrix,
1308 1617 1455 1672 bono
1480 1632 1602 1673 esse
1653 1617 1843 1670 animo
1894 1614 2076 1670 socias

489 1719 675 1788 jussit,
708 1730 812 1771 nec
852 1723 959 1768 tam
995 1713 1107 1767 cito
1135 1713 1456 1780 desperare,
1483 1709 1618 1780 quin
1645 1710 1786 1764 ratio
1818 1705 1944 1762 iniri
1970 1707 2075 1762 ali-

491 1826 600 1882 qua
626 1819 814 1880 posset
869 1804 1228 1876 expediendae
1283 1819 1352 1859 ex
1415 1819 1484 1858 eo
1550 1801 1799 1872 periculo
1853 1801 2074 1856 salutis.

493 1903 728 1971 Moxque
757 1897 1184 1967 circumspectis
1212 1895 1474 1951 omnibus
1498 1895 1552 1950 in
1591 1894 1789 1949 fiducia
1821 1893 2032 1947 firmata
2059 1909 2072 1946 :

493 1997 644 2051 lleus
668 2009 788 2058 vos,
819 1991 1000 2061 inquit
1033 1989 1100 2044 ad
1134 1988 1393 2052 comites,
1414 1987 1560 2059 agite
1596 1985 1944 2043 conuitimini
1975 2001 2078 2055 pm

492 2105 552 2146 se
575 2103 807 2160 quaeque
830 2099 1084 2141 mecum:
1114 2083 1300 2138 multa:
1325 2097 1540 2145 sumus,
1572 2092 1629 2136 et
1656 2089 1773 2136 rete
1802 2079 2076 2134 modicum

491 2191 596 2245 est,
623 2182 908 2236 evolemus
936 2175 1101 2231 simul
1131 2175 1186 2229 in
1229 2187 1382 2238 aera,
1434 2181 1550 2228 rete
1583 2186 1804 2228 sursum
1837 2171 2080 2225 evehen-

494 2285 597 2328 tes.
640 2272 869 2327 Factum
899 2269 1132 2324 dictum.
1165 2266 1387 2323 Abt-unt
1449 2263 1717 2320 sublimes
1761 2261 2082 2317 auferentes

493 2364 811 2429 reticulum,
843 2378 954 2433 quo
980 2363 1146 2416 etiam
1178 2350 1472 2429 implicata:
1493 2357 1847 2411 tenebantur.
1886 2353 2082 2422 Suspi-

495 2460 678 2513 ciebat
703 2455 988 2519 admirans
1022 2461 1272 2516 venator,
1330 2466 1433 2504 nec
1489 2449 1840 2518 despondeas
1900 2457 2082 2501 tamen

481 2551 759 2612 animum;
796 2547 1126 2618 providebat
1151 2547 1300 2599 enim
1333 2549 1484 2598 tanto
1522 2541 1714 2596 labore
1758 2549 1926 2609 atque
1974 2539 2081 2593 im-

483 2641 815 2711 pedimento
852 2637 1219 2706 implexarum
1250 2634 1488 2688 cassium
1529 2631 1677 2687 baud
1723 2631 1914 2702 procul
1955 2645 2084 2685 avo-

481 2734 721 2787 .laturas.
754 2727 1109 2798 Sequebatur
1156 2738 1292 2794 ergo
1322 2736 1554 2777 currens
1582 2719 1636 2774 in
1689 2731 2082 2788 quamcunque

483 2825 617 2879 .iltas
653 2833 866 2892 partem
907 2818 1006 2872 niti
1039 2816 1255 2870 alarum
1290 2811 1524 2882 remigio
1548 2810 1834 2866 cernebat.

565 2916 634 2971 ll.
663 2913 841 2970 Variis
861 2927 923 2966 ea
941 2923 1142 2965 corvus
1166 2907 1388 2962 intuens
1408 2904 1743 2960 miscebatur
1771 2900 2084 2968 affectibus,

491 3025 557 3064 ac
607 3006 863 3063 sensibus
892 3001 1226 3067 formidinis,
1254 2996 1623 3052 miserationis
1646 3004 1704 3051 et
1728 2993 2085 3050 curiositatis.

494 3101 639 3155 Vicit
672 3102 786 3154 haec
803 3096 994 3150 ultima
1024 3103 1085 3148 ut
1115 3089 1447 3154 attenderet,
1471 3097 1526 3144 et
1565 3104 1675 3143 non
1703 3087 1879 3143 solum
1901 3085 2084 3151 oculo,

493 3193 590 3248 sed
622 3200 678 3247 et
732 3198 893 3246 cauto
915 3187 1098 3241 volatu
1129 3192 1453 3252 sequeretur
1473 3180 1757 3237 columbas
1780 3178 2072 3249 fugientes,

495 3284 641 3340 baud
678 3283 798 3337 sine
859 3294 1023 3334 causa
1079 3292 1278 3331 verens
1329 3284 1389 3329 ut
1423 3275 1584 3343 longa
1617 3273 1727 3326 illis
1758 3282 1815 3326 et
1847 3271 1975 3326 felix
2004 3269 2073 3324 ad

492 3387 802 3434 extremum
856 3371 984 3442 fuga
1037 3370 1406 3437 contingeret.
1457 3364 1684 3420 Audivit
1741 3372 1925 3418 autem
1966 3363 2078 3432 pri-

494 3467 725 3525 mariam
757 3462 1143 3518 columbarum
1173 3460 1254 3514 sic
1279 3459 1670 3512 admonentem
1715 3456 1929 3510 socias:
1981 3455 2073 3510 Vi-

496 3562 641 3616 detis
670 3559 821 3613 liunc
867 3569 1138 3624 aucupem
1193 3567 1361 3607 cursu
1400 3561 1770 3605 assectantem
1829 3550 2073 3604 volatum

497 3662 788 3714 nostrum;
825 3648 880 3702 id
911 3647 1002 3701 ille
1027 3644 1192 3700 faciet
1243 3642 1488 3714 quandiu
1524 3656 1690 3712 supra
1744 3639 2076 3709 campestria

494 3755 553 3800 et
574 3744 732 3814 plana
761 3739 883 3794 loca
931 3735 1246 3792 volabimus
1306 3732 1622 3787 Flectamus
1653 3731 1822 3801 igitur
1874 3743 2076 3783 censeo

494 3850 690 3893 versus
721 3839 964 3888 montem
996 3829 1165 3883 istum
1196 3825 1443 3895 seopulis
1476 3823 1771 3894 pra-ruptis
1824 3821 2030 3875 invium
2059 3836 2072 3872 :

497 3924 664 3983 simul
715 3939 785 3980 eo
842 3937 945 3977 nos
995 3918 1224 3975 tendere
1285 3918 1508 3984 viderit,
1555 3915 1873 3986 desperabit
1921 3914 2073 3982 sequi

495 4033 658 4090 posse
690 4032 755 4072 ac
780 4027 1010 4070 securas
1035 4013 1335 4080 relinquet.
1361 4010 1459 4064 Est
1490 4009 1637 4063 aliud
1671 4017 1931 4078 praeterea
1967 4022 2076 4076 quo

496 4115 633 4169 illuc
677 4110 904 4165 trahor:
939 4106 1153 4161 habitat
1181 4105 1257 4158 ibi
1291 4103 1512 4173 quidam
1559 4103 1770 4155 amicus
1801 4114 1956 4153 meus
1983 4097 2074 4168 qui

495 4223 598 4262 nos
619 4203 878 4273 expediet
941 4199 1028 4254 his
1069 4197 1312 4268 laqueis."
1357 4199 1730 4250 Assenserunt
1785 4189 2073 4246 columbae.

494 4301 723 4357 Voiatus
751 4294 1124 4350 communiter
1150 4290 1400 4346 omnium
1457 4303 1624 4357 super
1661 4286 1864 4340 montis
1925 4284 2079 4338 fasti-

495 4392 643 4463 gium
679 4387 1022 4450 intenditur;
1049 4395 1300 4448 venator,
1325 4397 1422 4452 spe
1446 4395 1628 4451 opera:
1658 4378 1818 4450 pretii
1843 4377 2077 4447 perdita,

2187 526 2343 579 pore,
2369 526 2494 566 cum
2543 522 2600 567 et
2650 513 2731 567 sol
2783 514 2929 569 lunae
2967 514 3302 584 interpositu
3350 515 3595 580 deficiat,
3638 518 3771 572 luna

2186 601 2400 657 umbrae
2426 611 2587 658 terra
2620 603 2878 680 immersa
2911 606 3262 672 obscuretur,
3317 607 3486 678 piscis
3541 627 3609 665 ex
3647 628 3772 682 pro-

2182 694 2357 748 fundo
2410 696 2587 768 pelagi
2644 697 2809 753 hamo
2852 698 3140 762 avellatur,
3191 714 3324 756 aves
3378 701 3600 772 sagittis
3652 703 3775 760 ictze

2181 787 2600 858 dejicianturex
2631 804 2782 856 aere,
2829 801 2995 860 atque
3049 791 3349 853 interram
3391 794 3638 864 delapsa
3690 812 3770 850 ea.

2180 879 2426 950 piantur,
2462 883 2684 952 quando
2717 883 2798 938 sic
2852 884 2940 938 lex
2973 885 3156 940 fatalis
3180 887 3398 942 statuit.
3445 887 3600 942 Adeo
3642 891 3773 958 quid

2179 976 2416 1045 quisque
2455 977 2614 1042 vitet,
2647 977 2784 1032 nulli
2805 979 2939 1033 satis
2965 988 3188 1032 cautum
3219 987 3326 1042 est,
3352 994 3476 1034 cum
3511 981 3626 1034 sint
3649 997 3747 1034 suc

2179 1069 2773 1131 cessusconatuumita
2790 1069 3008 1135 incerti,
3035 1078 3090 1124 ut
3114 1071 3304 1126 eadem
3328 1087 3470 1140 saepe
3491 1072 3577 1126 vel
3610 1071 3776 1128 simili

2178 1175 2346 1229 opera
2386 1177 2493 1230 qua
2515 1162 2718 1216 stultus
2734 1165 3168 1232 optatopotitur,
3187 1168 3431 1235 sapiens,
3470 1177 3776 1235 quantum-

2180 1250 2263 1304 vis
2295 1251 2564 1305 sollicitns
2606 1260 2663 1305 et
2735 1262 2958 1306 strenue
2995 1262 3475 1322 satagens.,seopo
3529 1254 3775 1308 excidat.

2251 1341 2338 1396 Ill.
2375 1342 2500 1397 llsce
2533 1344 2813 1412 loquentis
2840 1345 3114 1400 columba:
3145 1361 3268 1400 mus
3303 1344 3776 1411 ofﬁciosissimus,

2178 1450 2281 1505 per
2313 1450 2371 1489 se
2405 1435 2724 1504 intelligens
2747 1437 2883 1505 quid
2907 1453 3048 1506 opus
3073 1437 3218 1492 facto
3248 1447 3396 1492 esset
3423 1441 3596 1506 cmpit
3622 1454 3778 1493 arro-

2177 1529 2310 1583 dere
2342 1529 2603 1584 dentibus
2638 1530 2860 1585 vincula
2916 1539 2978 1585 ut
3005 1545 3128 1585 eam
3184 1531 3385 1586 horum
3421 1548 3564 1587 nexu
3593 1535 3777 1586 exsol-

2184 1631 2359 1676 veret.
2392 1621 2599 1686 Atilla,
2663 1621 2836 1690 magis
2867 1623 3104 1678 sollicita
3161 1639 3262 1695 pro
3318 1626 3509 1690 sociis,
3562 1625 3772 1694 Incipe,

2177 1714 2376 1778 amice,
2421 1713 2625 1783 inquit,
2654 1716 3027 1785 gratissimum
3058 1716 3298 1772 oflicium
3323 1733 3353 1771 a
3381 1719 3625 1774 vinculis
3655 1734 3777 1787 quae

2179 1807 2396 1861 sodales
2425 1807 2820 1878 constringunt
2851 1823 3002 1864 meas
3033 1810 3168 1864 milii
3198 1827 3283 1865 me
3307 1811 3424 1881 ipsa
3459 1811 3772 1867 chariores.

2178 1899 2407 1954 Audivit
2447 1915 2592 1963 mus,
2654 1915 2759 1956 nec
2811 1900 3028 1956 destitit
3071 1917 3260 1972 agere,
3295 1903 3445 1974 quod
3499 1916 3772 1974 coeperat,

2179 1993 2332 2049 omni
2360 1995 2576 2049 ratione
2606 1994 2841 2064 cupiens
2863 2003 2992 2051 ante
3019 2010 3212 2050 omnes
3239 1997 3472 2052 amicam
3508 1999 3772 2053 liberare.

2182 2087 2386 2158 Sicque
2450 2087 2659 2142 surdus
2711 2087 2778 2142 ad
2837 2088 3138 2143 monitum‘
3176 2089 3538 2145 incumbebat
3586 2090 3771 2160 operi.

2180 2179 2360 2248 quoad
2385 2178 2643 2233 columba
2677 2179 2855 2249 major
2884 2180 3161 2235 intentius
3217 2183 3555 2247 vociferans,
3601 2175 3770 2252 Atqui

2182 2272 2229 2326 si
2257 2259 2391 2326 mihi
2421 2272 2638 2340 placere
2677 2271 2892 2335 studes,
2954 2271 3158 2341 inquit,
3207 2275 3338 2328 audi
3380 2274 3439 2329 et
3490 2275 3581 2330 fac
3620 2276 3769 2344 quod

2184 2377 2398 2433 precor.
2429 2363 2566 2419 Vilis
2596 2363 2734 2418 mihi
2765 2379 2885 2419 mea
2909 2374 2995 2419 est
3022 2367 3192 2431 salus,
3249 2378 3412 2436 prout
3473 2368 3631 2422 hisce
3679 2383 3770 2421 co-

2183 2455 2365 2526 gnatis
2412 2455 2733 2526 junioribus
2773 2456 3087 2511 consultum
3153 2467 3365 2512 mature
3393 2460 3582 2522 velim,
3641 2475 3774 2513 con-

2187 2553 2353 2600 testor
2381 2555 2438 2600 et
2475 2545 2742 2599 denuntio
2783 2546 2920 2600 nihil
2956 2561 3119 2617 agere
3149 2559 3202 2602 te
3260 2552 3408 2617 quod
3439 2551 3633 2618 gratiae
3666 2551 3770 2604 im-

2186 2647 2398 2708 putem,
2440 2637 2485 2692 si
2515 2652 2604 2691 me
2645 2638 2874 2707 primam
2904 2637 3270 2707 liberaveris;
3323 2641 3609 2711 antiquior
3635 2643 3769 2696 mihi

2185 2731 2349 2800 longe
2382 2745 2515 2784 cura
2545 2729 2776 2783 istarum
2827 2740 2915 2784 est
2953 2745 3090 2784 mea:
3130 2731 3256 2787 fidei
3321 2734 3767 2788 commissarum.

2188 2819 2246 2875 Si
2283 2831 2512 2875 venator
2541 2817 2920 2889 superveniat,
2948 2821 3134 2875 malim
3176 2837 3263 2878 me
3291 2823 3472 2878 adhuc
3496 2824 3770 2879 irretitatn

2189 2929 2352 2985 quam
2394 2914 2514 2968 illas
2537 2913 2793 2982 opprimi.
2820 2915 2956 2969 Dum
2987 2915 3166 2970 salvas
3192 2929 3288 2970 eas
3342 2916 3663 2986 liberasquc
3695 2918 3773 2972 vi-

2188 3003 2371 3068 deam,
2405 3017 2593 3058 casum
2633 3003 2888 3072 quemvis
2912 3003 3061 3059 ferre
3096 3018 3318 3075 possum
3340 3022 3503 3076 inquo
3557 3008 3766 3062 animo.

2111 3121 2156 3183 ο
2189 3097 2395 3166 Quare,
2425 3097 2472 3152 si
2503 3111 2590 3150 me
2637 3109 2808 3158 amas,
2878 3095 3168 3151 sororibus
3211 3107 3338 3153 ante
3395 3098 3584 3153 omnia
3634 3100 3772 3153 meis

2187 3189 2540 3247 cxsolvendis
2573 3203 2729 3243 vaca.
2765 3187 2871 3242 Ubi
2903 3203 3097 3243 omnes
3144 3189 3265 3244 illas
3293 3191 3638 3261 expedieris,
3686 3206 3768 3245 me

2185 3298 2406 3355 quoque
2451 3282 2617 3336 simili
2653 3280 2952 3352 dignabere
3009 3281 3285 3336 beneﬁcio
3312 3300 3327 3335 :
3355 3299 3468 3337 non
3528 3285 3682 3338 enim
3718 3296 3767 3338 te

2184 3371 2542 3442 quantumvis
2607 3371 2810 3426 lassum
2847 3386 3064 3426 cessare
3116 3379 3246 3427 tunc
3278 3388 3307 3426 a
3341 3388 3428 3428 me
3482 3373 3767 3429 liberanda

2185 3467 2331 3522 sinet
2379 3464 2822 3535 compertissima
2887 3464 3021 3518 mihi
3085 3475 3176 3519 tua
3239 3467 3293 3520 in
3339 3482 3425 3521 me
3477 3467 3763 3522 charitas:

2184 3557 2335 3630 quali
2361 3572 2486 3613 cum
2522 3557 2623 3610 has
2648 3570 2754 3610 non
2787 3556 3146 3626 amplectere,
3174 3559 3418 3612 nondum
3453 3568 3619 3612 notas
3645 3559 3766 3624 tibi,

2183 3667 2410 3706 vererer
2442 3665 2531 3714 ne,
2556 3651 2789 3704 liberata
2834 3665 2940 3709 me.
2969 3649 3025 3703 in
3087 3650 3283 3704 barum
3355 3651 3542 3722 aliqua
3591 3655 3769 3706 extri-

2185 3743 2360 3798 canda
2392 3744 2578 3814 segnis
2608 3757 2782 3808 esses,
2812 3751 2869 3796 et
2900 3743 2992 3796 illa
3025 3744 3224 3797 misera
3263 3744 3444 3813 praeda
3475 3745 3630 3798 fieret
3664 3746 3771 3799 bue

2187 3836 2329 3890 forte
2358 3836 2442 3888 vel
2466 3849 2592 3889 sero
2614 3835 2931 3905 adrepcntis
2961 3838 3214 3907 aucupis.
3241 3836 3398 3904 Quod
3435 3837 3478 3892 si
3510 3839 3769 3892 accidere

2186 3944 2434 3986 nostrum
2486 3932 2727 4001 cuipiam
2785 3931 2898 3986 fato
2957 3933 3242 3988 decretum
3318 3942 3443 3998 est,
3493 3949 3770 4003 occupare

2186 4023 2333 4078 istud
2357 4023 2722 4078 infortunium
2751 4025 2804 4078 in
2835 4041 3015 4078 meum
3050 4039 3214 4094 caput
3235 4026 3394 4096 longe
3422 4026 3569 4080 malo
3602 4041 3769 4095 quam

2190 4115 2357 4169 ullam
2397 4113 2848 4169 dulcissiniarum
2877 4116 3013 4170 milii
3039 4116 3300 4171 comitum
3329 4116 3585 4185 prodere.
3617 4117 3772 4171 Talia

2187 4223 2311 4262 nius
2333 4207 2605 4262 audiens:
2658 4207 2832 4274 Quam
2886 4217 3099 4273 sancte,
3159 4209 3258 4276 ait,
3313 4209 3571 4264 amicitiae
3622 4211 3772 4280 leges

2191 4299 2360 4363 colas,
2395 4306 2485 4352 tua
2513 4299 2628 4354 haec
2663 4300 3024 4354 demonstrat.
3053 4300 3254 4357 oratio.
3292 4301 3467 4356 Porro
3523 4301 3630 4357 ista
3674 4306 3770 4358 bo-

2189 4391 2332 4444 nitas
2360 4398 2417 4445 et
2443 4405 2684 4444 amorem
2749 4393 2803 4445 in
2857 4401 2908 4446 te
2965 4401 3204 4446 veterem
3269 4392 3467 4448 fortius
3531 4397 3772 4450 intendit

495 4481 727 4537 recedit.
783 4478 1019 4540 Corvus,
1074 4488 1214 4529 nova
1250 4472 1574 4528 curiositate
1631 4469 1930 4525 instinctus
1986 4468 2066 4521 vi-
2105 4482 2151 4540 υ
2179 4496 2380 4545 meum,
2414 4483 2755 4536 “sodalium
2793 4483 2889 4538 tibi
2917 4494 3131 4536 ιυπηη,
3161 4485 3448 4555 majorem,
3477 4496 3540 4540 υι
3564 4505 3764 4556 spem,

497 4571 664 4628 dendi
697 4569 862 4624 amici
919 4581 1084 4637 quem
1133 4564 1388 4619 columba
1431 4569 1855 4624 memoraverat,
1889 4569 1946 4612 et
1977 4573 2085 4627 quo

497 4667 546 4722 is
572 4673 731 4736 pacto
762 4661 1101 4717 liberaturus
1133 4673 1254 4712 eam
1288 4666 1457 4724 esset,
1491 4657 1594 4710 alis
1643 4663 1700 4708 et
1751 4654 1870 4722 ipse
1920 4666 2085 4720 supra

497 4769 740 4815 montem
791 4753 1011 4810 nititur.
1075 4750 1281 4808 Cavum
1329 4751 1404 4807 ibi
1467 4757 1584 4805 erat
1642 4749 1820 4802 muris
1867 4745 2081 4800 vetuli:

497 4866 668 4923 prope
699 4846 1106 4904 descendentes
1146 4844 1548 4914 acquieverunt
1608 4839 1878 4895 columba:
1917 4837 2080 4892 simul

497 4959 710 5000 omnes.
738 4939 1004 4996 Prodiens
1059 4953 1194 4993 cavo
1245 4953 1367 4992 mus
1416 4934 1727 4990 columbam
1777 4931 2080 5002 principem

498 5035 607 5092 sibi
636 5032 767 5088 olim
798 5030 1126 5086 familiarem
1159 5044 1357 5100 magno
1383 5027 1670 5098 excipiens
1695 5026 1921 5090 alieCtu,
1945 5023 2082 5091 Quis

498 5136 574 5188 te,
603 5125 804 5195 inquit,
851 5122 1198 5188 charissima,
1249 5121 1336 5176 his
1390 5120 1665 5190 implicuit
1701 5118 1982 5174 vinculis?
2011 5119 2081 5171 At

501 5219 614 5282 illa,
655 5215 866 5278 Nescis,
901 5215 998 5279 ait,
1053 5213 1196 5266 bona
1242 5220 1298 5265 et
1347 5212 1488 5265 mala
1549 5209 1700 5263 fatali
1756 5207 2083 5262 mortalibus

500 5310 828 5365 necessitate
854 5304 1191 5377 provenire?
1219 5303 1414 5359 Fatum
1451 5319 1538 5358 me
1563 5302 1782 5372 impulit
1812 5302 1879 5354 ad
1913 5315 2082 5370 grana

501 5402 761 5456 insidiose
794 5415 980 5470 sparsa
1007 5395 1357 5466 appetenda;
1418 5396 1566 5466 quod
1603 5395 1735 5447 dum
1791 5407 1893 5462 ago
1953 5405 2079 5446 cum

501 5494 652 5550 hisce
687 5494 825 5548 meis
880 5491 1165 5545 sororibus
1215 5488 1507 5558 implicatae
1557 5487 1662 5541 hoc
1719 5486 1824 5540 reti
1865 5501 2078 5553 sumus,

501 5585 632 5656 quia
672 5583 727 5638 id
765 5584 1027 5638 aviditate
1078 5581 1370 5636 obcaecata:
1428 5593 1538 5632 non
1586 5578 1740 5648 prius
1795 5577 2078 5643 vidimus,

502 5692 668 5746 quam
702 5678 794 5731 illo
821 5674 1147 5731 constrictas
1177 5688 1279 5727 nos
1305 5675 1602 5739 sensimus,
1629 5687 1730 5726 nec
1763 5673 1940 5726 mirus
1983 5681 2079 5725 aut

458 5771 464 5778 '
504 5769 638 5824 mihi
668 5785 842 5825 novus
884 5769 976 5825 hic
1034 5783 1193 5824 casus
1226 5773 1348 5821 est:
1410 5781 1441 5820 e
1493 5764 1838 5836 gravioribus
1905 5765 2074 5820 evasi.

2193 4571 2516 4626 conciliabit
2549 4576 2906 4642 cliaritatem.
2931 4576 3004 4629 Ea
3037 4578 3267 4646 loquens
3288 4577 3480 4633 sedulo
3509 4580 3766 4635 incubuit

2191 4663 2244 4717 in
2285 4663 2525 4718 roden’la
2553 4664 2640 4718 fila
2661 4666 2863 4735 quibus
2889 4669 3156 4724 columbae
3186 4670 3429 4742 minores
3452 4671 3765 4740 ligabantur

2189 4757 2370 4828 quoad
2410 4757 2477 4809 iis
2510 4757 2670 4827 plane
2701 4761 2878 4828 ruptis
2911 4761 3018 4815 illae
3039 4777 3231 4817 omnes
3265 4765 3318 4817 in
3348 4779 3609 4819 securum
3637 4782 3768 4821 avo-

2188 4846 2392 4901 larunt.
2435 4846 2542 4902 llas
2583 4849 2776 4904 ultima
2822 4851 3093 4915 omnium,
3137 4854 3318 4908 soluta
3361 4863 3415 4909 et
3451 4856 3593 4924 ipsa,
3647 4867 3769 4926 post

2189 4938 2392 4992 multas
2428 4951 2575 4994 aetas
2620 4941 2892 4996 servatori
2934 4943 3160 5013 gratias,
3193 4946 3366 5016 major
3392 4947 3652 5003 columba
3684 4962 3769 5004 est

2183 5040 2396 5083 εεοωξι.

2257 5123 2343 5178 IV.
2374 5122 2468 5178 His
2488 5137 2688 5179 corvus
2712 5123 3116 5181 animadversis
3146 5128 3414 5183 continuo
3436 5145 3495 5184 se
3534 5133 3769 5188 contulit

2185 5215 2250 5268 ad
2276 5229 2337 5268 os
2372 5231 2626 5270 cavernae
2681 5218 2872 5282 muris,
2933 5216 2995 5273 in
3051 5233 3195 5283 eam,
3245 5222 3430 5276 statim
3460 5235 3628 5294 atque
3682 5241 3771 5280 co-

2185 5305 2385 5360 lumba:
2413 5307 2722 5371 avolarunt,
2756 5307 2942 5362 denuo
2983 5309 3212 5374 conditi,
3266 5312 3536 5383 illumque
3587 5318 3770 5370 nomi-

2184 5397 2356 5450 natim
2396 5398 2666 5452 evocavit.
2723 5398 3027 5468 Respondit
3083 5417 3208 5457 mus
3231 5417 3299 5458 ex
3359 5413 3476 5459 tuto
3542 5407 3769 5462 minime

2185 5489 2446 5561 prodictas
2471 5510 2484 5546 :
2512 5490 2646 5557 Quis
2669 5494 2817 5547 enim
2852 5507 2910 5548 tu
2943 5510 3004 5548 es
3034 5500 3127 5565 qui
3158 5513 3244 5553 me
3273 5501 3478 5554 vocas?
3504 5501 3769 5572 Reposuit

2185 5584 2261 5638 is:
2317 5583 2431 5652 Ego
2465 5600 2585 5637 sum
2641 5591 2862 5650 corvus,
2917 5589 3010 5657 qui
3073 5590 3360 5646 observata
3412 5593 3520 5648 fide
3576 5607 3666 5649 tua
3716 5608 3772 5650 ct

2183 5677 2451 5732 cliaritate
2522 5677 2575 5730 in
2631 5681 2857 5740 amicos,
2923 5682 3182 5754 majorem
3225 5684 3281 5737 in
3335 5686 3560 5740 modum
3606 5689 3770 5758 cupio

2186 5768 2326 5824 inire
2357 5777 2535 5823 tecum
2597 5771 2918 5837 amicitiam,
2955 5788 3003 5826 el
3057 5791 3120 5829 ea
3171 5777 3343 5846 gratia
3385 5777 3491 5830 liuc
3541 5781 3765 5834 accessi.
