4016 6532
279 436 414 501 ῙΞΟῚ

1161 448 1545 508 SPECIMEN
1583 418 2016 508 sacremus
2051 418 2421 509 IX'DORUM
2450 446 2624 511 VET.

3377 436 3393 497 1
3410 438 3511 498 2‘33

276 556 483 625 Apage,
530 570 650 611 mus
699 555 897 626 inquit,
958 555 1097 613 intra
1151 574 1345 616 cavum
1403 571 1673 633 perstans.
1720 576 1842 631 qua!
1873 565 1915 621 Α
1946 561 2068 616 dem
2103 572 2159 616 ut
2184 562 2335 616 firma
2355 573 2407 617 et
2436 550 2692 631 utrinque
2715 560 2935 614 innoxia
2964 574 3026 614 ac
3055 567 3169 612 tuta
3205 558 3519 611 coalescere

276 647 412 700 mihi
446 656 626 700 tecum
652 648 995 704 intercedere
1020 652 1367 707 necessitudo
1394 654 1617 708 foederis
1642 654 1847 723 potest?

276 733 475 788 Desine
502 750 627 804 quze
654 734 770 789 fieri
804 748 1086 807 nequeunt
1112 741 1251 795 velle
1275 744 1459 797 conari
1496 762 1510 798 :
1561 759 1671 797 non
1698 743 1845 797 enim

276 824 581 893 sapientius
613 825 666 880 id
692 828 1017 889 tentaveris.
1046 845 1209 900 quam
1240 844 1429 888 arator
1457 837 1551 904 qui
1612 844 1847 889 conten-

278 914 376 970 dat
415 916 554 971 stiva
592 932 691 986 per
712 918 915 973 fluctus
940 920 1152 985 adacta,
1189 922 1354 979 dorso
1413 940 1680 995 aquarum
1733 927 1855 981 acie-

280 1006 524 1061 vomeris
547 1008 763 1062 sulcum
798 1009 1089 1076 infindere,
1121 1022 1217 1068 aut
1240 1024 1404 1069 nauta
1464 1018 1555 1086 qui
1585 1018 1732 1072 serio
1760 1033 1851 1074 sa-

280 1108 430 1167 tagat
462 1114 654 1155 navem
707 1104 1021 1172 propellere
1084 1121 1185 1175 per
1232 1123 1451 1176 mmora
1506 1124 1853 1179 camporum.

280 1189 580 1245 Enimvero
604 1208 725 1261 qua
754 1209 881 1263 spes
912 1198 1138 1251 omnino
1160 1199 1252 1263 sit,
1288 1200 1456 1255 ﬁdere
1481 1217 1568 1256 me
1612 1218 1854 1272 unquam

280 1290 342 1334 ut
366 1284 546 1337 amico
574 1284 673 1338 tibi
700 1301 882 1355 posse,
912 1304 1076 1357 quem
1109 1290 1226 1345 scio
1253 1306 1483 1362 corpora
1525 1296 1700 1349 nostri
1763 1312 1857 1366 ge-

282 1373 453 1434 neris,
490 1375 804 1446 ubicunque
831 1394 890 1433 se
919 1381 1213 1437 commode
1234 1383 1497 1449 offerunt,
1544 1386 1724 1440 solere
1761 1402 1858 1441 co-

282 1456 647 1521 medére?Ad
683 1468 789 1525 hoc
815 1487 1051 1527 corvus:
1108 1473 1186 1529 Te
1239 1474 1418 1540 decet,
1467 1477 1563 1541 ait,
1618 1492 1682 1532 ea
1748 1495 1859 1549 qua

282 1556 437 1611 vales
468 1559 805 1628 perspicacia
861 1562 1176 1619 discernere
1229 1566 1471 1622 rationes
1511 1568 1740 1623 timendi
1794 1585 1859 1625 ac

284 1652 542 1719 sperandi
574 1668 604 1706 a
637 1669 743 1707 me.
778 1654 948 1709 Porro
975 1672 1137 1726 quam
1194 1658 1277 1713 ha:
1315 1658 1369 1714 in
1403 1660 1505 1715 hac
1553 1675 1714 1716 causa
1757 1678 1859 1731 po-

284 1742 458 1797 tiores
487 1746 616 1809 sint,
655 1745 927 1817 intelliges
977 1765 1102 1805 cum
1160 1754 1525 1822 reputaveris,
1596 1756 1863 1811 securita-

286 1846 396 1890 tem
435 1847 582 1892 tuam
617 1854 743 1895 cum
775 1857 894 1895 mea
943 1846 1220 1912 praestanti
1264 1846 1506 1902 utilitate
1563 1862 1685 1903 esse
1725 1863 1861 1903 con-

280 1927 555 1993 junctam.
594 1930 751 1986 Licet
770 1932 951 1989 adhuc
987 1936 1083 1989 tibi
1114 1952 1221 1989 non
1254 1947 1481 2008 experto
1526 1940 1857 2009 probitatem

288 2035 490 2084 meam,
526 2024 704 2077 vereri
736 2041 804 2079 ne
841 2024 894 2078 in
925 2028 1216 2082 occasione
1244 2040 1294 2084 te
1326 2031 1553 2085 vorandi
1586 2032 1719 2087 mihi
1749 2049 1858 2088 non

287 2118 614 2179 temperem.
644 2115 750 2169 Sed
798 2116 843 2169 si
880 2132 967 2172 me
1007 2133 1117 2172 non
1169 2120 1397 2174 stultum
1455 2131 1641 2191 putas,
1694 2122 1863 2179 debes

286 2202 590 2270 confidere,
625 2222 713 2261 me
737 2217 929 2263 contra
978 2212 1220 2267 rationes
1282 2214 1554 2283 proprias.
1589 2230 1712 2269 cum
1747 2233 1861 2270 nia-

285 2306 397 2360 gno
428 2310 552 2349 meo
597 2297 798 2353 damno
849 2316 956 2356 non
1020 2303 1315 2363 facturum.
1373 2306 1551 2362 Facile
1595 2309 1728 2362 mihi
1781 2319 1864 2363 est

288 2386 421 2441 alibi
449 2390 695 2458 reperire
723 2393 867 2460 quod
902 2397 1127 2450 suavius
1158 2398 1323 2453 etiam
1374 2400 1659 2455 comedam
1699 2417 1861 2471 quam

290 2488 365 2542 te,
398 2480 637 2535 amicum
678 2483 755 2537 ita
815 2485 1052 2550 fidelem,
1122 2490 1195 2544 ita
1254 2492 1611 2565 industrium,
1678 2494 1863 2563 quifsi

289 2573 515 2637 quando
537 2572 592 2626 in
624 2574 852 2645 laqueos
884 2578 1144 2646 incidam,
1192 2592 1247 2638 et
1282 2585 1455 2653 possit
1501 2594 1555 2639 ct
1588 2586 1721 2640 velit
1770 2601 1866 2642 eos

291 2662 567 2728 frangere,
597 2681 867 2737 nusquam
933 2671 1231 2738 inveniam,
1288 2685 1340 2731 te
1390 2677 1628 2745 perdito.
1682 2677 1867 2732 Sentis

294 2753 543 2821 profecto
572 2772 736 2827 quam
758 2775 989 2817 securus
1020 2778 1141 2819 esse
1168 2765 1372 2821 debeas
1401 2768 1629 2837 periculi
1681 2768 1870 2838 cujus-

293 2842 378 2893 vis
435 2843 811 2914 impendentis
836 2867 865 2904 a
899 2868 1008 2917 me,
1054 2855 1143 2909 cui
1172 2854 1315 2909 haud
1349 2857 1463 2912 fere
1494 2858 1677 2913 minus
1704 2872 1865 2928 quam

295 2930 395 2998 ipsi
426 2934 525 2989 tibi
556 2938 811 3006 expediat
849 2943 1058 2998 salvum
1094 2955 1146 3000 te
1175 2960 1239 3000 ac
1266 2946 1481 3002 felicem
1531 2964 1695 3019 quam
1739 2949 1868 3005 ditt-

296 3023 509 3081 tissime
552 3031 760 3086 vivere.
801 3035 958 3092 Mitte
1018 3037 1189 3109 igitur
1234 3041 1577 3109 suspiciones
1623 3044 1776 3104 istas.
1815 3054 1871 3099 et

294 3115 435 3169 mihi
469 3117 612 3175 bona
646 3121 751 3179 fide
778 3124 863 3179 fac
896 3128 1108 3194 copiam
1143 3132 1397 3186 amicitiai
1435 3142 1561 3199 tum,
1596 3136 1752 3205 cujus
1782 3150 1867 3189 me

296 3206 509 3262 dudum
540 3212 816 3281 cupiditas
855 3217 1097 3274 incessit.
1164 3219 1301 3276 Nolo
1348 3223 1497 3278 enim
1550 3192 1865 3283 existimare
1896 3192 1941 3253 α

301 3309 352 3351 te
381 3301 652 3359 hodierno
682 3308 787 3363 isto
830 3314 1211 3376 experimento
1248 3316 1410 3381 officii
1442 3334 1471 3373 a
1501 3328 1553 3373 te
1598 3322 1874 3376 columbis

297 3390 554 3459 exhibiti,
592 3396 822 3464 primam
862 3402 997 3456 mihi
1031 3404 1252 3458 virtutis
1277 3414 1384 3462 tua;
1434 3410 1688 3467 notitiam
1723 3416 1876 3483 obla-

312 3492 422 3537 tam
450 3486 818 3557 :jampridem
845 3495 912 3548 de
962 3503 1049 3549 tua
1105 3496 1443 3555 humanitate
1485 3518 1872 3575 cognoveram,

299 3578 470 3631 odore
505 3581 744 3647 quodam
776 3584 894 3651 ejus
920 3585 1027 3640 late
1062 3602 1122 3641 se
1167 3588 1433 3646 fundente
1487 3594 1683 3664 suique
1729 3597 1875 3651 indi-

300 3664 448 3718 cium
474 3679 786 3739 spargente.
819 3672 1026 3729 Similis
1056 3678 1202 3731 enim
1231 3679 1475 3735 charitas
1506 3685 1731 3740 moscho
1768 3697 1872 3752 est,

299 3762 535 3815 aromati
598 3765 924 3823 suavissime
967 3770 1251 3840 fragranti,
1317 3775 1475 3846 cujus
1566 3780 1690 3833 sinu
1748 3780 1878 3835 licet

300 3850 533 3915 conditi,
561 3867 692 3907 aura
713 3858 961 3925 quaedam
1012 3861 1331 3919 illecebrosa
1361 3866 1675 3936 exspirans,
1734 3886 1875 3926 cuu-

301 3950 422 3995 ctos
444 3953 500 3998 et
536 3938 702 4001 allicit
738 3959 796 4003 et
828 3950 1021 4007 allicit.
1072 3954 1350 4012 Adversus
1384 3959 1499 4015 haec
1541 3976 1683 4027 mus,
1743 3979 1879 4019 non-

302 4033 433 4087 dum
456 4036 620 4103 plane
662 4055 975 4109 persuasus,
1040 4047 1294 4116 excipere
1336 4052 1579 4119 perrexit
1614 4054 1665 4123 in
1730 4054 1879 4110 hunc

305 4126 568 4181 modum:
598 4129 787 4202 Magna
820 4134 900 4189 vis
947 4146 1032 4191 est
1080 4142 1348 4196 naturalis
1376 4142 1513 4207 odii,
1572 4146 1731 4215 cujus
1770 4146 1877 4202 du-

302 4221 506 4289 plicem
575 4224 737 4280 video
797 4231 1071 4298 speciem:
1135 4233 1401 4299 alteram,
1467 4253 1590 4306 qua:
1635 4239 1881 4296 infensos

299 4317 530 4371 aemulos
564 4318 617 4373 in
638 4323 940 4377 certamina
970 4326 1281 4388 committit,
1303 4330 1480 4398 qualis
1528 4332 1878 4402 elephantum

300 4417 359 4461 ct
388 4407 612 4464 leonum
647 4411 931 4469 inimicitia
961 4427 1079 4483 est;
1109 4418 1337 4473 alteram
1367 4437 1488 4491 qua;
1520 4424 1880 4492 praevalentes

1953 655 2095 709 inter
2126 670 2224 709 nos
2249 655 2485 708 Charitas
2513 662 2697 723 queat.
2726 652 2928 707 Contra
2961 666 3021 705 ea
3058 664 3257 705 corvus
3284 668 3295 700 :
3328 649 3519 710 Erras,

1951 746 2150 816 inquit,
2185 762 2282 815 per
2330 745 2553 799 nimiam
2595 744 2965 814 prudentiam,
3005 753 3061 798 et
3113 756 3258 795 vano
3297 740 3527 795 terreris

1952 845 2122 889 metu.
2164 835 2418 905 Spondeo
2454 845 2510 889 et
2546 843 2743 903 pnesto
2778 834 2899 897 tibi,
2928 850 3036 887 non
3071 831 3236 886 modo
3272 831 3435 885 fidam
3462 846 3526 884 ac

1952 927 2243 991 sinceram,
2279 928 2373 983 scd
2407 935 2751 981 constantem
2783 942 2847 982 ac
2900 940 3201 997 perennem
3258 939 3433 979 meam
3466 923 3521 976 in

1953 1028 2006 1073 te
2032 1019 2510 1081 benevolentiam;
2570 1018 2658 1073 cui
2706 1018 2749 1071 si
2784 1016 3117 1087 respondere
3163 1031 3273 1070 non
3328 1029 3524 1084 gravac

1954 1108 2127 1176 beris,
2152 1110 2558 1164 nihilamicitia:
2588 1117 2791 1163 nostrzc
2816 1108 3011 1168 deerit,
3045 1122 3155 1177 quo
3186 1107 3371 1160 minus
3398 1118 3524 1158 cum

1956 1202 2257 1256 verissimis
2298 1203 2471 1271 possit
2518 1202 2747 1269 a‘quari.
2804 1200 2940 1255 Novi
2977 1216 3079 1270 ego
3114 1214 3336 1268 quoque
3366 1197 3528 1251 diffe-

1954 1294 2162 1348 rentias
2192 1293 2628 1348 familiaritatum
2660 1302 2717 1349 et
2761 1293 3023 1362 quasdam
3075 1306 3331 1345 vasorum
3390 1290 3529 1343 licti-

1954 1386 2090 1441 lium
2126 1388 2241 1439 scio
2264 1385 2494 1445 similes.
2524 1400 2645 1456 qua:
2671 1400 2795 1438 cum
2823 1385 2933 1439 cito
2969 1400 3033 1439 ac
3077 1383 3236 1438 facile
3265 1383 3529 1452 frangun-

1960 1488 2067 1541 tur,
2100 1489 2213 1533 tum
2242 1479 2481 1549 reparari
2510 1494 2575 1533 ac
2626 1478 2817 1546 retingi
2877 1492 2981 1547 ope
3008 1492 3074 1532 ac
3113 1491 3262 1530 mora
3322 1481 3530 1543 queunt

1961 1570 2354 1635 nulla;verum
2390 1569 2524 1623 alias
2581 1569 2941 1638 pretiosiores
2988 1566 3252 1637 quasdam
3281 1565 3532 1620 lancibus

1959 1669 2054 1716 aut
2087 1660 2297 1731 poculis
2338 1662 2520 1715 aureis
2552 1659 2822 1714 amicitias
2873 1659 3072 1713 merito
3104 1672 3383 1726 comparo,
3410 1669 3532 1724 qua:

1959 1754 2215 1809 videlicet
2266 1769 2375 1808 non
2426 1763 2671 1823 temere,
2708 1764 2802 1808 aut
2836 1767 3007 1821 prona
3058 1758 3187 1805 rota:
3237 1749 3531 1819 vertigine,

1962 1848 2149 1902 statim
2182 1858 2328 1908 nata,
2358 1846 2453 1902 sed
2495 1855 2652 1901 cauta
2680 1846 2961 1900 fornacum
2997 1842 3374 1913 exploratione
3400 1832 3549 1894 mal-7

1965 1939 2287 2009 leorumque
2343 1938 2539 1994 artifici
2614 1939 2871 1993 tunsione
2925 1939 3132 2007 liquata
3189 1937 3534 2004 formataque

1966 2031 2195 2086 materia
2221 2031 2523 2092 elaborata,
2558 2040 2671 2085 tum
2698 2031 3043 2085 constantius
3068 2029 3268 2083 durant
3295 2044 3309 2092 ;
3338 2035 3454 2081 tum
3486 2024 3533 2080 si

1964 2123 2098 2193 quid
2134 2123 2452 2178 detrimenti
2478 2124 2631 2193 lapsu
2661 2131 2755 2177 aut
2794 2122 3019 2176 incursu
3053 2120 3391 2190 acceperint.
3421 2132 3532 2171 non

1966 2209 2261 2266 difﬁculter
2311 2219 2694 2265 restaurantur
2739 2219 3191 2278 reponunturque
3224 2207 3280 2260 in
3329 2214 3533 2260 statum

1967 2304 2285 2374 pristinum.
2351 2304 2497 2359 Talis
2531 2305 2663 2365 erit,
2722 2318 2792 2357 ne
2840 2301 3083 2362 dubites,
3122 2314 3277 2353 amor
3326 2306 3537 2359 noster,

1967 2410 2076 2449 non
2109 2394 2355 2459 fortuito,
2380 2396 2473 2450 sed
2523 2410 2590 2449 ex
2628 2402 2777 2449 certa
2842 2403 2900 2447 et
2950 2400 3162 2445 matura
3214 2391 3540 2444 meritorum

1967 2498 2133 2558 atque
2190 2488 2484 2542 utilitatum
2538 2495 2852 2541 mutuarum
2920 2483 3282 2539 aestimatione
3336 2492 3489 2536 ortus
3522 2523 3536 2544 ,

1968 2580 2183 2649 qualem
2210 2578 2359 2631 nulla
2384 2592 2623 2646 unquam
2650 2575 3021 2646 longinquitas
3048 2574 3330 2643 temporis,
3356 2573 3541 2627 nullus

1968 2685 2129 2725 casus
2150 2679 2246 2724 aut
2285 2685 2443 2724 error
2471 2668 2904 2724 labefactaverit.

2041 2763 2106 2815 V.
2135 2761 2425 2816 Emollitus
2449 2768 2560 2813 tam
2594 2760 2819 2813 instanti
2845 2759 3093 2814 oratione
3119 2774 3262 2821 mus,
3289 2758 3539 2827 Accipio,

1972 2855 2176 2925 inquit,
2208 2869 2373 2922 quam
2423 2844 2594 2907 offers
2640 2851 2965 2917 amicitiam,
2997 2866 3097 2906 nec
3129 2859 3181 2904 te
3214 2850 3451 2919 primum
3473 2863 3543 2904 ex

1971 2946 2229 3002 omnibus
2252 2946 2347 3016 qui
2375 2960 2462 3000 me
2492 2944 2697 3015 aliquid
2734 2954 3018 3016 rogarunt,
3048 2943 3221 3013 optati
3259 2952 3540 3010 expertem

1971 3040 2267 3095 dimittam.
2307 3039 2425 3094 Non
2453 3048 2635 3095 tamen
2680 3039 2911 3107 ptenitet
2963 3038 3225 3107 allegasse
3270 3051 3390 3105 qua:
3445 3050 3541 3088 au-

1972 3132 2123 3196 disti,
2185 3112 2519 3200 pertinentia
2581 3130 2753 3200 magis
2782 3128 2849 3183 ad
2902 3128 3314 3183 excusationem
3365 3140 3541 3180 meam

1973 3240 2135 3295 quam
2165 3224 2231 3279 ad
2278 3223 2758 3293 praemunitionem
2820 3232 2990 3276 tuam.
3038 3220 3199 3275 Volui
3252 3229 3361 3274 tam
3422 3218 3543 3273 fusa

1973 3316 2347 3371 declaratione
2392 3330 2638 3369 meorum
2666 3329 2927 3370 sensuum
2954 3312 3252 3384 praeripere
3275 3311 3375 3366 tibi
3420 3328 3543 3366 om-

1975 3424 2100 3463 nem
2129 3424 2314 3477 ansam
2365 3406 2666 3462 insultandi
2724 3422 2964 3467 unquam
3005 3404 3340 3475 simplicitati
3389 3419 3544 3465 meae,

1974 3501 2020 3555 si
2068 3500 2312 3570 quando,
2366 3498 2514 3568 quod
2564 3498 2748 3552 absit!
2781 3496 3123 3567 contingeret
3163 3495 3378 3550 resilire
3434 3505 3486 3549 te
3517 3512 3547 3549 a

1976 3593 2167 3662 pactis.
2195 3590 2312 3647 Non
2348 3592 2496 3645 enim
2528 3601 2660 3645 tunc
2687 3589 2947 3660 gratulari
2978 3598 3158 3643 tecum
3206 3603 3418 3657 posses,
3466 3589 3550 3642 fu-

1977 3700 2101 3739 cum
2138 3692 2188 3738 te
2225 3683 2419 3738 fecisse
2453 3683 2561 3737 tuis
2587 3681 2873 3735 fraudibus
2903 3696 3090 3735 crasso
3123 3681 3340 3736 cuidam
3368 3689 3425 3735 et
3446 3681 3551 3733 im-

1976 3774 2230 3845 provido,
2260 3789 2499 3844 eumque
2549 3789 2687 3827 vana
2736 3774 3106 3827 ostentatione
3150 3774 3547 3841 promissorum

1978 3868 2145 3922 stulte
2199 3866 2486 3922 credulum
2538 3866 2821 3921 induxisse
2879 3865 2945 3920 ad
2984 3865 3183 3931 fmdus,
3240 3867 3358 3936 ejus
3416 3866 3547 3920 olim

1978 3959 2219 4029 pernicie
2256 3957 2637 4013 sanciendum.
2667 3958 2987 4028 Testorjam
3014 3973 3158 4013 nunc
3186 3969 3238 4013 te
3268 3960 3446 4027 ipsum
3482 3974 3550 4013 an

1979 4050 2368 4121 pneviderim?
2402 4065 2469 4103 an
2501 4065 2609 4103 non
2661 4048 3121 4119 praemonuerim?
3176 4050 3408 4105 Duritiei
3465 4066 3555 4105 me

1981 4158 2171 4215 posses
2193 4158 2455 4198 accusare
2508 4143 2691 4197 sinon
2740 4143 3255 4207 annuerem,fatu:e
3314 4145 3554 4199 creduli-

1984 4237 2111 4291 tatis
2138 4245 2194 4291 et
2243 4235 2629 4305 imprudentia:
2657 4235 2918 4289 damnare
2946 4250 3014 4289 ne
3050 4244 3106 4289 tu
3148 4234 3372 4303 quidem
3437 4237 3555 4307 ipse

1983 4343 2192 4395 posses,
2223 4327 2443 4397 quando
2478 4326 2666 4395 (quod
2698 4342 2807 4379 non
2832 4325 3072 4379 arbitror
3092 4325 3228 4388 fore,
3284 4342 3385 4381 nec
3411 4327 3556 4382 Deus

1983 4414 2218 4491 siverit)
2246 4421 2399 4476 abuti
2434 4421 2565 4475 olim
2610 4421 2779 4476 velles
2830 4421 3086 4476 amicitiae
3118 4421 3315 4476 fiducia
3365 4422 3433 4477 ad
3470 4439 3557 4477 me

302 4515 430 4553 cum
465 4501 718 4567 infirmis,
742 4506 963 4563 timidos
991 4524 1115 4565 cum
1165 4511 1471 4568 audacibus
1522 4529 1875 4584 comparans,
1910 4534 1955 4589 ι)
1984 4514 2263 4568 incautum
2298 4512 2740 4583 opprimendum.
2777 4510 2873 4567 llis
2894 4512 3081 4576 dictis,
3118 4513 3183 4567 ad
3211 4527 3274 4567 os
3320 4513 3439 4567 cavi
3471 4512 3557 4565 sui

303 4590 570 4660 impetum
594 4610 659 4650 ac
682 4596 788 4650 vim
818 4613 1012 4653 szevam
1056 4602 1374 4658 fortioribus
1396 4604 1647 4675 inspirat,
1704 4606 1880 4661 imbe-

303 4684 450 4738 cillis
468 4686 601 4740 nihil
626 4704 925 4757 suggerens
946 4693 1091 4747 aliud
1116 4694 1218 4748 nisi
1246 4696 1590 4751 formidinem
1608 4714 1670 4753 ac
1702 4697 1881 4769 fugam

304 4777 601 4844 trepidam.
646 4780 792 4835 Talis
838 4786 1011 4838 nostri
1071 4790 1307 4840 murium
1358 4790 1572 4857 generis
1626 4806 1750 4845 cum
1808 4790 1888 4845 fe-

307 4870 457 4924 tibus
482 4871 732 4927 simultas
757 4886 863 4938 cst,
895 4892 924 4928 a
950 4892 1056 4945 qua
1086 4894 1192 4930 non
1216 4879 1444 4932 Inuitum
1470 4879 1657 4935 differt
1704 4890 1884 4937 vestra

306 4979 533 5034 quoque
562 4968 974 5023 earnivorarum
1003 4952 1057 5025 et
1081 4971 1360 5040 rapacium
1384 4972 1669 5027 volucrum
1698 4974 1751 5028 in
1784 4989 1885 5029 nos

310 5054 597 5119 violentia,
628 5072 751 5125 qua:
782 5074 907 5112 cum
935 5069 1185 5115 naturam
1220 5062 1420 5117 habeat
1441 5072 1746 5127 auctorem,
1794 5066 1885 5117 vix

311 5146 423 5199 ulla
455 5163 697 5217 unquam
732 5149 963 5205 rationis
993 5151 1373 5207 moderatione
1403 5154 1706 5223 mitigatur;
1736 5156 1886 5225 ejus.

309 5237 438 5293 dem
499 5241 703 5310 quippe
735 5242 1065 5297 conditionis
1094 5254 1179 5299 est
1200 5260 1323 5298 cum
1352 5246 1594 5301 dissidiis
1650 5247 1887 5301 elemen-

316 5342 505 5386 torum
559 5349 790 5403 prorsus
838 5334 1280 5405 implacabilihus
1316 5346 1373 5391 et
1424 5338 1887 5407 desperatissimae

313 5426 755 5497 pacificationis;
783 5429 1005 5497 quando
1049 5429 1195 5483 enim
1237 5438 1587 5498 exspectetur
1614 5438 1675 5483 ut
1735 5446 1889 5499 aqua:

316 5522 461 5574 bona
494 5520 602 5573 fide
634 5536 760 5574 cum
794 5522 917 5591 igne
948 5522 1281 5576 conveniat?
1308 5520 1501 5575 Calefit
1542 5520 1767 5589 quidem
1797 5538 1891 5593 ge-

312 5614 466 5669 lidus
494 5614 681 5682 liquor
708 5613 937 5668 flammae
974 5613 1025 5667 vi
1057 5613 1314 5674 admone,
1373 5612 1683 5682 ebullitque
1712 5629 1776 5668 ac
1806 5613 1891 5667 fu-

319 5721 453 5772 mat,
476 5710 572 5763 sed
602 5717 964 5777 praeterquam
1015 5705 1119 5760 sibi
1177 5706 1421 5766 relictus,
1477 5704 1723 5759 nativum
1779 5705 1890 5761 cito

317 5807 491 5875 frigus
511 5799 731 5870 recipit,
765 5808 877 5852 tum
905 5799 1068 5853 etiam
1090 5811 1214 5850 cum
1241 5796 1415 5850 fervet
1436 5795 1687 5855 maxime,
1715 5797 1889 5865 ignem

319 5902 375 5956 in
403 5913 568 5969 quem
602 5890 1187 5959 incideritexstinguit.
1219 5888 1486 5955 Quocirca
1520 5903 1713 5943 vereor
1737 5889 1892 5957 cqui-

1990 4620 2113 4659 mus
2143 4608 2395 4669 accessit,
2413 4614 2471 4659 et
2498 4613 2662 4673 caput
2682 4603 2949 4657 duntaxat
2972 4603 3116 4657 foras
3147 4602 3393 4672 protulit.
3419 4603 3557 4655 Tum

1986 4712 2206 4761 corvus,
2238 4695 2496 4765 lnjuriam
2524 4694 2657 4748 mihi
2702 4693 2855 4757 facis,
2913 4694 3008 4757 ait,
3036 4694 3131 4763 qui
3180 4695 3425 4748 nondum
3478 4696 3560 4747 vi-

1985 4787 2150 4841 deare
2181 4796 2385 4841 metum
2416 4788 2522 4841 mei
2570 4787 2867 4857 deponere.
2904 4786 3047 4851 Quin
3082 4797 3137 4839 tu
3192 4793 3339 4839 totus
3366 4785 3431 4837 ad
3471 4802 3557 4843 me

1987 4878 2214 4948 prodis?
2244 4888 2337 4933 aut
2365 4878 2498 4947 quid
2531 4878 2692 4935 times
2731 4885 2853 4946 post
2888 4885 2995 4929 tam
3049 4875 3291 4929 sinceras
3340 4891 3563 4945 expres—

1987 4971 2172 5024 siones
2198 4986 2331 5025 tnea:
2354 4971 2450 5024 tibi
2476 4969 2709 5024 addictze
2743 4967 3080 5021 voluntatis?
3101 4968 3177 5020 Ad
3200 4983 3262 5019 ea
3290 4984 3411 5021 mus
3446 4968 3561 5023 hanc

1989 5062 2270 5130 reposuit:
2303 5062 2572 5116 Amicitia:
2604 5060 2806 5130 duplex
2841 5074 3013 5128 genus
3054 5060 3108 5113 in
3140 5060 3249 5114 vita
3291 5070 3405 5125 est;
3436 5076 3559 5113 nam

1989 5155 2081 5208 alii
2116 5154 2323 5209 affectu
2357 5154 2554 5209 intimo
2587 5152 2756 5207 animi
2801 5168 2860 5207 se
2892 5151 3127 5206 invicem
3158 5152 3392 5221 amplexi
3434 5170 3562 5208 vere

1989 5256 2196 5311 amant,
2235 5263 2343 5301 non
2374 5247 2541 5301 alium
2565 5253 2863 5315 sequentes
2894 5244 3098 5321 amoris
3130 5245 3367 5299 fructum
3398 5262 3561 5315 quam

1991 5337 2165 5407 ipsam
2219 5338 2414 5407 dignos
2444 5336 2662 5391 amandi
2712 5336 3094 5401 honestatem;
3129 5336 3361 5389 aliorum
3416 5353 3565 5405 qua)-

1991 5431 2198 5484 stuosis
2245 5429 2521 5498 implicata
2568 5429 2879 5484 rationibus
2929 5438 2985 5483 et
3037 5429 3263 5483 minime
3324 5430 3563 5499 gratuita

1991 5522 2219 5577 dilectio
2282 5529 2389 5587 est,
2448 5520 2814 5591 spectantium
2859 5537 2967 5575 non
3015 5536 3282 5591 personas
3339 5522 3565 5577 dotesve

1992 5614 2259 5669 amabiles
2310 5613 2662 5678 dilectorum,
2718 5613 2814 5669 sed
2856 5628 2991 5683 opes
3029 5613 3288 5683 vicesque
3351 5624 3569 5671 mutuas

1994 5718 2346 5776 speratarum
2386 5722 2451 5762 cx
2507 5707 2643 5777 ipsis
2681 5707 2981 5761 ofﬁciorum
3023 5705 3091 5761 ad
3121 5707 3248 5760 vita:
3302 5715 3569 5776 opportu—

1996 5801 2197 5853 nitates
2228 5799 2469 5853 utilium.
2502 5798 2609 5853 llos
2644 5814 2744 5869 ego
2796 5814 3112 5867 comparare
3172 5800 3371 5851 vestris
3401 5798 3569 5850 hosti-

1997 5892 2098 5947 bus
2127 5893 2432 5964 aucupibus
2466 5892 2637 5959 soleo,
2676 5890 2806 5948 dum
2845 5907 3011 5966 grana
3051 5899 3337 5965 spargunt,
3385 5902 3571 5950 escam
