4016 6556
519 438 656 494 12W

1909 425 2320 489 APPENDIX.

3626 414 3756 479 1300

506 557 802 615 cape-tuam
840 545 1056 605 avibus.
1081 546 1227 616 larga
1257 560 1424 601 manu
1454 543 1662 599 circum
1693 542 1941 613 laqueos,
1973 557 2080 595 non
2111 550 2158 603 Α
2185 543 2423 599 alliciunt
2463 544 2638 599 muris
2678 544 2731 598 in
2795 526 3106 602 columbas,
3138 549 3196 594 et
3249 544 3593 592 contraetam
3633 549 3756 589 cum

505 638 615 693 ulla
645 638 972 692 liberalitate
999 648 1092 692 aut
1128 637 1508 694 benefaciendi
1561 633 1772 701 studio,
1829 634 1924 690 sed
1965 649 2082 689 sor-

507 729 636 782 dida
670 729 913 784 instincti
944 729 1249 798 cupiditate
1299 727 1579 799 praedandi
1618 741 1788 797 seque
1819 725 1968 796 ipsos
1995 740 2081 779 sa-

506 819 730 890 ginandi
754 821 1016 876 carnibus
1052 821 1404 891 deceptarum
1459 818 1800 875 illecebrosis
1864 817 2081 872 insidiis

502 914 812 968 volucrum.
848 914 1040 968 Procul
1068 913 1183 969 haec
1210 929 1240 968 a
1271 929 1397 968 meo
1423 929 1522 967 usu
1553 922 1608 968 et
1638 912 1802 982 genio
1825 910 2083 964 amicitia:

504 1005 679 1060 forma
709 1016 814 1070 est,
842 1021 1005 1074 quam
1058 1022 1128 1061 ne
1173 1005 1270 1060 tibi
1317 1005 1538 1075 quidem
1571 1003 1796 1074 probari
1840 1001 2078 1058 conlido.

503 1096 774 1167 Equidem
811 1098 946 1152 mihi
975 1113 1095 1153 sum
1132 1095 1409 1160 conscius,
1456 1111 1632 1152 meam
1681 1095 1735 1150 in
1769 1106 1820 1149 te
1855 1110 1966 1150 uno
2001 1093 2083 1148 di-

504 1189 797 1246 lectionem
837 1191 1212 1260 acquiescere,
1264 1203 1367 1245 nec
1393 1189 1779 1258 ulli‘pratterea
1803 1203 1872 1244 ex
1906 1198 1958 1244 te
1995 1203 2086 1242 ca-

506 1281 716 1350 ptanda
771 1281 983 1336 inhiare
1049 1282 1378 1352 compendio
1428 1291 1526 1337 aut
1549 1281 1860 1338 commodo.
1925 1279 2080 1346 Quod

507 1383 692 1428 autem
715 1375 962 1428 nondum
997 1382 1145 1429 totus
1171 1374 1401 1444 prodeo,
1433 1389 1545 1428 non
1586 1375 1732 1429 ullus
1752 1389 1783 1428 a
1810 1383 1864 1429 te
1901 1381 2084 1426 metus

508 1467 566 1521 in
597 1482 759 1520 causa
791 1475 906 1533 est;
938 1467 1074 1522 satis
1105 1466 1322 1522 confido
1347 1466 1534 1522 verbis
1585 1465 1697 1520 tuis
1741 1473 1804 1519 ut
1858 1479 1946 1518 me
1979 1463 2082 1519 tibi

507 1559 739 1614 credere
772 1573 882 1614 non
915 1559 1203 1614 dubitem:
1245 1571 1440 1614 verum
1481 1559 1572 1612 alii
1635 1556 2084 1613 circumvolitant

508 1650 586 1730 tui
618 1651 852 1714 similes.
885 1667 916 1706 a
945 1667 1180 1722 quorum
1201 1651 1257 1705 vi
1288 1650 1435 1705 nulla
1467 1649 1602 1704 mihi
1625 1648 1808 1704 adhuc
1828 1647 2082 1718 pactione

508 1749 730 1796 cautum
759 1751 866 1797 est.
897 1742 1102 1796 liorum
1126 1756 1339 1812 ungues
1369 1748 1425 1795 et
1478 1748 1656 1794 rostra
1686 1755 1797 1794 non
1831 1738 1953 1795 sine
1997 1753 2084 1792 ra-

509 1834 659 1889 tione
689 1833 955 1890 metuenti
983 1834 1270 1904 ignoscere
1293 1843 1347 1889 te
1380 1831 1514 1886 mihi
1547 1847 1766 1901 aequum
1800 1841 1917 1898 est;
1972 1847 2080 1885 nou

504 1923 651 1978 enim
688 1923 854 1978 iidem
903 1925 1150 1980 omnium
1182 1939 1364 1979 mores
1411 1937 1477 1978 ac
1499 1937 1700 1979 sensus
1758 1929 1911 1985 sunt,
1943 1937 2083 1992 quos

505 2027 718 2072 natura
746 2018 946 2074 similis
971 2018 1155 2089 jungit
1180 2016 1522 2073 communio.
1577 2016 1767 2087 Neque
1809 2014 1919 2070 hoc
1971 2015 2083 2070 for-

505 2109 704 2169 utidest
739 2111 815 2165 ait
847 2124 1066 2172 corvus,
1101 2125 1227 2164 nam
1282 2108 1466 2164 foedus
1515 2107 1776 2164 ineuntes
1823 2109 2082 2163 amicitiai

506 2214 688 2272 prose
741 2202 966 2273 suisque
1006 2201 1391 2272 paciscuntur;
1447 2202 1734 2270 primaque
1769 2213 1913 2254 vene
1947 2199 2084 2252 ami-

504 2294 649 2349 citite
675 2294 758 2350 lex
787 2304 872 2350 est
893 2294 1101 2348 amicos
1125 2305 1309 2348 amare
1326 2292 1632 2347 amicorum
1647 2291 2082 2360 eorumdemque

505 2388 694 2445 hostes
717 2389 846 2444 odio
870 2389 1154 2458 prosequi.
1212 2387 1443 2442 Dabitur
1473 2385 1664 2441 enicas
1697 2400 1727 2440 a
1767 2399 1854 2440 me
1889 2399 2078 2453 opera,

505 2497 576 2537 ne
625 2482 866 2546 dubites,
923 2497 1033 2536 non
1080 2479 1245 2536 modo
1292 2489 1352 2534 ut
1392 2495 1463 2534 ne
1495 2478 1629 2548 quid
1694 2477 1795 2532 tibi
1848 2485 2084 2531 noceant

504 2573 703 2628 fratrea
728 2574 1138 2644 necessarlique
1167 2573 1300 2638 mei,
1327 2585 1520 2627 verum
1575 2571 1742 2626 etiam
1778 2579 1856 2624 ut.
1879 2578 1933 2624 te
1969 2584 2078 2623 non

506 2665 690 2721 minus
717 2681 880 2735 quam
903 2681 1004 2736 ego
1034 2680 1101 2719 ex
1151 2665 1337 2720 animo
1379 2663 1611 2734 diligant
1656 2677 1722 2717 ae
1773 2675 1873 2732 pro
1933 2660 2080 2716 virili

497 2757 716 2829 juvent.
769 2758 869 2813 liis
936 2759 1176 2829 denique
1239 2755 1448 2812 auditis
1485 2769 1656 2809 ausus
1696 2754 1884 2825 egredi
1934 2766 2076 2818 mus,

501 2851 748 2906 solemne
779 2852 1037 2906 amicitia
1061 2859 1468 2908 sacramentum
1517 2859 1684 2902 cervo
1724 2846 1884 2910 dixit,
1919 2845 2083 2901 vicis-

502 2944 719 3014 simque
747 2945 963 3014 aceepit
1012 2953 1234 3000 aiterne
1277 2939 1676 2998 benevolentia
1713 2938 1982 2993 ﬁrmatam
2011 2938 2082 2993 ab

500 3049 591 3100 eo,
630 3037 738 3091 Deo
767 3045 928 3103 teste,
951 3036 1140 3091 ﬁdem.

576 3128 664 3183 νι.
704 3126 837 3183 inde
867 3127 926 3183 in
947 3127 1328 3184 familiaritate
1359 3132 1622 3183 lraterna:
1653 3125 2083 3183 necessitudinis

2185 645 2297 691 tam
2331 633 2492 689 ﬁrmo
2522 644 2579 690 et
2619 634 2730 689 fido
2774 634 2955 689 amico
2994 627 3489 686 necessitudinem.
3515 626 3757 694 Appare-

2185 732 2279 788 bat
2304 731 2566 788 delectari
2597 745 2852 786 sermone
2905 726 3266 789 testudinem,
3307 739 3433 794 qua:
3479 721 3651 778 etiam
3697 719 3760 773 iis

2187 825 2366 880 oculis
2425 833 2531 880 tam
2563 823 2924 880 laudabilium
2972 828 3258 876 auctorem
3291 815 3612 872 facinorum
3641 827 3758 867 mn-

2189 932 2305 973 rem
2366 915 2712 979 intuebatur.
2742 915 2840 984 qui
2902 912 3061 968 facile
3114 911 3565 966 demonstrarent
3601 904 3756 960 illum

2185 1011 2257 1065 ab
2282 1010 2399 1081 ipsa
2429 1025 2650 1081 quoque
2667 1010 2778 1080 jam
2802 1021 2952 1062 nunc
2985 1005 3164 1076 diligi.
3190 1005 3333 1059 Tum
3361 1015 3571 1058 corvus
3597 998 3760 1052 tami-

2184 1103 2398 1160 liuriter
2427 1115 2735 1157 conversus
2758 1100 2824 1155 ad
2859 1115 3072 1154 murem
3094 1117 3109 1152 :
3133 1098 3278 1169 Age.
3312 1095 3510 1166 inquit,
3535 1093 3703 1148 fidem
3729 1134 3744 1154 .

2185 1196 2229 1251 si
2254 1194 2495 1260 videtur,
2525 1193 2746 1250 exsolve
2776 1187 3405 1262 promissorum,quibus
3424 1197 3479 1241 te
3504 1194 3761 1240 narratu-

2187 1304 2333 1350 rum,
2370 1287 2462 1342 ubi
2523 1292 2770 1347 vacaret,
2815 1282 3075 1354 recepisti
3105 1280 3354 1352 qundam
3395 1292 3593 1334 eorum
3643 1290 3765 1347 qua

2186 1380 2348 1448 longa
2396 1378 2494 1434 tibi
2525 1386 2686 1434 astate
2715 1377 2960 1447 experiri
2991 1389 3058 1430 ac
3084 1373 3272 1428 videre
3297 1371 3532 1440 contigit
3556 1387 3572 1436 ;
3601 1383 3728 1424 nam
3748 1407 3763 1431 ,

2187 1471 2239 1521 ui
2267 1466 2448 1534 iallor,
2479 1476 2538 1522 et
2568 1467 2831 1521 idoneum
2881 1465 3063 1534 longa
3112 1459 3554 1518 confabulatinni
3585 1459 3764 1514 locum

2187 1562 2278 1617 hic
2299 1561 2590 1627 habemus,
2623 1571 2680 1615 et
2707 1567 2930 1628 tempus
2967 1574 2996 1610 a
3031 1555 3226 1627 majori
3262 1569 3398 1610 cura
3431 1567 3695 1608 vacuum.

2259 1653 2376 1710 VII.
2403 1652 2562 1708 Tene
2589 1666 2710 1706 mus
2744 1649 2810 1705 ad
2844 1648 3040 1704 ambos
3075 1648 3358 1703 inbianter
3399 1655 3649 1702 attentos
3692 1644 3768 1699 sic

2188 1747 2373 1804 dicere
2402 1759 2568 1800 orsus
2588 1751 2674 1798 est
2701 1759 2716 1796 :
2740 1742 2979 1796 Primam
3011 1755 3115 1811 ego
3146 1739 3310 1794 lixam
3352 1739 3652 1794 stationem
3672 1751 3769 1804 po-

2186 1839 2272 1895 sui
2295 1839 2350 1893 in
2389 1836 2528 1892 cella
2563 1833 2852 1906 cujusdam
2899 1831 3132 1887 solitarii
3162 1867 3180 1893 ,
3212 1831 3310 1886 ubi
3354 1831 3504 1885 victu
3541 1828 3771 1883 fruebar

2190 1934 2363 1994 lauto,
2393 1931 2533 1987 clam
2566 1942 2883 1999 praevorans
2909 1940 3036 1996 quae
3070 1926 3165 1980 ille
3199 1925 3308 1980 sibi
3353 1931 3650 1994 paraverat
3677 1962 3693 1981 .
3717 1929 3771 1975 et

2190 2043 2255 2081 ex
2279 2026 2366 2080 his
2390 2036 2514 2095 quat
2537 2020 2893 2078 abundabunt
2910 2018 3148 2074 satietati
3173 2033 3304 2074 mea:
3319 2031 3578 2087 magnum
3606 2015 3771 2069 soda-

2189 2120 2328 2175 lium
2379 2131 2638 2172 meorum
2696 2125 2996 2170 numerum
3049 2125 3324 2185 pascens,
3369 2110 3463 2180 qui
3521 2123 3595 2163 eo
3639 2106 3772 2160 mibi

2192 2212 2462 2268 beneficio
2485 2209 2759 2274 obstricti,
2789 2207 3093 2276 obsequio,
3126 2214 3188 2260 ut
3214 2203 3298 2264 lit,
3327 2212 3382 2258 et
3410 2203 3635 2256 honore
3663 2199 3772 2254 lar-

2190 2306 2422 2376 gitorem
2466 2301 2843 2358 celebrabant.
2905 2297 3136 2354 Interim
3183 2295 3509 2361 solitarius,
3552 2290 3774 2347 damnis

2189 2396 2532 2470 quotidianis
2560 2394 2833 2457 irritatus,
2869 2391 3007 2446 nihil
3067 2405 3182 2445 non
3209 2387 3462 2443 tentabat
3479 2401 3596 2456 quo
3620 2397 3773 2439 meas

2189 2508 2220 2546 a
2248 2499 2308 2546 se
2342 2487 2575 2560 injurias
2621 2484 2944 2556 depelleret.
2997 2481 3106 2537 Sed
3147 2479 3354 2535 frustra
3404 2487 3571 2532 erant
3625 2485 3774 2530 artes

2187 2586 2312 2656 ejus
2349 2594 2561 2645 omnes,
2599 2592 2688 2635 me
2719 2577 2956 2632 solerter
2978 2587 3043 2630 ac
3072 2574 3310 2629 feliciter
3335 2581 3528 2627 contra
3551 2584 3774 2638 semper

2189 2676 2563 2733 machinante.
2614 2672 2806 2741 Itaque
2839 2706 2854 2735 ,
2904 2683 3032 2724 cum
3073 2668 3220 2722 inter
3255 2666 3362 2720 alia
3417 2671 3772 2719 commeatus

2185 2779 2338 2826 esset
2369 2765 2790 2838 suspensiouem
2815 2773 2884 2817 ex
2915 2760 3122 2832 paxillo
3161 2756 3350 2828 parati.
3366 2757 3478 2827 jam
3505 2753 3728 2827 prandii
3753 2794 3769 2816 ,

2185 2862 2376 2934 quoad
2432 2862 2569 2914 hora
2627 2857 2783 2928 juxta
2844 2852 3194 2924 disciplinam
3255 2857 3574 2905 ascctarum
3629 2855 3772 2901 stata

2187 2953 2496 3026 legitimum
2527 2948 2788 3006 vescendi
2829 2957 3048 3016 tempus
3071 2942 3403 3005 reduxisset,
3428 2953 3534 3010 ego
3569 2937 3771 2993 nihilo-

2187 3048 2379 3104 minus
2423 3053 2690 3114 arrepens
2716 3050 2775 3098 et
2814 3045 3042 3096 sursum
3097 3036 3286 3092 nitens
3353 3049 3426 3089 eo
3476 3031 3769 3102 pertinge-

2191 3141 2318 3198 bam
2346 3180 2363 3205 ,
2393 3139 2533 3195 dans
2579 3135 2828 3192 sedulam
2859 3146 3088 3204 operum
3119 3140 3181 3185 ut
3219 3141 3286 3184 es
3319 3129 3462 3183 meis
3503 3125 3771 3180 duntaxat

503 3231 630 3277 cum
681 3221 962 3286 viverent,
1012 3221 1251 3294 quadam
1300 3221 1394 3276 die
1443 3235 1646 3276 corvus
1698 3219 1842 3275 muri
1901 3217 2078 3274 dixit:

2191 3230 2450 3301 reliquiis
2501 3229 2692 3283 vivere
2742 3224 3028 3281 solitarius
3099 3227 3466 3276 assuesceret.
3516 3216 3596 3272 Ea
3655 3216 3773 3269 vice

502 3313 678 3370 Video
729 3327 926 3369 cavum
945 3315 1053 3370 hoc
1079 3324 1237 3369 tuum
1259 3315 1360 3368 viae
1402 3312 1626 3368 militari
1657 3312 1994 3383 proximum,
2026 3319 2084 3365 et

501 3420 702 3462 vereor
729 3419 799 3461 ne
832 3406 1183 3478 frequentem
1209 3420 1392 3461 meum
1421 3405 1532 3460 huc
1555 3403 1846 3475 appulsam
1865 3402 2086 3472 conspi-

503 3499 612 3554 cati
649 3499 914 3564 viatores,
956 3499 1254 3554 advertant
1294 3498 1543 3554 animum
1579 3497 1649 3553 ad
1679 3494 2083 3569 explorandum

501 3605 773 3662 quorsum
831 3593 981 3649 hunc
1029 3593 1084 3647 in
1131 3593 1315 3648 locum
1373 3605 1483 3647 tam
1541 3592 1739 3647 crebro
1791 3591 2083 3656 ventitem,

503 3684 694 3755 sicque
729 3695 858 3741 cum
895 3686 1099 3742 damno
1147 3698 1244 3742 tuo
1289 3686 1347 3741 in
1393 3685 1651 3742 notitiam
1691 3685 2086 3740 vcniantlate-

505 3779 731 3833 brorum
773 3787 1017 3834 tuarum.
1067 3779 1206 3835 Novi
1260 3788 1444 3834 autem
1501 3779 1795 3834 stationem
1839 3778 2002 3851 longe
2053 3790 2084 3834 ι

501 3871 601 3926 tali
640 3873 888 3943 periculo
934 3883 1205 3928 remetam
1229 3912 1244 3936 ,
1280 3868 1373 3926 ubi
1401 3873 1586 3942 pisces
1635 3873 1794 3926 multi
1827 3881 2000 3936 sunt,
2030 3878 2088 3926 et

505 3973 696 4018 rerum
739 3963 974 4018 aliarum
1033 3962 1101 4017 ad
1149 3963 1360 4017 victum
1420 3973 1860 4033 opportunamm
1925 3962 2086 4031 copia

508 4057 746 4126 benigna
776 4074 791 4122 ;
827 4057 1008 4112 habeo
1038 4066 1302 4127 prseterea
1357 4057 1559 4112 ibidem
1593 4055 2091 4110 testudinemami-

510 4162 686 4214 eam;
743 4161 916 4218 quare
979 4150 1114 4204 illnc
1175 4149 1413 4220 migrare
1463 4149 1653 4219 ibique
1693 4148 1963 4203 diversari
2017 4146 2088 4202 de

506 4251 712 4296 mutem
744 4239 990 4305 decrevi,
1021 4243 1125 4295 nisi
1145 4243 1280 4312 quid
1304 4253 1362 4296 tu
1395 4256 1554 4296 secus
1584 4241 1780 4296 sentis.
1806 4239 1899 4296 Ait
1927 4255 2084 4294 mus:

505 4340 606 4395 ibo
629 4347 685 4393 et
713 4355 815 4409 ego
854 4339 1197 4410 perlibenter
1223 4349 1432 4402 tecum,
1473 4339 1626 4393 soleo
1651 4337 1800 4393 enim
1849 4351 1958 4391 non
1991 4337 2086 4390 uni

505 4433 861 4501 receptaculo
899 4431 1208 4488 conlidere.
1244 4425 1348 4485 Sed
1389 4442 1478 4485 me
1519 4445 1740 4500 semper
1768 4431 1925 4501 juvat
1951 4429 2090 4485 duas

512 4525 706 4580 saltem
738 4525 945 4579 habere
973 4525 1312 4587 mansiones,
1341 4538 1578 4593 quarum
1614 4525 1668 4578 in
1693 4525 1928 4578 alteram
1955 4538 2088 4577 con-

2188 3339 2376 3382 rerum
2407 3321 2637 3377 divertit
2665 3319 2732 3373 ad
2770 3333 2898 3374 eum
2939 3317 3141 3384 hospes
3185 3333 3198 3367 :
3230 3320 3522 3382 exceptura,
3558 3319 3625 3364 ut
3653 3307 3768 3362 ﬁeri

2187 3417 2260 3474 ab
2287 3416 2406 3471 istis
2433 3413 2596 3477 solet,
2623 3427 2759 3466 sane
2799 3409 3070 3466 benevole
3097 3423 3164 3462 ac
3202 3405 3455 3462 comiter.
3496 3403 3630 3458 Post
3657 3400 3769 3471 pri-

2190 3525 2310 3566 mas
2344 3506 2728 3564 salutationes.
2760 3503 2905 3558 inter
2940 3501 3187 3556 olllciosa
3217 3497 3496 3566 colloquia
3531 3533 3548 3561 ,
3579 3494 3774 3550 solita-

2189 3604 2308 3658 rius
2339 3600 2574 3670 strepitu
2623 3599 2768 3653 forte
2795 3597 2986 3652 audito
3011 3635 3026 3658 ,
3059 3607 3149 3650 me
3186 3591 3370 3649 moliri
3413 3589 3624 3661 aliquid
3678 3602 3776 3658 pro

2193 3709 2346 3750 more
2398 3704 2553 3748 ratus
2587 3735 2602 3758 ,
2631 3689 2965 3747 esterrendo
3006 3687 3143 3742 mihi
3203 3686 3504 3756 complosit
3548 3697 3772 3738 manus.

2190 3786 2363 3856 quue
2383 3800 2551 3842 causa
2585 3785 2776 3840 eadem
2801 3797 2928 3838 cum
2955 3783 3161 3837 iterum
3198 3788 3258 3836 et
3291 3779 3461 3833 tertio
3511 3775 3775 3844 frequen-

2193 3879 2614 3948 tasset.hospcs
2631 3890 2736 3931 cur
2763 3876 2818 3930 id
2852 3873 3084 3935 faceret,
3127 3872 3407 3942 qua'sivit.
3439 3870 3548 3924 Cui
3581 3869 3778 3924 solita-

2191 3975 2333 4041 rius,
2361 3973 2566 4029 Infesta
2597 3970 2807 4025 dudum
2834 4009 2848 4034 ,
2883 3969 3064 4038 inquit
3091 4010 3106 4031 ,
3140 3968 3257 4022 haec
3297 3964 3644 4020 domuncula
3679 3970 3769 4016 est

2191 4069 2458 4125 intestino
2518 4066 2812 4122 latrocinio
2866 4062 3192 4117 astutissimi
3249 4061 3449 4124 muris,
3497 4071 3528 4112 a
3600 4061 3764 4128 cujus

2193 4163 2358 4218 dente
2386 4177 2450 4216 ac
2485 4161 2608 4230 gula
2636 4157 2776 4213 nihil
2813 4169 3040 4226 prorsus
3069 4167 3264 4209 eorum
3316 4162 3443 4223 quat
3496 4150 3634 4206 mihi
3681 4149 3778 4203 aut

2194 4255 2511 4326 hospitibus
2562 4265 2698 4323 paro
2739 4261 2858 4306 arte
2911 4250 3096 4304 adhuc
3139 4248 3250 4301 ulla
3308 4261 3536 4300 servare
3572 4243 3731 4310 potui
3762 4283 3777 4306 ,

2193 4348 2490 4415 quominus
2542 4344 2707 4398 libata
2756 4351 2952 4396 cuneta
3003 4356 3067 4392 ac
3111 4339 3262 4394 iteite
3291 4336 3601 4391 tit-(oratam
3645 4350 3779 4406 quo-

2195 4439 2332 4495 tidie
2383 4437 2677 4508 reperiam.
2721 4435 2862 4489 Tum
2917 4434 3140 4501 hospes,
3193 4431 3364 4486 Estne
3396 4471 3410 4492 ,
3471 4431 3594 4491 ait,
3649 4443 3774 4480 mus

2195 4529 2290 4584 hic
2311 4529 2489 4592 solus,
2518 4541 2586 4580 an
2613 4525 2847 4580 comites
2869 4522 3079 4578 habet?
3105 4522 3172 4576 Et
3187 4521 3305 4583 itte,
3338 4519 3539 4579 liabet,
3570 4517 3774 4587 inquit,

507 4619 714 4690 fugiam
747 4618 791 4672 si
823 4619 996 4672 altera
1034 4607 1654 4671 exeltrdariliscorvus
1673 4617 1883 4671 auditis
1915 4617 2090 4670 muris
2123 4626 2166 4677 ί)
2197 4623 2460 4685 mintos,
2515 4633 2663 4691 quos
2720 4631 2950 4673 cursare
3003 4629 3112 4670 non
3172 4629 3300 4668 raro
3340 4613 3504 4666 video
3531 4653 3546 4672 ,
3599 4614 3778 4666 socios

508 4711 742 4766 caudam
777 4721 957 4765 rostro
1003 4718 1201 4764 tenens
1241 4710 1483 4764 evolavit
1520 4710 1585 4764 ad
1621 4723 1773 4763 oram
1807 4709 1982 4764 fontis-
2035 4710 2091 4763 in

509 4821 623 4878 quo
671 4801 897 4861 testudo
930 4803 1184 4876 degebat.
1223 4803 1350 4860 Haec
1391 4805 1584 4875 procul
1631 4804 1830 4861 intuita
1867 4804 2095 4860 venien-

510 4907 622 4953 tem
671 4911 902 4951 eorvum
952 4907 1079 4950 ‘cum
1122 4909 1296 4952 onere
1331 4897 1554 4952 insolito
1606 4897 1782 4952 muris
1829 4912 1860 4951 e
1913 4906 2096 4952 rostro

505 4992 804 5064 pendentis
827 5035 843 5059 ,
881 4993 1006 5048 visu
1049 4991 1243 5047 territa
1288 4991 1579 5061 inopinato
1603 5031 1619 5055 ,
1648 4989 1917 5047 demersit
1949 5007 2008 5046 se
2036 4991 2093 5045 in

507 5096 708 5156 aquam
767 5084 958 5155 ibiq’ue
1015 5080 1418 5149 delitescebat,
1482 5081 1664 5152 quoad
1711 5081 1904 5147 illam,
1937 5097 2094 5136 mure

507 5175 757 5233 molliter
793 5177 850 5231 in
909 5176 1082 5231 l‘ontis
1136 5175 1391 5247 margine
1431 5173 1708 5243 deposito,
1760 5173 2092 5227 nominatim

505 5270 860 5340 compellavit
916 5281 1140 5333 corvus,
1173 5271 1331 5338 Cujus
1382 5267 1570 5321 statim
1621 5266 1856 5322 amicam
1898 5281 2091 5321 vocem

509 5361 736 5421 testudo
771 5376 1076 5432 agnoscens
1104 5403 1119 5426 ,
1145 5376 1376 5417 excussa
1435 5358 1736 5413 lormidine
1783 5357 1854 5412 ad
1909 5358 2091 5428 ipsum

509 5459 753 5529 prodiit:
778 5457 1130 5526 salutatoque
1159 5454 1330 5508 charo
1361 5452 1568 5522 capite,
1602 5461 1659 5507 et
1689 5459 1881 5522 rogato
1909 5460 1969 5506 ut
1987 5462 2082 5505 va-

511 5551 672 5614 leret,
703 5560 761 5604 et
804 5547 968 5604 satin‘
1017 5543 1182 5602 salva:
1228 5559 1338 5607 res,
1378 5543 1445 5598 ad
1496 5553 1808 5599 extremm
1856 5557 2094 5614 percon-

510 5650 626 5695 tata
651 5643 971 5696 humaniter
1004 5649 1088 5694 est
1113 5637 1207 5692 ubi
1234 5636 1429 5690 'tandiu
1460 5635 1750 5701 hasisset,
1795 5635 1946 5689 unde
1981 5641 2089 5688 tam

515 5747 677 5788 serus
725 5734 790 5786 ad
828 5745 887 5787 se
933 5727 1360 5787 reverteretur?
1394 5725 1608 5783 Corvus
1660 5726 1782 5797 pari
1831 5725 2093 5780 comitate

517 5823 650 5894 quid
683 5824 809 5889 sibi,
844 5840 907 5877 ex
935 5839 1044 5892 quo
1071 5823 1311 5877 invicem
1345 5836 1452 5875 non
1476 5820 1752 5885 viderant,
1785 5820 1937 5874 varie
1961 5833 2094 5872 con-

523 5919 734 5991 tigisset
760 5919 1065 5985 enarravit,
1100 5917 1250 5973 haud
1285 5917 1533 5972 reticens
1563 5914 1927 5970 observatum
1970 5929 1999 5967 a
2032 5927 2091 5969 se

2194 4731 2302 4768 non
2347 4727 2575 4784 paucos.
2628 4711 2722 4767 sed
2780 4710 2993 4780 exigua:
3025 4706 3334 4771 industrie,
3377 4721 3484 4760 nec
3539 4706 3776 4758 multum

2190 4809 2316 4862 ideo
2348 4807 2672 4862 formidatos
2715 4804 2851 4859 mihi
2884 4819 2900 4868 ;
2938 4802 3098 4856 facile
3141 4800 3351 4871 quippe
3414 4799 3540 4852 illos
3583 4797 3769 4866 abigo.

2189 4901 2393 4958 Verum
2423 4901 2691 4956 adversus
2739 4896 3068 4967 primarium
3104 4895 3258 4950 illum
3308 4892 3568 4947 fraudum
3602 4891 3776 4943 δι·ιὶιί-

2189 5009 2308 5048 cem
2371 4993 2582 5048 nullum
2609 4991 2744 5045 mihi
2774 4986 3262 5050 consiliunimutla
3290 4993 3457 5054 opera
3494 4981 3774 5051 procedit,

2189 5088 2328 5140 adeo
2378 5087 2550 5150 vafer,
2589 5082 2846 5152 idemque
2904 5077 3218 5147 intrepidus
3263 5074 3776 5142 callidissimnsque

2190 5177 2621 5250 importunitatis
2649 5183 2897 5245 captator
2925 5172 3018 5226 hic
3047 5172 3192 5226 latro
3217 5177 3326 5225 est.
3349 5167 3782 5237 Consequentu-

2189 5270 2634 5340 narravit'aliqua
2652 5283 2683 5323 e
2710 5267 2848 5322 meis
2864 5264 3323 5327 facinoribus,rne
3340 5260 3510 5316 tacite
3529 5259 3773 5320 ridente,

2188 5377 2314 5417 nam
2359 5362 2542 5416 omnia
2581 5373 2670 5415 'ex
2695 5360 2872 5414 altero
2927 5373 3050 5412 meo
3111 5369 3248 5410 cavo
3307 5351 3608 5408 audiebam
3631 5361 3778 5404 mns-

2188 5469 2338 5509 8305.

2261 5543 2398 5600 V’li‘l.
2433 5543 2574 5598 Tum
2616 5543 2698 5598 sic
2734 5556 2969 5597 exorsus
3017 5541 3226 5609 hospes
3279 5547 3406 5593 est:
3449 5533 3774 5606 Aliquado

2187 5651 2290 5707 ego
2311 5645 2368 5690 et
2393 5649 2610 5689 mecum
2645 5635 2948 5688 amicorum
2989 5633 3215 5701 quidam
3250 5629 3338 5684 usi
3385 5643 3586 5684 sumus
3613 5642 3777 5698 pere-

2189 5743 2282 5797 gre
2317 5726 2626 5783 diversorio
2653 5725 2939 5797 cujusdam
2963 5725 3106 5780 civis
3135 5724 3190 5778 in
3229 5723 3368 5778 urbe
3389 5737 3502 5778 non
3543 5719 3776 5792 ignobili

2189 5819 2335 5872 haud
2362 5817 2524 5873 valde
2554 5818 2867 5885 locupletis.
2898 5817 3054 5871 Hunc
3077 5830 3182 5887 ego
3202 5817 3352 5885 (nutu
3379 5813 3572 5884 paries
3593 5813 3780 5866 tenuis

2187 5912 2509 5968 cubiculum
2536 5913 2655 5984 ejus
2690 5927 2720 5966 a
2747 5922 2940 5968 nostro
2962 5909 3289 5981 dirimebat)
3312 5917 3471 5963 nocte
3497 5903 3778 5962 concubia
