4016 6554
311 406 446 469 1301

1203 411 1593 475 SPECIMEN
1639 413 2071 475 SAPlENTle
2115 413 2478 477 INDORUM
2518 416 2685 478 VET.

3441 414 3573 478 i302

309 537 435 575 cmn
473 537 642 577 uxore
664 522 1002 582 fabulantem
1032 528 1322 586 audiebam
1362 531 1415 585 in
1445 531 1593 586 hunc
1629 530 1887 586 modum:
1922 533 1965 588 Δ
1995 529 2229 600 frugem,
2257 540 2416 585 antea
2441 531 2716 586 mundata:
2738 529 3052 592 admiscuit,
3081 529 3198 585 haec
3220 544 3404 583 secum
3429 544 3576 583 mus-

309 613 448 669 Volo
499 615 637 670 istos
695 633 835 687 quos
886 628 1034 675 tecto
1073 623 1392 692 excepimus
1418 661 1434 687 ,
1487 624 1752 680 honestos
1781 664 1796 687 ,
1828 633 1890 677 ut

311 717 568 776 apparet,
609 710 762 765 viros
785 714 1046 768 convivio
1092 718 1259 770 etiam
1303 717 1570 772 adhibere
1610 732 1734 772 cras
1766 735 1781 779 ;
1811 717 1891 772 sic

307 800 463 855 enim
515 802 803 860 urbanitas
867 816 924 862 et
978 808 1217 862 ofﬁcium
1279 809 1501 880 hospitii
1559 810 1887 880 pmoribit.

313 893 486 949 Recte
523 896 756 966 cogitas,
815 897 888 951 mi
938 899 1045 961 vir,
1085 915 1226 955 uxor
1263 901 1362 966 ait,
1407 900 1572 956 modo
1620 901 1694 956 sit
1744 900 1892 956 unde

316 1001 566 1042 mensam
616 988 979 1053 instruamus,
1035 1007 1138 1047 nos
1169 992 1318 1047 enim
1347 993 1402 1046 in
1435 993 1582 1048 diem
1607 1033 1623 1058 ,
1650 1003 1710 1048 ut
1737 994 1846 1048 scis
1874 1034 1889 1057 ,

315 1078 558 1134 vivimus
587 1098 602 1146 ;
637 1091 696 1136 et
745 1098 870 1152 quae
902 1093 992 1139 tua
1015 1125 1030 1148 ,
1058 1085 1429 1155 nequidquam
1468 1093 1575 1140 tam
1608 1100 1752 1155 sepe
1793 1085 1893 1140 im-

315 1168 550 1236 probata
586 1171 746 1237 mihi,
776 1172 1209 1230 dissolutissima
1238 1175 1365 1230 vitae
1402 1175 1545 1228 ratio
1567 1183 1891 1239 est,cuncta

315 1261 394 1316 ita
425 1265 808 1318 consumimus
841 1267 1042 1334 quovis
1066 1283 1301 1336 vespere
1334 1279 1397 1323 ut
1438 1269 1578 1324 nihil
1611 1269 1668 1323 in
1697 1271 1893 1324 crasti-

316 1369 452 1408 num
484 1355 556 1409 sit
592 1355 813 1426 reliqui.
857 1356 959 1412 Cui
992 1357 1096 1422 vir,
1155 1357 1322 1422 Tace.
1355 1343 1560 1429 inqu'it,
1611 1373 1736 1412 cum
1784 1358 1895 1412 tuis

316 1445 442 1501 istis
472 1449 741 1516 adgustiis
768 1449 938 1503 animi
971 1465 987 1513 ;
1025 1450 1266 1505 crastina
1297 1450 1418 1507 dies
1454 1450 1768 1519 providebit
1790 1451 1893 1520 ipsi

315 1538 448 1599 sibi.
507 1555 611 1595 nec
663 1540 734 1595 ab
787 1540 1054 1598 hodierna
1125 1542 1366 1614 degener
1394 1584 1412 1609 ,
1473 1551 1731 1614 suggeret
1778 1545 1895 1613 ipsa

313 1646 540 1701 quoque
579 1632 745 1703 hujus
779 1634 1034 1703 exemplo
1056 1636 1205 1704 quod
1235 1637 1466 1694 edamus
1486 1646 1546 1693 et
1570 1637 1767 1692 amicis
1797 1652 1897 1706 ap-

315 1739 616 1794 ponamus.
655 1727 829 1781 Porro
867 1727 978 1790 isti,
1003 1744 1238 1797 quorum
1276 1730 1330 1783 in
1365 1746 1658 1785 numerum
1691 1729 1898 1785 frustra

316 1833 406 1872 me
439 1818 670 1882 invitas,
699 1819 849 1874 avari
908 1822 1246 1889 repositores
1295 1823 1662 1887 aliiuentium,
1697 1824 1790 1892 qui
1821 1822 1900 1876 fa-

318 1925 466 1966 mem
504 1911 833 1971 hodiernam
872 1926 974 1980 pro
1005 1913 1250 1968 crastina
1282 1915 1487 1984 pacisci
1513 1915 1673 1984 copia
1698 1890 1900 1978 solent,
1936 1890 1975 1943 Β

318 2001 465 2056 male
501 2002 764 2072 peribunt
791 2011 848 2058 et
881 2005 1160 2059 venatoris
1187 2016 1241 2060 et
1272 2006 1384 2076 lupi
1407 2007 1904 2076 exemplo,quibus

319 2109 487 2163 quam
521 2095 664 2149 male
722 2111 820 2150 sua
869 2096 1216 2164 providentia
1269 2099 1600 2153 successerit
1659 2100 1904 2154 breviter

315 2188 531 2256 accipe.
572 2187 905 2259 Progressus
954 2188 1023 2242 ad
1071 2190 1384 2245 venandum
1429 2191 1512 2244 vir
1557 2207 1684 2245 cum
1727 2207 1855 2246 arcu
1887 2234 1900 2254 ,

317 2291 709 2360 occurrentem
744 2298 997 2350 capream
1049 2285 1245 2353 sagitta
1307 2283 1525 2349 stravit,
1577 2300 1810 2353 eamque
1849 2284 1900 2337 in

321 2373 592 2427 hutneros
625 2375 946 2442 impositam
972 2377 1196 2430 domum
1240 2377 1470 2446 pertulit
1497 2394 1512 2441 ;
1551 2393 1656 2432 nec
1687 2377 1902 2446 epulari

316 2483 348 2520 e
393 2475 545 2522 tanta
581 2467 766 2537 praeda
799 2469 1086 2534 sustinuit,
1122 2470 1217 2524 sed
1251 2470 1472 2524 inhians
1508 2471 1726 2540 majori,
1753 2470 1900 2539 jeju-

317 2575 426 2613 nus
457 2561 661 2615 iterum
703 2563 857 2617 exiit.
897 2563 1035 2618 Ecce
1067 2579 1173 2617 non
1208 2563 1392 2618 minus
1426 2563 1646 2619 favente
1679 2565 1902 2618 fortuna

319 2652 517 2721 procul
555 2668 750 2722 aprum
793 2655 1180 2724 conspicatur,
1222 2666 1278 2710 et
1321 2657 1434 2725 llgit
1469 2657 1692 2724 explosa
1733 2672 1905 2710 nervo

320 2746 591 2812 tragula;
639 2755 696 2798 at
731 2745 906 2801 fermn
959 2763 1312 2817 praepropere
1373 2757 1655 2802 mortuum
1707 2759 1860 2802 ratus
1888 2788 1902 2810 ,

317 2839 453 2892 dum
479 2838 680 2906 cupide
723 2840 841 2894 vult
872 2840 1085 2902 tollere,
1123 2843 1340 2910 spirans
1378 2841 1469 2895 ille
1507 2842 1692 2896 adhch
1723 2851 1779 2895 et
1803 2841 1904 2895 do-

318 2930 438 2986 lore
467 2933 717 2988 vulneris
754 2934 1042 3000 irritatior,
1066 2951 1210 2989 s:rvo
1250 2935 1416 2990 dente
1451 2935 1729 2988 hominem
1759 2934 1905 2987 laee-

318 3037 405 3078 rat
439 3041 453 3078 :
507 3033 622 3078 tum
652 3026 839 3090 ambo,
869 3025 921 3079 vi
950 3026 1169 3080 cruoris
1192 3026 1394 3080 amissa
1424 3026 1681 3087 maxima,
1706 3023 1900 3079 eodem

319 3117 376 3172 in
413 3118 540 3172 loco
570 3120 908 3173 moriuntur.
945 3119 1279 3189 Supervenit
1313 3134 1425 3172 non
1454 3119 1528 3172 ita
1551 3118 1727 3173 multo
1753 3127 1901 3186 post.

1991 621 2186 685 sitatis,
2220 621 2298 674 En
2323 637 2486 690 quam
2520 623 2798 691 expediat,
2829 621 3215 691 quidquid'vir
3249 636 3406 674 meus
3436 638 3567 674 con-

1995 723 2078 768 tra
2107 714 2390 784 disputet.
2427 716 2727 784 repositum
2779 732 2999 772 scrvare
3025 716 3233 786 aliquid
3273 716 3327 771 in
3374 714 3573 768 crasti-

1992 821 2124 860 num
2158 823 2396 876 :nempe
2432 807 2535 860 nisi
2560 807 2698 864 clam
2727 809 2846 872 illo,
2881 818 2942 862 ut
2976 809 3130 862 soleo
3161 849 3175 872 ,
3207 806 3576 877 providissem

1994 907 2206 967 partem
2267 899 2508 968 aliquam
2555 901 2759 954 sesami
2813 901 3074 972 purgati,
3123 901 3262 954 nihil
3313 899 3575 952 haberem

1993 991 2142 1058 quod
2180 993 2430 1048 venturis
2477 992 2542 1047 ad
2580 993 2896 1048 condictum
2928 993 3174 1049 convivis
3210 993 3372 1048 hodie
3402 1009 3578 1062 appo-

1994 1099 2207 1140 nerem.
2255 1085 2413 1140 Nunc
2443 1102 2568 1140 cum
2601 1086 2795 1141 saltem
2845 1102 2974 1156 pars
3004 1087 3071 1140 ad
3125 1097 3345 1139 manum
3396 1085 3578 1153 aliqua

1995 1174 2070 1230 sit
2091 1179 2286 1230 sesami
2327 1178 2597 1242 mandati,
2635 1179 2848 1234 minore
2877 1179 3224 1233 incommodo
3267 1180 3318 1234 ei
3352 1177 3577 1248 adjungi

1997 1279 2125 1332 pars
2174 1268 2277 1320 alia
2304 1284 2412 1321 non
2464 1279 2693 1338 purgata
2731 1271 2970 1340 poterit;
3012 1271 3208 1324 modus
3243 1280 3328 1326 est
3387 1271 3583 1324 vide]?—

1996 1371 2086 1416 cet
2113 1360 2167 1415 in
2204 1361 2389 1422 rebus,
2420 1372 2475 1415 et
2499 1363 2669 1418 nimia
2712 1373 2768 1418 et
2805 1365 2954 1419 nulla
3005 1364 3345 1435 providentia
3373 1365 3580 1434 pariter

1998 1453 2057 1507 in
2093 1453 2228 1506 vitio
2253 1463 2403 1508 sunt.
2439 1454 2573 1521 Quae
2608 1455 2702 1510 illa
2742 1457 2875 1510 dum
2919 1467 2978 1512 et
3029 1466 3220 1526 ageret
3271 1467 3328 1511 et
3368 1456 3581 1509 diceret

1999 1547 2279 1616 sapienter
2302 1556 2359 1602 et
2396 1557 2626 1613 morate,
2667 1547 2754 1602 vix
2788 1558 2969 1604 tamen
3006 1551 3194 1604 vitavit
3221 1548 3580 1604 temerarium

1997 1641 2268 1710 judicium
2297 1641 2609 1710 cujusdam,
2647 1622 2741 1710 qui
2777 1657 2898 1697 eam
2951 1642 3149 1698 videns
3216 1642 3398 1696 facere
3433 1641 3581 1709 quod

2000 1733 2140 1795 dixi,
2193 1736 2366 1801 Quam
2403 1774 2416 1796 ,
2447 1734 2666 1802 inquit,
2721 1749 2942 1788 causam
2994 1735 3160 1788 habet
3218 1735 3319 1788 ista
3383 1733 3581 1787 mulier

2004 1827 2191 1896 fruges
2247 1827 2480 1880 mandas
2517 1828 2749 1895 impuris
2774 1827 3114 1882 adtnisccndi
3141 1827 3164 1879 ’ἶ

2077 1918 2166 1972 lX.
2204 1918 2297 1972 llis
2337 1918 2502 1973 dictis
2545 1919 2854 1972 solitarium
2915 1921 3114 1986 hospes
3167 1918 3412 1983 intuens,
3451 1918 3580 1980 Ista,

2009 2003 2210 2080 inquit,
2241 2011 2520 2080 exempla,
2561 2014 2604 2064 si
2660 2011 2845 2065 dicere
2891 2027 2974 2066 me
3011 2011 3168 2076 sinis,
3207 2011 3258 2064 in
3293 2025 3344 2065 te
3380 2012 3584 2079 pariter

2006 2105 2463 2158 ctsubsessorem
2509 2114 2661 2157 tuum
2703 2119 2914 2158 murem
2947 2119 3235 2158 censuram
3262 2103 3537 2158 intentant
3567 2121 3581 2167 ;

2007 2212 2133 2250 natu
2175 2213 2356 2265 neque
2389 2206 2446 2251 tu
2473 2196 2808 2266 quotidianis
2841 2197 3004 2266 hujus
3030 2196 3316 2250 vexareris
3340 2196 3580 2267 injuriis,

2008 2288 2115 2341 nisi
2177 2303 2581 2355 supervacanea
2636 2287 2980 2356 providentia
3016 2287 3224 2341 cibaria
3275 2288 3375 2343 tibi
3410 2289 3584 2342 multo

2005 2394 2133 2438 ante
2168 2399 2332 2452 quam
2369 2383 2610 2438 vescaris
2639 2399 2985 2454 praeparans,
3011 2385 3248 2452 spatium
3293 2384 3440 2438 illius
3469 2400 3584 2438 ma-

2006 2474 2420 2528 chinationibus
2479 2474 2774 2544 prmbcres.
2823 2474 2929 2528 Iste
2966 2489 3130 2542 porro
3181 2474 3298 2542 ipse
3357 2473 3444 2527 fur
3488 2474 3587 2528 do—

2007 2568 2268 2621 mesticus
2297 2567 2440 2620 haud
2471 2577 2814 2636 grassaretur
2843 2577 2953 2620 tam
2999 2568 3233 2621 licenter
3260 2607 3274 2630 ,
3314 2567 3418 2621 nisi
3453 2583 3586 2621 con-

2005 2660 2470 2730 gestzeincnbans
2533 2660 2633 2724 rei,
2690 2660 3035 2728 provisurum
3091 2660 3198 2714 sibi
3255 2676 3420 2727 opum
3446 2669 3500 2713 et
3533 2661 3585 2712 in

2008 2762 2125 2807 tuto
2147 2755 2452 2822 positarum
2481 2756 2821 2808 conscientia
2872 2755 3251 2808 insolesceret.
3288 2755 3420 2821 Age,
3458 2770 3586 2822 pcr~

2006 2846 2280 2900 fodiamus
2313 2849 2434 2916 ejus
2463 2862 2679 2910 cavum,
2711 2860 2808 2901 aut
2850 2847 3006 2900 valde
3041 2848 3222 2910 fallor,
3281 2858 3373 2902 aut
3431 2849 3584 2901 inve-

2010 2939 2225 2992 niemus
2284 2939 2483 3020 cubilia
2521 2940 2634 3008 ipsa
2672 2939 2988 3009 rapinarum
3039 2950 3205 3008 caput
3251 2956 3315 2994 ac
3365 2955 3584 2994 causam

2007 3029 2374 3084 confidentiae.
2413 3029 2496 3084 Ab
2524 3030 2608 3083 his
2629 3037 2812 3084 statim
2837 3047 2896 3085 se
2928 3031 3225 3100 accingunt
3260 3031 3414 3101 operi
3441 3073 3454 3096 ,
3488 3048 3586 3085 ea-

2007 3137 2233 3177 vernam
2268 3137 2444 3175 meam
2470 3121 2826 3192 praecipuam,
2860 3123 3018 3192 cujus
3036 3138 3100 3177 os
3119 3123 3374 3178 exstabat
3397 3161 3412 3187 ,
3440 3123 3586 3178 unde

318 3211 565 3282 pradam
584 3227 840 3279 quaerens
862 3212 1153 3282 lupus.Qui
1176 3214 1306 3267 visis
1323 3211 1649 3280 corporibus
1664 3209 1904 3278 duobus,
1933 3228 1979 3287 α
2014 3232 2099 3271 me
2119 3231 2262 3285 saepe
2308 3215 2532 3285 prodire
2555 3215 2835 3270 solitarius
2855 3223 3158 3277 notaverat,
3187 3216 3426 3284 aggressi
3461 3233 3586 3269 cum
3629 3281 3632 3284 ι

320 3312 376 3358 et
401 3319 532 3358 arcu
580 3307 862 3360 venatoris
918 3320 1028 3360 non
1086 3307 1276 3374 procul
1303 3306 1525 3376 jacente
1557 3345 1573 3368 ,
1608 3304 1857 3373 Corpora
1885 3343 1900 3366 ,

321 3394 507 3465 inquit
527 3409 738 3459 secum,
773 3396 891 3451 haec
918 3397 1030 3450 duo
1052 3412 1178 3450 cras
1199 3407 1249 3450 et
1285 3396 1484 3451 diebus
1531 3394 1905 3465 sequentibus

319 3489 638 3543 comedam:
661 3488 984 3542 hodiernam
1007 3489 1205 3542 famem
1224 3488 1438 3556 placare
1459 3487 1593 3542 satis
1607 3486 1716 3540 erit
1733 3501 1906 3540 nervo

319 3593 487 3633 arcus
513 3593 680 3648 quem
722 3579 799 3634 ibi
843 3578 1122 3648 abiectum
1155 3593 1347 3631 cerno.
1389 3577 1485 3630 His
1511 3577 1678 3630 dictis
1713 3577 1780 3630 ad
1811 3592 1904 3628 ar-

321 3693 449 3729 cum
480 3675 722 3735 accedit.
751 3686 804 3729 et
831 3691 1029 3729 vorare
1067 3675 1335 3728 cltordam
1395 3673 1739 3742 aggreditur.
1775 3673 1904 3725 Erat

319 3779 507 3822 autem
543 3770 815 3823 intentum
845 3769 898 3822 in
930 3783 993 3822 ea
1017 3779 1072 3822 et
1098 3768 1417 3837 jaculationi
1443 3777 1690 3834 paratum
1711 3766 1903 3828 telum,

320 3875 434 3928 quo
501 3861 568 3913 ad
632 3861 874 3930 primum
936 3860 1049 3927 lupi
1092 3870 1358 3914 altae-tum
1409 3859 1638 3928 exploso
1671 3898 1686 3922 ,
1734 3858 1905 3912 miser

322 3954 496 4008 corde
533 3955 988 4010 transverberato
1029 3957 1214 4010 statim
1251 3956 1420 4025 lupus
1443 3957 1674 4010 interiit.
1696 3955 1907 4009 Similis

321 4061 524 4100 avaros
572 4061 731 4113 pinna
767 4056 953 4100 manet
985 4089 999 4111 ,
1039 4062 1103 4100 ac
1136 4047 1395 4100 videlicet
1432 4056 1483 4100 te
1505 4061 1726 4115 quoque
1757 4087 1770 4105 ._
1799 4045 1902 4099 nisi

324 4138 541 4192 desinis
570 4137 638 4190 de
679 4139 926 4192 crastino
958 4153 1080 4192 esse
1111 4139 1368 4192 sollicita.
1405 4138 1633 4191 Talibus
1658 4137 1742 4190 vel
1777 4152 1904 4205 pcr—

325 4246 515 4288 suasa,
557 4230 642 4283 vel
678 4245 996 4298 persuasam
1031 4246 1090 4284 se
1132 4230 1331 4284 mulier
1360 4230 1631 4284 simulans
1666 4268 1679 4289 ,
1726 4229 1900 4285 Bene.

324 4321 531 4389 inquit.
568 4320 772 4374 habet:
806 4321 922 4375 scio
971 4321 1067 4375 ubi
1101 4324 1174 4376 sit
1203 4337 1365 4392 oryza
1409 4331 1464 4374 et
1499 4335 1810 4374 sesamum:
1842 4333 1905 4372 ea

323 4413 806 4482 crastempestivc
859 4427 1095 4482 coquum
1153 4425 1210 4468 et
1257 4413 1550 4476 condiam;
1589 4427 1724 4466 voca
1778 4407 1907 4464 licet

323 4521 470 4577 quos
519 4506 696 4560 voles.
744 4505 1020 4560 Postridie
1075 4521 1235 4560 mane
1289 4506 1400 4558 vidi
1435 4501 1949 4577 matremfamilias"

322 4605 538 4651 certam
574 4598 776 4651 sesami
806 4611 1160 4657 mensuram,
1185 4607 1392 4666 quanta
1427 4596 1677 4650 convivis
1725 4611 1754 4648 a
1787 4595 1907 4649 viro

325 4689 601 4742 vocandis
631 4687 940 4752 sufﬁceret,
982 4703 1124 4756 aqua
1172 4689 1357 4742 lavare
1390 4729 1405 4753 ,
1441 4705 1673 4758 moxque
1710 4705 1908 4757 purga-

334 4791 447 4838 tam
473 4782 784 4850 expandere
815 4782 881 4834 ad
917 4782 1113 4844 solem,
1149 4789 1264 4834 tum
1295 4781 1362 4835 ad
1389 4782 1494 4836 alia
1534 4797 1592 4836 se
1614 4781 1906 4836 ministerii

330 4874 626 4928 domestici
657 4889 825 4942 opera
849 4881 1084 4928 vertere.
1109 4873 1490 4943 Oecupaverat
1517 4883 1700 4929 autem
1729 4873 1909 4943 pridie

331 4967 660 5022 demensum
689 4965 893 5021 sesami
944 4965 1065 5020 viro
1107 4975 1162 5020 et
1192 4966 1297 5021 sibi
1343 4965 1708 5020 suffecturum
1744 4967 1797 5020 in
1823 4981 1909 5020 se-

328 5068 594 5129 quentem
649 5058 794 5113 diem
844 5074 1119 5128 purgare,
1173 5067 1230 5112 et
1276 5059 1489 5112 lautum
1523 5059 1907 5128 siccatumque

333 5162 686 5221 reposuerat,
717 5151 804 5205 cui
835 5159 1100 5221 quantum
1137 5149 1489 5219 absumpturi
1523 5158 1683 5204 erant
1719 5150 1912 5219 hospi-

332 5255 421 5300 tes
459 5259 611 5298 nunc
637 5243 1012 5314 superaddere
1058 5243 1305 5312 parabat.
1341 5241 1448 5296 Sed
1486 5256 1647 5296 casus
1673 5241 1914 5295 interve-

327 5336 416 5389 nit
449 5349 584 5388 sane
628 5333 1046 5388 incommodus:
1093 5346 1219 5386 nam
1249 5331 1403 5386 canis
1440 5329 1762 5399 praeteriens
1809 5345 1910 5384 ex-

326 5441 570 5497 pansum
607 5426 672 5479 ad
705 5425 876 5478 solem
907 5439 1180 5478 sesamum
1210 5421 1553 5478 comminxit.
1589 5421 1710 5487 Quo
1733 5423 1910 5478 anim-

329 5520 568 5574 adverso
621 5519 864 5581 femina,
923 5517 1193 5586 pollutum
1251 5515 1406 5570 urina
1463 5515 1648 5570 cibum
1701 5515 1916 5570 abomi-

328 5625 495 5666 nans.
521 5609 744 5673 abiecit.
781 5608 1003 5662 Excludi
1033 5617 1214 5661 autem
1251 5621 1308 5661 se
1335 5616 1585 5675 tempore
1645 5610 1913 5674 sentiens,

330 5718 400 5756 ne
428 5699 580 5754 aliud
611 5715 886 5755 sesamum
918 5701 1171 5754 ablueret
1210 5699 1359 5768 quod
1380 5699 1692 5769 quantitate
1724 5715 1916 5755 neces-

332 5792 481 5847 saria
519 5792 700 5861 pridie
722 5800 911 5859 parato
934 5791 1280 5859 adjungeret,
1310 5805 1342 5845 e
1372 5790 1509 5844 cista
1533 5789 1915 5860 depromptam

332 5898 660 5940 mensuram
689 5884 812 5952 ejus
849 5883 1016 5950 priori
1049 5898 1260 5950 parem,
1292 5882 1658 5949 immundam,
1684 5893 1742 5937 ut
1771 5890 1910 5949 erat,

2007 3309 2206 3361 marris
2223 3317 2276 3361 et
2311 3307 2546 3362 terebris
2567 3306 2901 3376 pertundere
2933 3307 3283 3376 scrutarique
3317 3323 3490 3376 usque
3519 3308 3583 3360 ad

2009 3395 2290 3450 inti—mutu.
2317 3396 2642 3452 Tremebazn
2669 3413 2770 3466 ego
2803 3395 2934 3452 totis
2972 3397 3204 3452 artubus
3241 3407 3438 3452 cuneta
3470 3398 3587 3453 lucc

2007 3487 2238 3544 audiens
2283 3505 2316 3544 e
2344 3489 2591 3544 secundo
2635 3505 2760 3543 meo
2809 3489 3112 3544 seductiori
3147 3491 3421 3546 foramine
3453 3532 3464 3552 ,
3493 3492 3584 3544 ubi

2010 3592 2142 3637 tunc
2172 3582 2335 3648 forte,
2370 3593 2428 3636 ut
2456 3583 2590 3646 dixi,
2618 3583 3030 3647 delitescebam,
3063 3585 3224 3637 anxio
3257 3594 3387 3637 a-stu
3420 3584 3586 3637 animi

2009 3671 2315 3726 miserrime
2373 3684 2622 3727 metuens
2647 3713 2660 3734 ,
2695 3689 2762 3726 ne
2793 3673 2877 3726 bis
2911 3674 3058 3726 mille
3099 3688 3335 3735 aureos,
3369 3691 3506 3743 quos
3534 3676 3587 3727 in

2011 3765 2120 3818 imo
2145 3765 2291 3819 antri
2319 3781 2486 3836 specu
2517 3767 2718 3819 sensim
2745 3766 2908 3819 furtis
2935 3768 3103 3820 variis
3122 3775 3370 3835 aggestos
3393 3769 3586 3822 condi~

2009 3855 2230 3918 deram,
2263 3855 2746 3925 deprehenderent
2772 3864 2828 3910 et
2871 3857 3129 3911 tollerent
3173 3875 3186 3909 :
3218 3857 3272 3910 id
3305 3858 3450 3925 quod
3481 3875 3587 3910 non

2009 3949 2186 4002 multo
2258 3957 2382 4016 post
2415 3947 2625 4002 evenit.
2672 3949 2868 4002 Ablato
2911 3949 3176 4003 thesauro
3229 3966 3351 4003 meo
3389 3950 3590 4018 hospes

2008 4040 2100 4095 ille
2131 4055 2255 4095 meo
2301 4041 2501 4094 damno
2530 4041 2771 4108 sapiens,
2809 4041 3251 4106 Exarmavimus,
3285 4043 3480 4111 inquit,
3513 4045 3590 4096 la~

2009 4142 2226 4186 tronem
2295 4149 2310 4186 :
2371 4133 2448 4185 nil
2487 4132 2736 4194 audebit,
2803 4133 2879 4187 nil
2927 4133 3131 4202 poterit
3179 4135 3233 4186 in
3287 4143 3586 4201 posterum.

2009 4224 2270 4289 Nimium,
2306 4225 2408 4278 hoc
2434 4223 2647 4289 dicens,
2688 4240 2852 4280 verax
2903 4223 3028 4277 fuit.
3063 4225 3142 4278 Ex
3173 4225 3268 4279 illo
3311 4234 3590 4277 momento

2011 4335 2130 4372 mea
2165 4319 2347 4372 omnis
2391 4318 2727 4372 confidentia
2759 4319 2974 4388 dejecta
3013 4327 3119 4383 est,
3177 4319 3260 4372 vis
3278 4329 3537 4372 enervata
3575 4359 3587 4377 ,

2013 4409 2288 4462 industria
2312 4408 2559 4462 evanuit.
2604 4408 2789 4462 Mures
2840 4407 3084 4461 minores
3117 4448 3132 4472 ,
3163 4408 3258 4476 qui
3305 4423 3388 4460 me
3429 4415 3589 4460 antea

2010 4501 2441 4560 venerabantur,
2477 4510 2607 4555 tunc
2635 4510 3000 4568 aspernantes
3041 4499 3370 4554 irridebant.
3408 4500 3589 4553 Cotta-

2016 4605 2104 4647 tus
2131 4593 2231 4663 ipsi
2264 4593 2371 4648 mei
2399 4607 2657 4647 successu
2709 4593 2874 4648 solito
2921 4595 3207 4647 carebant.
3255 4592 3393 4646 Cum
3443 4594 3590 4646 enim

2015 4685 2306 4756 postridie,
2332 4687 2478 4755 quod
2512 4686 2667 4754 prius
2705 4701 2850 4755 stupe
2901 4687 3161 4752 feceram,
3208 4685 3400 4738 cistam
3449 4685 3591 4737 edu-

2014 4780 2148 4832 lium
2180 4793 2506 4848 suspensnm
2540 4778 2750 4832 insilire
2785 4786 3086 4831 tentassem
3115 4814 3130 4840 ,
3159 4776 3340 4848 medio
3381 4776 3587 4843 impetu

2015 4869 2232 4934 decidi;
2268 4869 2549 4940 magisque
2579 4884 2644 4924 ac
2681 4869 2854 4938 magis
2879 4869 2932 4922 in
2965 4868 3131 4921 horas
3153 4866 3509 4930 debilitabar,
3538 4879 3594 4920 et

2015 4961 2222 5029 quime
2270 4960 2425 5028 prius
2479 4959 2609 5012 olitn
2675 4958 2900 5012 obnoxii
2955 4959 3186 5012 clientes
3239 4966 3595 5012 contemnere

2017 5061 2322 5119 crepet-ant,
2375 5066 2524 5104 nunc
2580 5051 2725 5104 ultro
2771 5050 2937 5102 ctiam
2998 5049 3230 5102 oderant
3269 5058 3326 5103 et
3376 5050 3594 5118 pulsare

2015 5142 2392 5196 minabantur.
2433 5142 2671 5196 Mirabar
2707 5143 3066 5196 vehementer
3096 5151 3300 5210 quanta
3347 5141 3430 5196 vis
3471 5142 3592 5196 auri

2015 5237 2088 5290 sit
2118 5253 2130 5287 :
2163 5250 2259 5303 per
2283 5228 2417 5288 illud
2448 5233 2702 5290 amicitia:
2726 5235 2873 5304 jura,
2896 5234 3248 5288 necessitudo
3265 5236 3594 5304 consangui-

2016 5329 2228 5391 uitatis,
2261 5327 2398 5382 ﬁdes
2423 5328 2700 5383 clientelae
2727 5337 2984 5382 constant
3011 5345 3024 5391 ;
3057 5328 3178 5397 ipsa
3214 5344 3396 5392 mens,
3431 5327 3591 5389 ratio,

2019 5424 2615 5494 ingenium,industria,
2639 5433 2785 5480 artes
2809 5425 3076 5495 dotesque
3099 5426 3452 5480 obsolescunt
3479 5426 3595 5478 sine

2019 5511 2111 5566 illo
2144 5527 2246 5565 nec
2271 5511 2384 5564 voti
2421 5510 2590 5566 ullius
2633 5511 2718 5566 sui
2779 5526 3010 5581 compos
3045 5510 3162 5565 ﬁeri
3216 5511 3482 5580 spoliatus
3528 5525 3595 5563 eo

2018 5613 2218 5674 potest.
2252 5605 2394 5674 Ergo
2429 5605 2518 5659 illa
2546 5605 2836 5660 verissima
2865 5615 3084 5675 patrum
3125 5603 3192 5657 ad
3247 5618 3450 5672 pueros
3467 5609 3597 5654 sunt

2019 5694 2227 5748 monita
2260 5711 2277 5748 :
2305 5694 2547 5749 Pecunia
2575 5711 2714 5764 opus
2746 5705 2854 5758 est,
2883 5696 3001 5750 sine
3038 5695 3127 5747 illa
3159 5693 3296 5748 nihil
3336 5702 3480 5745 recte
3517 5693 3595 5744 lit.

2020 5786 2190 5850 Velis,
2221 5785 2412 5848 remis,
2484 5787 2720 5842 navibus
2783 5798 2948 5857 atque
2999 5785 3287 5856 quadrigis
3335 5781 3598 5847 lugict'tla

2021 5889 2335 5950 paupertas,
2368 5888 2422 5936 et
2455 5882 2538 5938 vel
2571 5897 2668 5952 per
2699 5893 3000 5938 scatentem
3021 5880 3238 5946 .belluis
3271 5887 3500 5948 pentum
3533 5889 3594 5926 ac
