4016 6524
528 373 550 438 1
567 373 674 440 303

1949 381 2361 448 APPENDIX.

3680 387 3804 452 130i

525 485 862 545 saevissimas
880 488 1154 557 procellas
1186 488 1253 542 ad
1280 489 1507 546 divitias
1529 491 1888 546 currendum.
1910 492 2108 562 Inopes
2139 500 2183 560 Α
2215 497 2410 564 pensio
2435 500 2539 558 est,
2563 507 2594 548 e
2625 492 2900 550 diametro
2930 493 3188 551 videlicet
3206 495 3460 566 opposita
3481 497 3806 568 capitalissi-

524 595 684 650 aqua:
707 579 869 634 rivuli
910 589 1075 651 tenue
1127 579 1261 637 illud
1295 581 1532 651 liquoris
1582 581 1735 637 ﬁlum
1788 598 1897 638 non
1931 585 2112 654 perfe-

523 673 750 730 runtad
784 689 975 736 mare;
1038 674 1243 730 flumen
1283 677 1505 746 plenum
1537 675 1612 731 sit
1655 684 1876 747 oportet
1932 686 1994 732 ut
2041 677 2110 733 ad

523 780 792 822 oceanum
833 768 1136 837 pertingat.
1189 767 1270 822 Ita
1303 784 1517 838 pauper
1547 808 1564 833 ,
1610 783 1714 825 nec
1766 769 1932 840 hujus
1984 770 2110 825 vitae

469 887 475 894 -
525 859 840 912 commoda.
866 875 970 915 nec
1005 860 1208 916 futura:
1233 860 1553 917 felicitatem
1579 862 1722 927 potis
1746 871 1829 918 est
1849 862 2108 933 assequi:

522 949 619 1006 sed
651 958 896 1019 spretus,
927 949 1186 1014 amictus,
1236 967 1458 1016 exosus,
1519 953 1685 1008 etiam
1710 968 1858 1008 sanie
1907 955 2111 1011 mentis

523 1053 581 1098 et
636 1044 795 1100 bonae
851 1043 1008 1098 fama:
1069 1044 1425 1116 dispendium
1498 1048 1728 1117 patitur,
1775 1047 2109 1103 necessitate

519 1135 755 1191 adactus
811 1137 877 1190 ad
948 1138 1334 1206 peccandum:
1391 1153 1516 1193 nam
1575 1153 1687 1194 sua:
1721 1139 1800 1194 illi
1840 1140 2108 1212 angustia:

521 1245 894 1300 rerumnaaque
933 1243 1148 1286 mature
1183 1230 1460 1302 c0gitandi
1501 1245 1564 1286 ac
1598 1247 1695 1302 per
1747 1230 1855 1288 hoc
1882 1232 2110 1301 sapien-

521 1333 605 1376 ter
636 1323 982 1388 consulendi,
1014 1323 1250 1393 spatium
1288 1333 1345 1378 ct
1373 1322 1690 1379 facultatem
1719 1323 1986 1387 demunt;
2014 1341 2109 1379 ex-

521 1417 711 1472 clusus
746 1432 882 1471 sano
912 1417 1168 1479 consilio.
1203 1417 1589 1487 imprudenter
1631 1426 1918 1488 operatur,
1948 1417 2106 1473 utilia

453 1503 464 1512 ’
521 1510 671 1565 factu
697 1511 927 1577 omittit,
952 1511 1063 1578 lam
1095 1526 1218 1580 quae
1250 1511 1305 1565 in
1349 1509 1619 1566 divitibus
1649 1511 1968 1574 laudantur,
2015 1526 2106 1566 ea.

521 1602 647 1657 dem
672 1600 964 1656 offendunt
986 1612 1043 1656 et
1067 1602 1454 1671 vituperantur
1484 1601 1539 1657 in
1569 1617 1768 1673 egeno.
1793 1599 1877 1657 Sit
1899 1617 2110 1672 pauper

519 1695 667 1752 bello
697 1695 875 1760 furtis,
910 1696 1095 1750 audiet
1119 1697 1450 1751 temerarius
1493 1706 1548 1752 et
1594 1712 1878 1767 praeceps;
1907 1696 1980 1750 sit
2013 1697 2110 1750 be-

519 1785 750 1848 neficus,
791 1784 1053 1854 prodigus
1081 1784 1341 1851 dicetur;
1377 1786 1449 1841 sit
1487 1795 1806 1841 mansuetus
1826 1793 1883 1840 et
1907 1783 2105 1850 comis,

527 1880 658 1934 vilis
687 1879 941 1934 adulator
975 1877 1363 1954 reputabitur:
1395 1878 1592 1933 doctus
1628 1893 1729 1947 pro
1748 1875 1976 1932 rancido
2006 1892 2108 1930 an-
2143 1855 2184 1909 Β

519 1971 786 2040 tiquario,
815 1970 1084 2040 eloquens
1139 1985 1237 2038 pro
1290 1970 1670 2041 nugivendulo
1721 1969 1912 2024 rabula
1939 2008 1954 2031 ,
1993 1983 2110 2022 ma-

517 2070 681 2122 turus
711 2080 775 2122 ac
803 2067 998 2122 tardus
1028 2068 1083 2120 in
1115 2065 1397 2136 loquendo
1423 2105 1437 2130 ,
1462 2079 1563 2133 pro
1609 2063 1812 2118 hebete
1850 2078 1915 2118 ac
1940 2061 2110 2117 stulto

517 2158 864 2228 traducitur;
901 2171 960 2215 ut
984 2160 1159 2215 satius
1191 2161 1263 2215 sit
1302 2159 1468 2212 vitam
1491 2158 1841 2223 abrumpere
1866 2197 1881 2219 ,
1923 2169 2112 2210 accer-

516 2253 690 2310 senda
751 2264 950 2317 morte,
1009 2268 1197 2323 quam,
1227 2261 1290 2307 ut
1320 2252 1409 2307 ille
1437 2251 1534 2315 ait,
1558 2251 1675 2306 sole
1709 2250 1785 2304 uti
1821 2247 2112 2303 dedecoris

517 2347 604 2402 sui
645 2355 806 2412 teste,
840 2348 1150 2416 praisertim
1186 2344 1410 2415 quando
1449 2358 1516 2398 eo
1544 2343 1841 2398 deventum
1872 2341 2111 2396 miseriae

517 2449 624 2502 est.
658 2449 720 2494 ut
760 2439 1076 2494 mendicare
1103 2453 1132 2493 a
1163 2435 1564 2508 superbissimo
1587 2435 1854 2490 nobilium
1879 2433 2112 2504 opulen-

520 2542 702 2586 torum
726 2546 930 2602 genere
959 2530 1031 2587 sit
1061 2544 1314 2585 necesse.

587 2621 658 2678 Χ.
692 2623 764 2678 Ea
796 2624 925 2677 dum
958 2638 1172 2677 mecum
1208 2632 1439 2678 maestus
1460 2631 1679 2692 reputo.
1703 2619 2102 2691 progressusin

517 2715 698 2771 locum
729 2715 875 2770 unde
899 2715 1288 2770 inobservatus
1318 2712 1506 2768 videre
1539 2723 1787 2784 poteram
1833 2727 1957 2781 quae
2018 2711 2112 2764 lie-

517 2809 672 2876 bant,
714 2807 1081 2863 animadverti
1120 2808 1392 2878 hoSpitem
1411 2816 1692 2862 auctorem
1734 2803 2106 2861 consiliintihi

515 2900 742 2968 funesti,
789 2905 1052 2972 partitum
1105 2917 1231 2956 cum
1282 2901 1532 2956 solitario
1577 2915 1754 2956 meam
1784 2898 2106 2969 pecuniam,

513 3003 728 3065 partem
752 3011 906 3050 suam
932 2997 988 3048 in
1014 3009 1338 3049 crumenam
1376 2977 1718 3057 condidisse:
1758 3008 1924 3063 quam
1986 3008 2107 3046 cer-

515 3087 676 3142 vicali
712 3087 1053 3142 decumbens
1083 3085 1394 3158 supposuit.
1432 3084 1760 3155 ExSpectavi
1815 3083 1946 3139 dum
2008 3084 2108 3138 ob-

2217 601 2307 641 mo
2334 585 2593 642 vitiorum
2618 601 2683 643 ac
2707 587 3003 650 scelerum.
3023 589 3356 660 congerendi
3390 590 3506 654 siti,
3550 601 3607 646 et
3640 592 3806 662 raptis

2215 680 2499 737 incubanti
2536 682 2914 752 parcimonizc.
2959 682 3184 738 initium
3208 683 3604 754 estsapientiae
3628 685 3805 742 inten-

2214 774 2349 832 dere
2379 775 2604 837 futuris,
2641 775 2922 846 negligere
2951 775 3278 846 praesentia;
3331 776 3806 846 magnanimitatis

2213 885 2354 939 apex
2397 884 2672 935 summus,
2703 869 2928 939 aggredi
2961 885 3244 939 quemque
3270 883 3330 925 se
3355 868 3522 940 digna
3547 885 3675 939 qua!
3693 887 3805 941 pos-

2216 965 2290 1017 sit
2313 963 2611 1032 consequi,
2639 972 2907 1018 conatum
2935 979 3046 1018 non
3077 963 3313 1032 perdere
3346 962 3398 1017 in
3427 963 3621 1018 arduis
3666 964 3803 1019 ultra

2215 1067 2394 1120 spem.
2427 1052 2632 1108 Plenus
2667 1051 2820 1108 hisce
2850 1052 3286 1123 cogitationibus
3309 1054 3497 1125 appuli
3556 1053 3802 1110 animum

2214 1146 2284 1200 ad
2309 1146 2607 1202 consilium
2659 1147 2789 1201 vitae
2834 1148 2984 1203 serio
3026 1147 3326 1204 mutandae.
3384 1148 3570 1204 Vitare
3626 1147 3804 1202 homi-

2216 1254 2347 1292 num
2376 1237 2748 1294 contubernia
2771 1237 3031 1306 decrevi;
3071 1238 3309 1308 migravi
3349 1253 3417 1294 ex
3447 1241 3588 1295 urbe
3627 1238 3684 1293 in
3714 1252 3802 1294 so-

2215 1330 2535 1396 litudinem,
2596 1321 2630 1386 ὅ
2688 1332 2903 1403 magnis
2962 1331 3181 1388 :edihus
3224 1332 3279 1388 in
3337 1341 3558 1403 agreste
3605 1348 3804 1388 cavum

2217 1424 2364 1479 ruris
2391 1424 2520 1479 avii.
2572 1423 2690 1480 Illic
2745 1423 2932 1496 paravi
2991 1425 3130 1481 mihi
3180 1425 3498 1482 columbam
3543 1426 3803 1492 amicam,

2213 1533 2341 1572 cum
2378 1532 2487 1588 qua
2532 1517 2670 1574 mihi
2711 1519 2987 1574 vetustior
3031 1533 3200 1589 quam
3264 1532 3393 1574 cum
3443 1518 3552 1574 hoc
3611 1533 3800 1581 corvo.

2216 1621 2278 1666 ut
2306 1627 2372 1666 ex
2397 1611 2517 1682 ipso
2545 1611 2742 1667 audire
2790 1612 3043 1681 potuisti,
3092 1611 3454 1668 necessitudo
3491 1611 3800 1668 coaluerat.

2216 1705 2388 1760 Plane
2409 1719 2688 1759 summum
2721 1705 2853 1760 vita:
2872 1705 3102 1768 bonum,
3154 1704 3415 1774 voluptas
3451 1703 3720 1770 maxima,
3748 1705 3800 1760 iu

2218 1797 2575 1852 moderandis
2606 1797 2896 1854 immensis
2921 1797 3217 1853 desideriis
3247 1807 3335 1853 est
3353 1801 3482 1853 sita.
3514 1796 3672 1852 Felix
3699 1797 3804 1852 erit

2215 1891 2310 1960 qui
2364 1905 2538 1961 pauca
2586 1906 2737 1946 mere
2773 1891 3089 1946 necessaria
3124 1904 3377 1961 quaerere
3405 1889 3544 1944 satis
3587 1889 3801 1944 habue-

2216 1985 2322 2048 rit;
2352 1982 2520 2038 obvia
2574 1983 2724 2038 enim
2775 1983 2894 2038 haec
2959 1991 3265 2038 occurrunt
3313 1981 3519 2036 volenti
3578 1981 3823 2043 cuivisz.

2213 2077 2422 2146 quippe
2441 2075 2638 2130 beatus
2673 2083 2888 2128 natura:
2923 2081 3119 2128 auctor
3153 2073 3358 2141 ubique
3402 2072 3660 2126 locorum
3694 2071 3802 2126 ha'e

2213 2170 2492 2238 exposuit,
2521 2165 2711 2221 cibum
2737 2165 2997 2220 videlicet
3026 2173 3082 2235 et
3105 2178 3328 2234 aquam.
3363 2163 3537 2233 Finge
3558 2161 3798 2232 aliquem

2215 2261 2387 2314 totius
2423 2257 2613 2313 mundi
2645 2257 2935 2312 dominum
2974 2272 2988 2308 :
3043 2270 3176 2310 num
3228 2269 3288 2309 se
3352 2265 3538 2309 tamen
3581 2253 3800 2309 cunctis

2211 2367 2336 2420 quae
2363 2351 2578 2420 uspiam
2608 2358 2739 2405 sunt
2767 2348 2911 2404 escis
2949 2346 3344 2418 iugurgitabit?
3393 2363 3525 2400 num
3571 2344 3798 2400 ﬂumina

2211 2452 2268 2498 et
2297 2443 2443 2499 dolia
2475 2442 2660 2498 omnia
2693 2440 2960 2495 immensa
2990 2439 3234 2510 ingluvie
3280 2438 3628 2494 exhauriet?
3663 2437 3801 2493 Pau-

2212 2536 2293 2591 cis
2342 2535 2507 2590 etilli
2541 2533 2856 2589 necessario
2883 2533 3131 2597 aluntur,
3188 2532 3284 2602 qui
3340 2531 3582 2600 plurima
3621 2528 3798 2600 possi-

2211 2631 2362 2685 dent.
2397 2627 2541 2696 Quid
2590 2627 2934 2697 iglturjuvat
2957 2625 3013 2680 in
3045 2626 3313 2679 immensa
3346 2638 3405 2678 se
3464 2621 3789 2683 extendere.

2213 2721 2562 2776 modicorum
2594 2734 2853 2788 capacem
2885 2716 3094 2772 ?Crevi
3120 2715 3224 2770 sub
3253 2716 3369 2770 haec
3391 2715 3543 2769 veris
3575 2714 3796 2784 Opibus,

2211 2830 2448 2871 numero
2481 2813 2831 2868 amicorum:
2865 2826 2992 2865 nam
3025 2818 3084 2867 et
3138 2819 3264 2880 post
3297 2809 3617 2865 columbam
3665 2823 3797 2863 con-

2213 2908 2353 2962 traxi
2406 2923 2532 2963 cum
2589 2920 2760 2961 corvo
2814 2904 3162 2965 societatem,
3239 2917 3351 2972 quo
3411 2901 3632 2956 ferente
3691 2900 3796 2954 huc

2210 3003 2360 3066 veni,
2421 3009 2480 3054 et
2565 3006 2782 3061 tecum,
2819 2997 3146 3052 charissima
3204 2997 3445 3059 testudo,
3493 2995 3587 3049 hic
3639 2993 3795 3048 fami.

2209 3093 2513 3148 liaritatem
2538 3091 2836 3156 contraho,
2863 3089 3088 3146 euntqu
3117 3105 3223 3144 non
3271 3089 3472 3158 exiguo
3498 3088 3790 3143 bonorum.

514 3178 840 3235 dormivissc
859 3180 1162 3234 videretur.
1206 3179 1364 3233 Tunc
1412 3179 1550 3232 clam
1573 3177 1776 3233 accessi
1807 3178 1926 3232 sine
1965 3189 2174 3258 stre-c
2283 3184 2378 3240 XI.
2415 3184 2512 3239 His
2577 3183 2786 3240 auditis
2839 3181 3059 3238 testudo
3112 3180 3255 3235 muri
3313 3182 3498 3236 dixit:
3546 3179 3790 3249 Cognovi

514 3275 658 3344 pitu,
683 3282 739 3328 et
767 3272 983 3328 trahere
1017 3273 1084 3327 ad
1121 3289 1209 3328 tne
1241 3272 1520 3328 mordicus
1561 3273 1971 3342 apprehensum
2010 3287 2097 3326 co-

515 3374 680 3420 natus
713 3365 1019 3432 sacculum,
1046 3381 1158 3421 non
1204 3364 1371 3422 fefelli
1420 3374 1689 3420 attentum
1756 3365 1852 3422 rei.
1888 3380 2101 3428 senem,

514 3456 609 3526 qui
644 3466 894 3527 paratum
927 3457 980 3512 in
1019 3457 1153 3513 istos
1186 3473 1318 3513 usus
1348 3456 1604 3513 baculum
1654 3457 1708 3512 in
1745 3469 1910 3527 caput
1932 3457 2104 3528 impe-

513 3549 592 3620 git
622 3551 822 3605 misero
859 3550 1016 3616 mihi,
1074 3551 1221 3606 unde
1252 3552 1342 3606 vix
1371 3552 1558 3606 salvus
1599 3567 1684 3606 me
1715 3553 1915 3620 recepi.
1973 3549 2104 3606 Post

515 3644 682 3700 horas
703 3644 1128 3714 aliquotiterum
1151 3645 1354 3700 tentavi
1378 3643 1559 3699 bursaa
1585 3643 1778 3713 ligulas
1800 3645 2098 3700 attrahere.

513 3741 583 3792 At
617 3737 730 3802 ille,
761 3737 1003 3792 dracone
1033 3737 1368 3808 vigilantior,
1415 3737 1613 3792 iterato
1650 3746 1704 3792 et
1766 3736 1962 3792 fortius
2018 3737 2102 3791 in-

512 3846 675 3886 cusso
695 3831 856 3886 fustis
889 3832 1022 3896 ictu,
1057 3841 1163 3886 tam
1197 3832 1440 3903 graviter
1488 3831 1621 3887 mihi
1671 3832 1913 3900 sinciput
1970 3847 2102 3886 cun-

514 3925 680 3984 tudit,
717 3935 774 3979 ut
804 3940 995 3992 magna
1021 3925 1072 3979 vi
1099 3926 1384 3996 sanguinis
1435 3941 1666 3980 excussa
1708 3925 1938 3981 naribus
1965 3924 2104 3980 deli-

510 4018 704 4088 quium
743 4027 982 4086 paterer,
1019 4034 1273 4089 aegreque
1297 4019 1495 4074 tacitus
1521 4034 1606 4072 me
1647 4033 1782 4073 cavo
1829 4019 2097 4073 reconde-

511 4121 652 4170 rem,
686 4105 779 4160 ulti
808 4122 907 4176 per
944 4107 1106 4162 horas
1149 4109 1358 4178 aliquot
1395 4124 1533 4180 pene
1568 4109 1806 4164 animam
1845 4109 2096 4180 agebam.

510 4199 712 4270 Recepi
745 4200 962 4256 tandem
995 4217 1080 4256 me
1112 4203 1415 4272 paululum.
1445 4219 1584 4258 auro
1621 4202 1908 4258 maledicta
1949 4203 2102 4274 inge-

510 4292 730 4347 minans
762 4302 839 4347 tot
873 4293 1218 4350 miseriarum
1276 4311 1484 4361 causae;
1544 4305 1866 4366 tantumque
1896 4295 1950 4349 in
1983 4309 2101 4350 sce-

508 4382 744 4437 leratum
772 4383 823 4437 id
865 4386 1144 4440 metallum
1178 4387 1287 4442 odii
1345 4387 1593 4457 concepi,
1642 4397 1703 4442 ut
1732 4387 1994 4456 deinceps
2027 4387 2093 4442 ad

510 4476 850 4530 mentionem
877 4478 998 4544 ejus
1019 4478 1498 4541 exhorrescerem,
1531 4493 1634 4533 nec
1661 4477 1934 4533 nominari
1958 4477 2091 4530 mihi

509 4567 794 4621 sustinens
826 4570 1074 4622 omnium
1106 4571 1229 4626 vitae
1274 4571 1566 4633 malorum.
1595 4581 1654 4626 ut
1677 4571 1807 4626 mihi
1840 4582 1952 4626 tum
1975 4572 2092 4628 fero
2125 4593 2171 4650 υ

509 4659 822 4726 videbatur,
854 4661 1175 4732 pestiferum
1207 4664 1434 4718 fontem:
1471 4663 1836 4734 Ernmpebam
1872 4678 2094 4733 quoque

509 4753 858 4809 stomachum
892 4755 946 4809 in
973 4770 1192 4810 avaram
1215 4755 1597 4826 cupiditatem,
1632 4765 1836 4812 certam
1885 4767 2092 4812 morta-

508 4849 646 4905 lium
678 4849 1000 4918 perniciem,
1030 4849 1276 4919 dirisque
1320 4849 1656 4905 devovebam
1709 4851 1914 4921 primos
1961 4865 2094 4906 auc-

509 4951 662 4998 tores
686 4943 1156 5011 congerendarum
1205 4959 1372 5012 opum
1405 4953 1592 5014 atque,
1621 4954 1681 4998 ut
1735 4953 1866 4997 tunc
1912 4957 2088 5008 eram,

506 5033 644 5088 mihi
675 5033 924 5098 videbar,
951 5034 1085 5088 nihil
1113 5051 1219 5089 non
1249 5035 1432 5104 potius
1474 5034 1887 5104 praesentissimi
1940 5033 2091 5103 peri-

509 5116 796 5180 euli’terra
835 5126 1086 5195 marique
1143 5127 1416 5191 aditurus,
1463 5141 1626 5196 quam
1684 5126 1768 5180 vel
1824 5125 1970 5179 ultro
2033 5138 2093 5180 se

507 5217 834 5272 offerentem
862 5213 979 5270 auri
1003 5217 1215 5286 copiam
1250 5217 1573 5287 contingere
1609 5217 1896 5272 auderem.
1933 5215 2091 5270 Tunc

507 5313 598 5367 illa
634 5328 755 5382 quze
775 5313 905 5367 olim
935 5313 1121 5367 audita
1145 5323 1578 5382 contempseram
1601 5312 1908 5382 sapientum
1926 5310 2091 5366 en'ata

509 5404 859 5475 resipiscenti
894 5405 1254 5460 recurrebant
1276 5405 1482 5472 animo,
1537 5414 1801 5474 certoque
1823 5404 1940 5474 jam
1967 5418 2090 5458 cre-

509 5495 1016 5566 debam,optimum
1045 5498 1283 5560 mortali,
1333 5497 1522 5566 paucis
1556 5505 1875 5551 contentum
1927 5510 2088 5552 esse:

508 5587 674 5642 vitam
697 5589 942 5644 avaritiae
977 5599 1277 5660 expertem,
1319 5591 1508 5660 vigere
1561 5589 1908 5654 fortitudine,
1959 5604 2092 5644 con-

509 5691 656 5736 ttare
686 5681 969 5752 patientia,
1000 5683 1147 5738 omni
1178 5697 1376 5754 genere
1401 5683 1580 5737 laudis
1607 5682 1906 5744 honestari.
1932 5698 1964 5738 e
1999 5697 2088 5736 ca-

511 5775 663 5830 sibus
683 5775 1113 5845 perplcvissimis
1126 5775 1386 5844 expedire
1413 5774 1628 5829 felicem
1645 5774 1877 5828 exitum.
1897 5773 2086 5827 Enim-

511 5879 642 5924 vero
689 5866 966 5940 princeps,
1013 5877 1069 5923 ut
1113 5876 1286 5933 aunt,
1340 5867 1605 5922 virtutum
1651 5865 1914 5938 largiendi
1967 5882 2090 5938 pro-

2211 3280 2451 3335 libenter
2489 3291 2612 3348 qua:
2656 3274 2894 3332 narrasti
2925 3275 3013 3330 sui
3051 3274 3318 3328 varietate
3357 3272 3639 3342 speciosa,
3667 3279 3793 3324 tua:-

2209 3387 2320 3443 que
2360 3371 2581 3426 virtutis
2603 3379 2656 3425 et
2684 3369 2998 3439 prudentia:
3062 3366 3405 3422 indicatiene
3460 3365 3563 3419 tibi
3611 3363 3791 3432 ampla

2208 3478 2276 3517 ac
2331 3459 2763 3532 perhonorifica.
2802 3458 3000 3516 Gavisa
3035 3458 3204 3513 etiam
3262 3471 3384 3511 sum
3441 3454 3792 3510 animadver-

2211 3566 2352 3613 tens.
2405 3569 2473 3608 cx
2508 3553 2755 3608 adversis
2792 3551 3091 3623 profecisse
3145 3561 3219 3616 te,
3277 3560 3334 3604 et
3389 3558 3688 3619 perceptas
3729 3563 3791 3601 cx

2208 3647 2406 3701 horum
2431 3644 2774 3715 experientia
2817 3643 3046 3698 notitias
3106 3642 3340 3696 memori
3395 3641 3586 3694 animo
3643 3655 3794 3694 man-

2205 3741 2391 3804 dasse,
2415 3749 2716 3807 tenereque
2749 3736 2890 3792 adeo
2913 3745 3213 3807 prmsentes
3241 3733 3628 3804 intelligentia-
3648 3746 3793 3787 nunc

2206 3845 2448 3900 quoque.
2481 3831 2659 3886 Unum
2687 3828 2834 3898 quod
2863 3838 3074 3884 restare
3124 3826 3193 3881 ad
3258 3826 3430 3881 decus
3485 3825 3792 3895 perfectum

2205 3924 2394 3987 video,
2422 3937 2537 3977 non
2572 3922 2824 3994 omittam
2871 3920 3172 3976 admonere
3205 3927 3276 3974 te.
3302 3918 3408 3973 Fac
3457 3918 3606 3998 bene
3638 3919 3788 3985 cogi-

2205 4018 2356 4078 tatis,
2390 4014 2826 4075 exsecutionem.
2853 4013 3094 4083 sigillum
3113 4025 3391 4083 apponas;
3419 4025 3618 4081 parum
3639 4010 3788 4064 enim

2205 4104 2462 4176 proderit
2487 4114 2634 4160 recte
2667 4103 2976 4174 providisse
3005 4103 3230 4159 vitanda
3259 4103 3663 4174 sequendaque
3685 4119 3787 4159 nec

2203 4198 2587 4268 prosequenti,
2617 4212 2720 4251 nec
2752 4195 2983 4267 fugienti
3030 4212 3154 4267 quae
3181 4196 3289 4268 ipsi
3347 4197 3574 4267 expedit
3615 4197 3788 4251 decli-

2204 4303 2338 4343 nare
2371 4288 2456 4344 vel
2481 4289 2739 4357 amplecti
2777 4305 2791 4342 :
2823 4303 2952 4342 nam
2974 4287 3286 4360 quidjuvat
3308 4299 3581 4360 tegi-etum
3603 4288 3782 4342 morbi

2203 4382 2288 4436 sui
2317 4380 2584 4451 cognitio,
2611 4381 2838 4451 abigere
2874 4381 3027 4437 illum
3052 4397 3153 4452 per
3187 4397 3304 4436 eam
3335 4398 3446 4437 non
3477 4381 3784 4436 valentem?

2203 4473 2282 4529 Ne
2309 4484 2362 4529 te
2393 4473 2563 4544 igitur
2591 4474 2715 4528 auri
2741 4473 2870 4530 olim
2890 4475 3092 4544 perditi
3123 4475 3461 4530 desiderium
3494 4475 3783 4538 sollicitet,

2203 4581 2330 4620 nam
2361 4565 2448 4620 vir
2472 4578 2814 4637 exaggerata:
2855 4567 3079 4623 virtutis
3125 4569 3246 4623 sine
3277 4584 3415 4623 auro
3446 4569 3784 4624 venerabilis

2201 4667 2254 4714 et
2279 4658 2465 4713 clarus
2485 4667 2591 4723 est,
2623 4669 2683 4712 ut
2727 4660 3013 4714 dormiens
3077 4662 3164 4716 leo
3223 4662 3496 4716 timetur:
3549 4661 3784 4717 vitiosus

2197 4760 2382 4806 autem
2416 4751 2591 4815 dives,
2627 4761 2687 4806 ut
2715 4753 2889 4818 canis,
2925 4769 3061 4809 auro
3089 4753 3251 4809 illusa
3314 4753 3596 4809 incinctus
3653 4753 3779 4808 vitta

2196 4846 2345 4914 vulgi
2385 4845 2626 4900 ludibrio
2646 4847 2973 4902 traducitur.
3007 4847 3123 4902 Nec
3153 4857 3206 4902 te
3237 4845 3576 4918 peregrinari
3605 4846 3782 4916 ρωπί-

2201 4945 2355 4992 teat:
2417 4940 2602 4994 nullus
2656 4941 2878 5010 sapiens
2927 4956 3158 5010 nsquam
3207 4939 3630 5009 peregrinatur;
3665 4937 3783 4992 ubi-

2197 5046 2308 5100 que
2331 5031 2525 5085 urbem
2561 5033 2775 5088 invenit
2830 5035 2992 5104 cujus
3018 5034 3159 5089 civis
3211 5034 3302 5089 sit.
3375 5032 3555 5087 Nolim
3612 5031 3778 5084 etiam

2197 5121 2367 5176 nimis
2400 5123 2680 5178 recordari
2717 5133 2770 5179 te
2802 5125 3074 5195 priorum,
3129 5135 3228 5181 aut
3275 5125 3436 5180 anxie
3489 5123 3779 5178 revolvere

2197 5215 2385 5270 animo
2425 5215 2651 5271 divitias
2707 5232 2847 5287 quas
2913 5217 3196 5284 habueris,
3253 5234 3391 5288 quas
3445 5216 3776 5286 perdideris.

2197 5307 2324 5362 llam
2350 5307 2491 5364 adeo
2520 5310 2924 5366 contemnenda
2983 5321 3134 5376 sunt,
3193 5321 3252 5366 ut
3323 5310 3647 5366 meminisse
3708 5324 3777 5363 ne

2197 5399 2494 5470 dignemur
2534 5403 2782 5472 quidem.
2812 5403 3005 5460 Aistus
3058 5405 3242 5460 fervet
3275 5403 3333 5458 in
3368 5405 3581 5457 mundo
3637 5403 3776 5457 reci-

2197 5511 2400 5564 procus
2440 5498 2756 5554 mortalium
2815 5508 3145 5554 cunctorutn
3210 5515 3225 5554 :
3267 5497 3470 5563 ﬂuunt,
3521 5497 3775 5560 efﬂuunt,

2194 5588 2476 5653 oriuntur,
2507 5590 2789 5645 occidunt.
2815 5590 2980 5646 Orbis
3010 5591 3128 5646 lucc
3165 5591 3503 5646 universitas
3569 5591 3776 5645 dicitur

2192 5689 2250 5736 et
2279 5689 2398 5738 est.
2427 5681 2580 5737 orbis
2605 5683 2713 5737 ritu
2747 5684 2859 5738 cito
2888 5684 3130 5750 subsilit,
3159 5691 3443 5738 tuomento
3501 5683 3770 5744 volvitur,

2193 5773 2346 5846 inqui
2375 5775 2597 5832 :tissima
2647 5779 2916 5850 vertigine
2973 5787 3209 5835 rotatur.
3269 5781 3474 5835 Rerum
3522 5779 3770 5834 omnium

2195 5866 2577 5926 incertissima:
2611 5871 2894 5938 dicuntur,
2957 5873 3175 5928 animus
3233 5873 3624 5936 adolescentis,
3655 5870 3744 5927 om
