4016 6534
265 418 409 486 1305

1188 417 1574 478 SPECIMEN
1619 414 2054 477 SAPIENTH‘I
2098 413 2454 475 INDORUM
2498 410 2644 469 VET

3380 397 3522 464 1306

261 530 426 581 cioste
462 524 829 580 fabulationcs
862 524 1263 596 improborum,
1309 543 1467 579 amor
1522 527 1839 585 mulierum,
1870 529 1918 585 Α
1947 527 2145 595 queis?
2172 525 2482 580 Prudentia:
2511 532 2617 577 tuae
2657 521 2837 574 fuerat
2909 530 3020 571 non
3090 512 3197 568 nisi
3237 512 3524 582 explorato

261 617 396 674 falsa
423 618 565 685 laus,
606 617 813 671 divitiae
856 619 975 671 sine
1015 617 1249 673 virtute.
1290 619 1387 674 His
1414 634 1590 688 neque
1618 618 1843 671 aflluen-

274 710 427 764 tibus
450 708 694 779 prudens
726 709 953 778 gaudet,
998 724 1102 764 nec
1135 710 1433 764 subtractis
1480 718 1575 763 aut
1610 709 1843 778 maligne

262 801 723 874 provenientibus
783 801 1059 870 queritur.
1135 802 1286 855 Talia
1327 802 1631 856 disserente
1676 811 1847 853 testu-

263 892 417 957 dine,
450 893 759 946 delectatus
788 893 1055 961 majorem
1084 891 1137 945 in
1188 895 1412 946 modum
1440 907 1638 947 corvus
1664 874 1845 944 excla:

268 985 479 1039 mavit:
510 984 651 1050 Ohe,
698 995 758 1039 ut
794 985 933 1039 nihil
970 985 1189 1040 dulcius
1213 987 1268 1040 in
1317 987 1431 1041 vita
1488 994 1573 1040 est
1599 984 1844 1056 jucunda

269 1076 721 1131 confabulatione
745 1087 799 1131 et
832 1088 1021 1133 mutua
1040 1078 1474 1133 commonitioue
1491 1079 1796 1131 amicorum
1826 1077 1840 1129 l

267 1182 396 1220 nam
428 1166 603 1221 bonos
636 1182 747 1220 non
784 1167 877 1221 alii
912 1182 1077 1236 quam
1138 1167 1267 1221 boni
1292 1168 1485 1235 juvant
1516 1175 1610 1220 aut
1642 1168 1695 1219 in
1726 1182 1843 1219 am-

270 1259 440 1329 biguo
470 1259 738 1330 dirigunt,
765 1261 911 1315 sicut
933 1260 1281 1326 elephantem
1306 1260 1716 1331 lapsumnullus
1738 1257 1843 1313 nisi

263 1349 497 1419 elephas
526 1351 917 1421 valeterigere.

340 1445 458 1501 XII.
484 1447 609 1502 Hice
631 1459 687 1503 et
708 1449 798 1503 his
828 1448 1032 1504 similia
1062 1450 1327 1520 loquente
1350 1467 1540 1516 corvo,
1590 1450 1844 1521 apparuit

268 1540 485 1609 procul,
523 1554 694 1594 cursu
716 1542 780 1595 ad
804 1541 1012 1597 fontem
1037 1544 1308 1598 citissimo
1341 1543 1841 1613 festinanscaprea,

267 1630 432 1700 cujus
463 1633 697 1700 strepitu
739 1642 795 1688 et
820 1634 1066 1690 novitate
1099 1636 1370 1705 inopinati
1422 1637 1694 1691 adventus
1730 1647 1839 1690 tre-

266 1722 383 1791 pidi
414 1724 598 1777 cuncti
639 1726 789 1780 varie
831 1726 1059 1781 abeunt.
1108 1727 1357 1782 Testudo
1417 1743 1476 1783 se
1522 1729 1683 1798 aquis
1740 1729 1844 1782 im-

268 1816 486 1883 mersit,
512 1833 633 1873 mus
666 1834 860 1873 cavum
918 1820 991 1875 ibi
1059 1831 1339 1889 repertum
1402 1822 1595 1886 subiit,
1647 1838 1845 1876 corvus

264 1907 509 1961 evolavit
535 1910 588 1962 In
623 1925 899 1964 summum
933 1912 1170 1979 arboris,
1216 1916 1361 1969 unde
1385 1915 1704 1986 diligentius
1727 1932 1842 1969 rem

264 2001 579 2069 speculans,
631 2003 953 2072 explorabat
1010 2021 1141 2059 num
1201 2023 1321 2075 quin
1376 2008 1488 2063 fera
1536 2008 1750 2063 daniam
1820 2025 1849 2062 a

266 2100 423 2163 tergo
462 2094 779 2164 insequens,
829 2098 883 2151 in
920 2098 1085 2152 istum
1132 2115 1355 2154 cursum
1421 2112 1661 2171 urgeret.
1709 2101 1845 2157 Cum

268 2186 409 2241 nihil
444 2188 551 2241 tale
585 2196 794 2244 attente
844 2191 1304 2261 circumspiciens
1357 2205 1626 2257 notasset,
1664 2194 1845 2263 delap‘

264 2291 360 2332 sus
400 2278 775 2334 testitudinem
811 2291 866 2335 et
912 2299 1121 2339 murem
1157 2287 1394 2346 vocavit,
1442 2296 1517 2348 ct,
1551 2286 1846 2346 Confiditc,

265 2370 473 2438 inquit,
532 2388 637 2443 pax
698 2376 866 2452 rebus
910 2387 1033 2445 est;
1079 2393 1107 2432 a
1170 2380 1329 2433 dama
1382 2381 1528 2450 quod
1593 2381 1852 2434 timeatur
1906 2445 1912 2452 ἱ

264 2461 405 2523 nihil
438 2478 559 2517 esse
580 2464 755 2531 scitis,
792 2482 957 2535 porro
988 2483 1109 2523 eam
1151 2485 1253 2524 nec
1287 2470 1399 2523 fera
1444 2486 1547 2525 nec
1601 2471 1684 2524 vis
1738 2470 1846 2525 ulla

265 2552 401 2616 alia,
432 2569 597 2622 quam
630 2552 938 2612 formidare
989 2559 1314 2625 debeamus,
1369 2563 1699 2632 insequitur.
1754 2561 1851 2616 Ca-

264 2658 412 2711 preae
438 2661 660 2715 quoque
693 2650 807 2719 jam
840 2654 1087 2721 appulsae
1122 2654 1403 2708 nuntiavit
1434 2655 1571 2709 nihil
1608 2655 1847 2709 circum-

193 2748 199 2753 ·
266 2744 416 2790 stare
448 2741 704 2808 periculi,
740 2752 939 2797 cuneta
1000 2759 1059 2799 se
1115 2744 1223 2801 late
1281 2762 1348 2801 ex
1408 2747 1518 2803 alto
1559 2748 1846 2801 lustrasse.

268 2829 372 2884 Hie
395 2846 608 2887 emersa
664 2837 894 2890 testudo
918 2845 973 2892 et
1030 2838 1165 2893 fonti
1193 2839 1467 2904 innatans,
1496 2851 1847 2894 cunctantem

271 2926 612 2980 verecundia
664 2929 900 2997 quadam
971 2945 1223 3001 capream
1277 2932 1424 2986 sitim
1476 2933 1851 3000 exstinguere,

265 3014 787 3085 benigneinvitavit
838 3022 903 3075 ad
942 3021 1268 3088 bibendum,
1327 3024 1510 3080 Reﬁce
1541 3036 1591 3079 te
1633 3042 1849 3089 secura,

266 3107 552 3176 inquiens,
582 3111 648 3164 ad
690 3113 898 3169 amicos
956 3116 1182 3182 venisti,
1246 3132 1349 3172 nec
1387 3117 1689 3188 quidquam
1746 3120 1855 3174 cir-

1946 620 2225 673 incedere.
2274 618 2393 673 Scis
2464 615 2635 676 enim,
2710 611 2912 681 smpius
2978 616 3226 678 experta,
3293 604 3525 660 insidias

1946 714 2277 768 inhiantium
2304 720 2497 765 nostro
2522 706 2789 780 sanguini.
2810 706 2909 761 Cui
2941 718 3160 772 caprea,
3190 699 3362 767 Quam
3393 713 3524 768 pru-

1945 808 2209 871 dentiam,
2236 805 2439 871 inquit,
2480 801 2793 856 memoras?
2825 799 3039 853 inutilis
3064 813 3128 851 ea
3168 804 3253 849 est
3282 804 3338 846 et
3385 791 3522 845 effe-

1944 908 2032 954 ctu
2061 897 2482 964 caSsa.quoties
2507 894 2605 947 fati
2646 894 2765 958 lege
2820 892 2874 945 in
2920 889 3152 944 exitium
3198 884 3521 941 inevitabile

1947 991 2249 1045 trahimur.
2271 988 2384 1043 Hac
2418 988 2537 1041 vice
2558 998 2876 1040 sermonum
2910 982 3128 1035 testudo
3173 977 3521 1047 supervenit,

1946 1098 2101 1137 mure.
2128 1092 2353 1135 strenue
2391 1080 2677 1133 laborante
2715 1074 2890 1128 acutis
2913 1072 3174 1126 dentibus
3198 1071 3253 1124 in
3281 1070 3410 1123 fune
3443 1069 3522 1120 la-

1945 1171 2545 1243 queorumincidendo.
2576 1170 2763 1230 Dama,
2799 1181 2917 1220 eam
2948 1163 3281 1231 conspicata,
3318 1160 3519 1214 Malum

1945 1267 2169 1326 factum,
2199 1264 2297 1327 ait,
2326 1262 2469 1333 quod
2511 1262 2618 1316 huc
2647 1258 2869 1313 venisti.
2912 1254 3228 1309 charissima
3267 1251 3518 1317 testudo;

1945 1372 2073 1412 nam
2099 1365 2367 1426 quantum
2393 1354 2630 1425 conjicio
2677 1368 2743 1406 ex
2799 1348 3009 1405 recenti
3067 1345 3314 1400 tensione
3357 1344 3522 1413 hujus

1945 1448 2153 1519 laquei,
2186 1455 2419 1502 venator
2442 1446 2562 1516 ejus
2605 1444 2800 1498 artifex
2839 1457 2948 1496 non
3011 1439 3165 1494 abest
3211 1437 3424 1507 procul.
3470 1434 3522 1489 Is

1945 1554 2070 1596 cum
2101 1540 2286 1594 statim
2330 1536 2638 1596 advenerit,
2693 1548 2891 1589 cervus
2921 1532 3130 1591 volatu,
3173 1544 3295 1583 mus
3323 1528 3525 1581 libera-

1948 1641 2034 1686 tor
2066 1647 2220 1686 meus
2251 1639 2306 1685 et
2329 1646 2429 1700 ego
2466 1645 2590 1683 mox
2612 1627 2890 1697 expedita,
2950 1640 3120 1679 cursu
3157 1622 3319 1676 facile
3375 1618 3518 1672 effu-

1946 1727 2095 1795 gium
2117 1722 2506 1792 captabimus;
2565 1731 2619 1776 tu
2655 1721 2767 1774 sola
2811 1718 3089 1773 tarditatis
3140 1717 3345 1770 innatae
3387 1713 3522 1766 vitio

1948 1817 2131 1885 praeda
2165 1816 2240 1871 illi
2274 1824 2425 1871 certa
2463 1812 2803 1867 remanebis.
2846 1809 2986 1877 Quid
3016 1822 3255 1879 agerem,
3293 1821 3521 1874 respon-

1950 1908 2029 1963 dit
2063 1906 2285 1961 testudo
2319 1922 2332 1958 :
2367 1920 2557 1960 carere
2589 1903 2668 1958 tui
2700 1914 3001 1971 conspectu
3030 1914 3135 1952 non
3173 1904 3438 1965 poteram,
3468 1886 3543 1947 et'

1950 2000 2147 2072 quovis
2167 2008 2413 2069 emptum
2470 1998 2609 2052 bene
2635 1994 2881 2065 periculo
2923 2002 3055 2062 puto
3082 1990 3317 2044 fructum
3350 1987 3520 2041 animi

1950 2096 2043 2165 qui
2083 2092 2386 2163 percipitur
2419 2105 2717 2160 congressu
2773 2087 3100 2141 amicorum.
3152 2082 3275 2136 Iliee
3323 2098 3384 2135 ea
3445 2082 3525 2133 lo-

1951 2194 2154 2255 quente
2187 2182 2451 2251 strepitus
2485 2180 2795 2235 incedentis
2821 2194 2917 2247 per
2943 2177 3134 2230 silvam
3170 2174 3521 2227 hominisau-

1951 2278 2101 2332 ditur
2138 2275 2402 2345 primum,
2445 2287 2508 2327 ac
2538 2272 2721 2325 statim
2754 2277 3019 2323 venatore
3051 2271 3371 2334 apparente,
3400 2277 3523 2315 eor-

1948 2385 2051 2423 vus
2080 2367 2343 2430 avolavit,
2372 2381 2494 2420 mus
2527 2378 2661 2419 cave
2696 2363 2809 2417 illic
2858 2360 3085 2414 fortuito
3148 2372 3205 2410 se
3250 2353 3412 2410 condi
3437 2354 3519 2413 lit,
3576 2334 3584 2341 ’

1948 2460 2108 2514 dama
2137 2460 2314 2528 ruptis
2344 2456 2579 2513 vinculis
2601 2454 2862 2510 exsiliens
2891 2451 3121 2520 aufugit,
3154 2446 3371 2501 testudo
3423 2446 3522 2497 dea

1949 2554 2225 2623 prehensa
2252 2554 2488 2620 capitur,
2520 2559 2576 2603 et
2601 2548 2669 2601 ab
2699 2546 2823 2600 aliis
2855 2546 3372 2602 intentovcnatore,
3393 2537 3521 2590 fune

1951 2647 2228 2713 deligatur
2250 2642 2315 2697 ad
2354 2653 2612 2696 truncum
2648 2637 2887 2693 arboris.

2020 2738 2161 2793 XIII.
2196 2737 2368 2792 Paulo
2406 2745 2529 2805 post
2554 2748 2746 2787 aversa
2789 2732 2844 2784 in
2873 2743 3001 2797 spes
3053 2724 3364 2796 praedarum
3389 2721 3525 2774 alia-

1951 2849 2077 2886 rum
2105 2828 2547 2892 venatoris,ideo
2567 2825 2718 2879 varie
2745 2839 2839 2891 per
2860 2822 3053 2875 silvam
3078 2816 3337 2878 errantis,
3367 2828 3522 2875 cura,

1950 2924 2234 2981 silentium
2260 2937 2356 2983 per
2388 2910 2640 2973 inducias
2668 2917 2778 2969 illic
2805 2913 3065 2984 quasdam
3094 2910 3222 2964 luit.
3283 2907 3401 2973 Quo
3435 2905 3521 2958 usi

1952 3028 2199 3086 tempore
2234 3028 2374 3076 Inus,
2406 3025 2601 3078 caprea
2621 3017 2677 3062 et
2705 3021 2905 3061 corvus
2940 3019 3049 3056 non
3096 3001 3254 3068 longe
3322 3012 3350 3050 a
3404 2996 3524 3049 loco

1956 3111 2053 3164 ubi
2085 3105 2302 3163 tesmdo
2328 3103 2509 3158 stabat
2532 3101 2711 3154 vincta
2754 3095 3111 3153 conveniunt.
3152 3086 3525 3159 Comploratio

265 3209 508 3253 cumstat
553 3200 841 3257 infestum.
877 3205 1040 3270 Tum,
1086 3206 1193 3262 nisi
1226 3223 1396 3278 grave
1444 3219 1550 3275 est,
1601 3213 1853 3266 consola-
1880 3225 1924 3284 ρ
1956 3206 2047 3258 hic
2078 3200 2326 3255 omnium
2360 3212 2427 3250 ex
2455 3210 2585 3248 casu
2623 3191 2824 3246 acerbo
2882 3185 3214 3241 miserabilis
3273 3183 3395 3236 fuit.
3451 3182 3527 3235 Ac

268 3290 424 3347 beris
459 3306 560 3347 nos
588 3296 866 3351 narrando
890 3312 1155 3367 quorsum
1181 3299 1371 3354 venias
1385 3312 1441 3354 et
1467 3302 1629 3356 unde.
1659 3304 1847 3366 Dama,

270 3393 407 3455 potu
446 3395 716 3453 recreata,
778 3386 841 3442 In
902 3402 1225 3457 venatores,
1300 3394 1397 3455 ait,
1456 3395 1622 3450 hodie
1681 3397 1847 3451 incidi

269 3477 482 3545 plures,
517 3486 573 3532 et
604 3495 711 3533 non
746 3496 855 3534 uno
880 3481 1222 3538 insidiantes
1255 3483 1394 3548 loco,
1431 3501 1573 3555 quos
1597 3496 1659 3541 ut
1699 3489 1853 3557 fuge-

269 3585 393 3624 rem
454 3572 615 3640 longa
678 3575 1034 3631 contentione
1084 3593 1225 3647 opus
1270 3577 1397 3632 fuit.
1456 3579 1588 3633 Nam
1656 3580 1852 3635 incidit

271 3677 384 3716 non
449 3664 619 3718 semel
665 3676 725 3719 ut
778 3665 958 3720 locum
1018 3667 1111 3721 ubi
1185 3668 1456 3739 refugium
1514 3673 1850 3739 quaerebam.

275 3766 717 3826 praeoccupatum
770 3767 951 3824 nacta,
1026 3760 1154 3815 inde
1200 3773 1459 3817 renovato
1513 3763 1721 3833 impetu
1768 3779 1855 3818 re-

275 3846 500 3905 ﬂectere
552 3866 775 3905 cursum
808 3853 916 3907 alio
955 3869 1202 3924 cogerer,
1238 3856 1415 3922 quoad
1452 3855 1562 3909 huc
1616 3856 1854 3925 propitia

214 4006 219 4009 τ
277 3957 365 3996 me
400 3942 654 4011 quaedam
676 3943 901 3999 fortuna
961 3946 1242 4015 perduxit.
1287 3946 1389 4002 Cui
1428 3948 1685 4004 testudo:
1732 3947 1858 4002 Ser-

275 4034 429 4089 vavit
457 4044 511 4090 te
569 4050 690 4090 sors
752 4047 841 4089 tua
878 4053 1001 4092 cum
1062 4038 1172 4094 huc
1218 4039 1440 4109 impulit
1495 4055 1508 4091 :
1562 4039 1717 4094 avius
1773 4048 1858 4095 est

276 4129 458 4194 locus,
515 4129 729 4185 nullum
781 4131 872 4186 hic
916 4131 1124 4186 dudum
1173 4143 1491 4187 venatorem
1566 4132 1856 4189 vidimus:

278 4236 454 4291 quare
484 4222 857 4278 sollicitudine
911 4224 1140 4287 omissa,
1199 4224 1322 4278 lecta
1375 4224 1663 4279 nobiscum
1712 4225 1857 4280 vive.

276 4314 504 4384 Copiam
533 4315 705 4370 habes
731 4316 996 4386 graminis
1016 4316 1234 4381 viridis,
1267 4326 1323 4371 et
1358 4332 1514 4386 aqua:
1550 4318 1605 4372 in
1637 4318 1858 4387 propin-

278 4418 389 4472 quo
414 4402 625 4472 frigidae
653 4420 717 4458 ac
744 4404 1008 4473 limpidze,
1066 4415 1203 4471 tum,
1254 4407 1299 4461 si
1354 4422 1464 4460 non
1521 4408 1858 4477 aspernaris,

279 4495 499 4550 sodales
532 4496 809 4565 jucundos
837 4507 893 4551 et
918 4497 1076 4553 fidos.
1109 4497 1245 4564 Quis
1275 4498 1398 4552 talia
1440 4510 1678 4562 recuset,
1698 4499 1858 4553 dama

1951 3311 2151 3352 Corvus
2181 3291 2361 3363 prior.
2396 3289 2474 3342 Ex
2504 3300 2670 3356 quam
2702 3281 2968 3353 jucunda,
3024 3278 3226 3349 inquit,
3280 3290 3417 3345 pace.
3468 3272 3524 3325 in

1949 3398 2214 3459 quantum
2234 3380 2595 3438 infortunium
2613 3378 2793 3433 subita
2808 3373 3165 3429 conversione
3181 3366 3523 3424 devenimus!

1963 3483 2137 3549 Quam
2166 3494 2294 3534 vere
2330 3474 2554 3546 quidam
2584 3472 2743 3535 dixit,
2781 3470 2903 3525 vitm
2936 3466 3308 3523 conditionem
3340 3461 3528 3529 deplo—

1952 3588 2102 3634 rans,
2135 3569 2395 3625 mortales
2440 3565 2654 3620 felicem
2687 3577 2881 3623 unum,
2921 3561 2963 3614 si
3017 3560 3160 3612 forte
3219 3554 3523 3622 contingat,

1951 3678 2288 3727 successum,
2315 3669 2538 3715 centum
2565 3653 2968 3732 offensionibus
2986 3661 3042 3705 et
3065 3649 3280 3703 infestis
3307 3646 3526 3700 casibus

1952 3758 2130 3812 luere.
2164 3756 2181 3810 I
2216 3767 2360 3808 nunc
2385 3760 2441 3805 et
2468 3749 2572 3803 fide
2601 3746 2875 3803 felicitati.
2934 3742 3053 3798 Non
3109 3739 3331 3793 suffecit
3380 3737 3525 3789 hosti

1955 3864 2091 3903 mea:
2145 3846 2381 3901 fortuna:
2411 3840 2584 3911 patria
2619 3855 2703 3893 me
2743 3837 3008 3906 privasse,
3055 3832 3280 3901 orbasse
3332 3845 3527 3898 parcn-

1958 3944 2105 4000 tibus
2128 3948 2177 3994 et
2200 3932 2623 4005 consanguineis
2642 3973 2656 3995 ,
2684 3930 2791 3983 nisi
2821 3928 2984 3983 etiam
3016 3939 3101 3980 me
3145 3939 3289 3977 nunc
3319 3921 3526 3975 dulcis-

1960 4037 2101 4091 sima
2136 4028 2431 4088 testudinis
2461 4025 2672 4088 amicae,
2707 4031 2764 4076 et
2794 4023 2940 4090 leges
2982 4017 3236 4072 amicitiae
3268 4023 3381 4069 tum
3415 4013 3527 4066 eal-

1960 4128 2123 4184 lentis
2172 4122 2440 4193 apprime,
2469 4130 2583 4172 tum
2618 4114 2878 4175 tenentis,
2930 4108 3339 4167 consuetudine
3391 4107 3530 4159 mul-

1960 4226 2158 4274 ctaret.
2202 4216 2245 4270 0
2284 4227 2410 4282 spes
2439 4209 2678 4275 inanes!
2741 4215 2870 4260 vota
2937 4203 3126 4257 irrital
3179 4200 3295 4255 Jam
3345 4205 3532 4268 pereat

1963 4313 2067 4367 hoc
2090 4323 2312 4378 corpus,
2343 4314 2399 4360 et
2450 4303 2553 4357 sub
2582 4316 2747 4355 omne
2777 4298 3081 4370 periculum
3122 4294 3367 4347 mittatur
3421 4290 3532 4342 vita

1963 4405 2081 4459 haec
2106 4411 2187 4455 tot
2225 4396 2461 4452 obnoxia
2511 4394 2768 4457 miseriis,
2823 4404 2880 4445 ut
2917 4390 3149 4444 maxime
3203 4386 3414 4445 ﬂoreat,
3447 4398 3537 4437 ca-

1966 4498 2108 4552 duca
2131 4510 2197 4547 ex
2225 4490 2380 4545 brevi
2417 4488 2603 4558 vigore
2629 4486 2739 4542 cito
2774 4497 3149 4547 marcescens,
3174 4478 3309 4534 astri
3336 4475 3535 4531 similis

278 4587 482 4656 inquit,
513 4597 567 4641 et
590 4587 828 4643 libenter
860 4590 1170 4645 assentiens
1232 4591 1502 4656 consedit,
1554 4593 1722 4646 vitam
1782 4577 2265 4658 ibiDirrequieta
2319 4580 2589 4650 vertigine
2657 4579 2725 4633 ab
2763 4589 2888 4635 ortu
2946 4577 3012 4631 ad
3066 4586 3341 4629 occasum.
3408 4568 3538 4622 hinc

278 4679 482 4748 degere
521 4680 781 4748 deinceps
823 4690 997 4734 certa.
1041 4680 1367 4736 Convivium
1422 4683 1550 4737 inde
1589 4684 1861 4753 hospitale

278 4770 599 4823 celebratur
639 4770 742 4824 sub
769 4770 936 4825 densa
966 4771 1111 4838 ilice,
1140 4772 1371 4842 singulis
1401 4789 1562 4829 casus
1603 4790 1735 4829 suos
1768 4790 1859 4828 re-

281 4858 627 4925 ferentibus;
678 4859 995 4929 ficbantque
1037 4862 1165 4915 inde
1185 4863 1495 4932 quotidiani
1529 4880 1859 4933 congressus

281 4953 687 5009 consuetudine
744 4953 1163 5016 humanissima,
1239 4955 1361 5011 aliis
1428 4957 1568 5010 alios
1619 4956 1861 5012 officiose

281 5043 617 5098 visentibus.
651 5043 791 5098 IIinc
821 5045 909 5099 die
946 5046 1183 5115 quadam
1211 5061 1335 5100 cum
1359 5047 1739 5102 condixisseut
1778 5058 1861 5103 te-

282 5136 472 5197 stude,
504 5153 625 5190 mus
651 5146 706 5190 et
733 5153 935 5191 corvus
964 5138 1030 5191 ad
1061 5138 1245 5193 cubile
1300 5139 1673 5209 propinquum
1728 5142 1868 5196 ami-

284 5241 364 5280 ca:
395 5226 675 5286 doreadis.
738 5236 1068 5297 repererunt
1104 5227 1210 5282 heu
1239 5229 1251 5281 ι
1281 5228 1432 5283 illam
1469 5230 1665 5298 laqueo
1723 5230 1866 5285 mala

288 5337 453 5375 manu
485 5321 666 5391 posito
692 5320 1010 5391 implexam.
1040 5321 1261 5377 Primus
1283 5337 1398 5376 rem
1433 5338 1633 5377 corvus
1666 5321 1868 5392 depre-

287 5414 487 5469 hendit
512 5414 853 5476 antevolans,
908 5422 964 5467 et
1014 5414 1294 5468 curriculo
1351 5415 1555 5469 lentius
1603 5416 1866 5471 euntibus

206 5510 209 5511 ⁷
283 5506 454 5560 sociis
482 5520 804 5569 occurrens,
837 5514 1051 5574 captam
1071 5504 1287 5559 damam
1321 5506 1636 5572 nuntiavit;
1674 5507 1866 5562 abesse

286 5607 473 5651 tamen
496 5608 837 5662 venatorem,
873 5606 1085 5650 tantum
1116 5598 1370 5651 miseram
1393 5598 1605 5653 haerere
1621 5599 1867 5657 funicqu

287 5686 1048 5742 ronstrictam.Consternati
1101 5688 1265 5741 ambo
1312 5689 1674 5743 acerbissimo
1709 5705 1868 5757 casu,

289 5783 519 5854 gradum
544 5798 706 5852 quam
741 5791 975 5851 possunt
1008 5783 1244 5837 maxime
1290 5783 1552 5838 celerant.
1581 5784 1697 5839 Mus
1718 5785 1871 5854 prior

288 5874 641 5945 perveniens,
682 5873 909 5940 Quistc.
936 5874 1149 5942 infelix,
1180 5875 1382 5945 inquit,
1416 5875 1499 5929 liis
1558 5875 1739 5931 induit
1783 5879 1862 5935 la-

1969 4698 2167 4741 rursus
2220 4679 2276 4733 ili
2328 4685 2538 4745 partem
2593 4673 2924 4728 contrariam
2973 4669 3233 4741 gyrantis.
3297 4662 3539 4719 Refricat

1971 4773 2077 4827 hoc
2115 4787 2318 4825 novum
2359 4769 2562 4822 vulnus
2607 4765 2895 4820 cicatrices
2918 4762 3028 4832 jam
3079 4769 3326 4826 tempore
3366 4754 3543 4808 Obdu-

1966 4872 2085 4915 ctas
2108 4870 2360 4915 veterum
2394 4858 2671 4918 dolorum,
2704 4866 2762 4907 et
2806 4851 2963 4921 quasi
3026 4847 3298 4903 redivivas
3353 4858 3537 4898 secum

1968 4953 2252 5007 adducens
2282 4950 2467 5005 clades
2494 4963 2686 5001 omnes
2712 4943 3041 5013 przeteritas,
3063 4939 3417 5007 conspirante
3463 4934 3540 4988 si-

1968 5048 2081 5101 mul
2100 5044 2396 5101 acerbitate
2416 5042 2797 5096 universarum
2814 5034 3194 5092 crudelissime
3214 5030 3537 5099 mevcruciat.

1971 5138 2126 5193 Talia
2168 5141 2597 5205 conquerentem
2647 5142 2875 5184 corvum
2915 5125 3274 5197 interpellans
3321 5135 3542 5190 caprea,

1971 5234 2053 5288 Tu
2091 5231 2343 5302 quidem,
2375 5226 2579 5297 inquit,
2610 5224 2818 5293 tragice
2857 5218 3238 5281 rhetoricaris,
3265 5215 3421 5287 quasi
3458 5228 3546 5267 so-

1972 5324 2155 5393 phista
2181 5322 2250 5377 de
2278 5319 2490 5381 schola,
2536 5315 2766 5371 interim
2819 5313 2950 5367 dum
3004 5308 3315 5367 communis
3369 5305 3546 5360 amica

1974 5421 2194 5473 testu-.lo
2259 5416 2314 5470 in
2372 5412 2493 5468 dira
2553 5410 2842 5474 servitute,
2892 5404 3233 5461 imminentis
3272 5400 3426 5455 exitii
3457 5414 3552 5454 ex-

1971 5508 2313 5579 spectatione
2341 5506 2545 5559 misera
2581 5510 2775 5557 azstuat
2807 5518 2821 5555 :
2850 5498 2982 5567 quin
3010 5498 3215 5567 potius,
3273 5495 3550 5562 intempe-

1972 5606 2114 5657 stive
2142 5600 2501 5659 declamator,
2561 5595 2612 5649 ei
2649 5592 2949 5650 liberandae
2995 5594 3127 5645 dum
3164 5599 3380 5656 tempus
3439 5594 3547 5650 est,

1974 5693 2189 5749 consilii
2237 5690 2518 5760 quidpiam
2576 5689 2724 5742 celer
2779 5683 3043 5755 expedis?
3096 5682 3230 5747 IIoc,
3299 5683 3547 5749 inquam,

1975 5802 2074 5856 age
2102 5785 2225 5839 istis
2252 5783 2498 5846 omissis,
2533 5790 2594 5835 ut
2620 5781 2788 5843 viam,
2812 5779 2858 5833 si
2893 5793 3000 5848 qua
3024 5785 3129 5839 est,
3167 5775 3327 5829 amici
3354 5773 3553 5846 capitis

1976 5875 2095 5930 neci
2126 5873 2399 5941 eripieudi
2428 5872 2682 5928 ineamus
2712 5888 2724 5924 :
2754 5870 2848 5926 sed
2905 5869 3104 5939 raptim
3156 5884 3217 5925 ac
3242 5867 3381 5922 citra
3435 5880 3554 5920 tue-
