4016 6546
525 398 666 465 1307

1931 394 2339 456 APPENDIX.

3655 402 3774 465 ΠΜ

521 530 678 577 ram;
714 525 836 565 nam
875 506 1039 564 ollicii
1070 488 1289 563 occasio
1322 505 1509 562 brevis
1530 482 1649 561 est.
1666 504 1860 567 Militis
1891 504 1945 559 in
1960 505 2101 561 aciei
2130 507 2178 566 Λ
2205 505 2374 575 giigat
2422 512 2669 574 paratam
2706 504 2996 576 praedam?
3050 506 3187 564 Cum
3241 525 3412 583 prope
3464 516 3779 576 accesserit.

520 606 809 679 procinctu
843 600 1112 659 fortitudo
1148 601 1437 671 probatur.
1470 599 1704 667 saturitas
1735 595 2099 667 negotiatoris

521 702 577 757 in
608 707 832 770 accepta
868 698 1017 768 justo
1047 694 1337 750 reddendo
1363 692 1716 764 perspicitur.
1758 691 1893 745 fides
1957 689 2096 743 ami-

518 792 664 847 citia!
704 804 875 845 unum
910 797 1132 858 tempus
1163 786 1329 841 habet
1390 786 1475 840 sui
1525 783 1845 855 prodenda).
1875 780 2102 837 calami-

522 893 690 939 tatem
715 883 1042 938 amicorum.
1071 880 1381 935 Cunctante
1406 877 1474 933 ad
1501 878 1618 933 haec
1647 892 1840 936 corvo.
1882 874 1973 930 cui
2008 874 2098 929 ni-

523 975 597 1029 nil
634 982 985 1030 succurreret
1014 972 1082 1026 ad
1126 986 1357 1042 scopum
1412 969 1571 1031 utile.
1613 980 1892 1037 occupans
1951 980 2097 1025 mus.

520 1066 652 1121 Mihi
676 1066 924 1130 videtur,
963 1063 1462 1134 inquit,o,‘timutn
1515 1060 1684 1120 factu,
1722 1058 1767 1113 si
1814 1072 1874 1112 se
1920 1054 2100 1127 prori-

522 1161 637 1229 piat
668 1160 800 1215 hinc
821 1158 1004 1223 dama,
1035 1169 1093 1211 et
1123 1156 1177 1210 in
1205 1170 1401 1224 eampo
1421 1168 1490 1208 ea
1517 1152 1624 1209 hoc
1647 1153 1769 1207 loco
1795 1149 2098 1219 conspicuo

521 1252 673 1307 humi
702 1254 896 1323 jacens
923 1265 982 1306 se
1008 1257 1285 1305 mortuam
1316 1248 1563 1312 simulet,
1597 1245 1761 1303 fidem
1792 1244 1915 1299 viso
1968 1259 2097 1298 cor-

519 1360 622 1400 vus
660 1354 870 1400 astruat
895 1343 1319 1415 superinvolans
1367 1352 1425 1397 et
1464 1340 1733 1399 insidens.
1765 1348 1828 1395 ut
1859 1335 2099 1395 cadave-

521 1437 676 1492 ribus
706 1437 886 1492 solet:
918 1437 1022 1491 hoe
1047 1423 1281 1491 venator
1316 1435 1564 1497 intuens,
1600 1432 1806 1488 omisso
1851 1444 1983 1485 areu
2040 1436 2100 1483 et

517 1531 804 1600 pharetra,
841 1530 998 1585 velox
1033 1544 1102 1584 eo
1129 1526 1428 1584 contendet
1456 1544 1474 1595 ;
1506 1523 1788 1598 quomodo
1809 1522 1961 1579 enim
1993 1535 2109 1587 nea

2213 606 2295 657 tu,
2329 595 2509 655 danta.
2546 611 2762 667 surges,
2792 605 2849 652 et
2875 613 2983 652 non
3008 605 3122 653 tota
3162 600 3454 657 velocitate
3489 612 3778 667 utenstua.

2209 688 2415 743 sensim
2447 687 2637 744 elieics
2665 688 2732 743 ad
2768 689 3111 761 sequendmn
3158 706 3256 761 spe
3289 692 3490 764 injecta
3519 694 3600 750 tui
3625 697 3779 766 quasi

2206 781 2509 837 Vulnerata:
2538 781 2814 852 potiundi.
2846 781 3108 857 Sieeum
3167 785 3411 840 abducas
3455 802 3622 856 quam
3665 788 3782 842 lon-

2208 872 2452 944 gissime,
2483 889 2587 945 ego
2614 875 2834 930 interim
2885 876 3148 932 dentibus
3206 878 3423 934 vincula
3491 880 3784 937 testudinis

2208 966 2584 1023 conscindam.
2620 967 2895 1024 Probatur
2926 986 3015 1025 res
3062 972 3302 1026 cunctis.
3359 972 3641 1044 Incipiunt
3691 991 3783 1045 pro

2205 1074 2265 1115 se
2301 1060 2562 1130 quisque,
2588 1062 2737 1132 quod
2771 1062 2913 1117 bene
2969 1072 3234 1130 verteret,
3289 1074 3347 1120 et
3392 1068 3680 1137 negotium
3731 1077 3785 1123 ut

2203 1148 2620 1206 destinaverant
2694 1153 2987 1218 successit.
3060 1154 3431 1225 liheratioque
3490 1156 3785 1211 testudin‘s

2205 1244 2486 1299 communi
2518 1254 2606 1300 est
2623 1245 2991 1316 gratulatione
3011 1246 3314 1301 celebrata.
3350 1246 3634 1303 Hactenus
3668 1249 3784 1305 idea

2205 1332 2500 1389 informata
2552 1344 2639 1390 est
2696 1336 3006 1390 amicorum
3072 1346 3128 1391 et
3174 1337 3459 1396 amicitiae.
3509 1337 3675 1392 dotes
3729 1338 3785 1392 il-

2204 1426 2406 1492 lorum,
2469 1428 2634 1503 hujus
2691 1428 2864 1484 cilicia
2942 1430 3092 1486 velut
3153 1432 3210 1486 in
3297 1432 3525 1502 speculo
3589 1446 3786 1501 propo-

2203 1535 2364 1576 nens.

1506 1861 2047 1928 DISSERTATIO
2078 1862 2581 1925 PARABOLICA
2626 1865 2731 1928 IV.

524 1992 717 2077 Vario
749 1992 1167 2077 demonstrat.
1200 1990 1486 2077 Primum
1518 2009 1539 2049 :
1571 1988 1705 2049 odii
1728 1986 2040 2067 pro/undi
2071 1986 2497 2077 etjneeterati
2534 1989 2660 2077 vim
2688 1989 3064 2077 malignam:
3098 1991 3321 2053 deinde
3371 1990 3781 2053 consiliorum

594 2073 899 2134 deiectum
931 2075 997 2132 in
1027 2071 1328 2146 periculis
1372 2069 1592 2146 Reip;
1641 2077 1859 2146 postea
1911 2069 2340 2149 necessitatem
2385 2070 2607 2149 arcani
2650 2069 2740 2149 rad
2780 2090 2991 2145 eorum
3032 2086 3420 2149 successum;
3472 2084 3780 2149 prwtcrea

591 2152 775 2230 ﬁdem
797 2170 1008 2210 verum
1028 2143 1113 2212 ‘ac
1142 2143 1515 2211 charitatem
1546 2143 1700 2210 eicis
1731 2168 1793 2208 se
1814 2164 1932 2226 pro
1959 2143 2180 2226 patria
2204 2143 2597 2207 devoventis:
2620 2148 2887 2229 denique
2916 2160 3153 2230 quanta
3173 2143 3783 2230 pernicie-credatur

544 2235 552 2243 '
595 2231 974 2310 transfugis.

590 2357 683 2413 Sic
703 2357 892 2413 locuto
918 2356 1391 2429 gymnosOphistae
1441 2370 1537 2411 rex
1563 2351 2101 2412 Abessalomtlsitzrc
2136 2357 2172 2408 lt
2206 2349 2417 2409 Videtis
2475 2369 2698 2410 omnem
2751 2354 2999 2427 undique
3055 2357 3297 2413 civitatis
3348 2356 3517 2433 hujus
3578 2364 3781 2410 nostra

515 2451 684 2505 verba
736 2450 1011 2504 reddidit:
1054 2449 1293 2504 Abunde
1349 2447 1594 2503 docuisti
1651 2463 1739 2501 me
1793 2461 1917 2517 qua:
1976 2434 2100 2516 jura

515 2557 708 2613 quaeve
736 2543 922 2597 omnia
942 2544 1053 2598 sint
1084 2546 1344 2600 amicitiae
1359 2545 1614 2609 sinceris,
1636 2560 1782 2597 nunc
1798 2558 1866 2599 ex
1894 2552 1971 2608 te,
1991 2542 2098 2597 nisi

514 2639 780 2707 gravaris.
836 2636 1027 2692 audire
1081 2653 1342 2708 cuperem
1403 2654 1528 2709 quae
1571 2641 1779 2708 Optima
1826 2636 1898 2691 sit
1958 2635 2100 2690 ratio

516 2726 749 2781 insidias
781 2726 1142 2783 inimicorum
1194 2730 1540 2800 pra-cavendi
1593 2730 1894 2784 amicitiam
1925 2728 2101 2783 simu-

513 2820 769 2875 lantium.
802 2820 883 2876 Ad
919 2822 1026 2876 hoc
1068 2823 1218 2892 regis
1263 2823 1587 2877 mandatum
1624 2838 1767 2876 novo
1822 2821 2102 2891 principio

511 2915 965 2985 gymnosophista
1016 2929 1252 2970 exorsus
1298 2915 1576 2970 disserere
1618 2914 1790 2984 coepit
1840 2914 1897 2967 in
1950 2915 2100 2969 hunc

513 3004 738 3059 modum
782 3024 796 3059 :

585 3099 629 3155 l.
683 3097 788 3165 Qui
838 3097 1004 3153 facile
1058 3099 1290 3154 inimico
1334 3097 1516 3153 credit
1565 3095 1991 3152 reconciliatum
2040 3111 2101 3150 se

511 3191 739 3257 ferenti,
792 3194 1035 3263 patietur
1064 3191 1213 3262 quod
1259 3191 1483 3247 noctuis
1505 3190 1732 3253 accidit,
1782 3188 2099 3259 proditione

512 3282 626 3340 ficti
660 3286 959 3355 transfugae
1027 3285 1221 3339 ultima
1280 3283 1666 3339 internecione
1717 3281 1939 3337 deletis.
1991 3279 2102 3337 Res

511 3386 776 3430 narratur
803 3376 857 3431 in
907 3376 1057 3431 hunc
1090 3377 1355 3431 modum:
1409 3375 1590 3430 Arbor
1639 3384 1760 3430 erat
1805 3375 1860 3429 in
1911 3385 2099 3431 monte

507 3468 637 3524 avio
698 3484 908 3526 annosa
955 3467 1258 3524 densorum
1325 3467 1639 3534 muralium,
1701 3476 1864 3523 vetus
1911 3466 2098 3523 cubile

511 3563 796 3632 rapacium
854 3562 1060 3627 avium,
1092 3562 1184 3617 ubi
1220 3562 1344 3617 sis
1393 3560 1602 3616 dudum
1639 3560 1868 3617 sedibus
1893 3576 2099 3616 corvus

505 3656 698 3711 senior
726 3656 875 3712 mille
907 3656 1205 3712 admodum
1256 3655 1346 3712 sui
1401 3657 1625 3727 generis
1653 3655 1935 3725 capitibus
1995 3656 2097 3710 im—

508 3747 809 3817 peritabat.
836 3748 1077 3820 Degebat
1103 3749 1157 3803 in
1189 3764 1427 3804 caverna
1464 3749 1618 3818 rupis
1663 3748 1928 3819 proximae
1957 3762 2094 3817 gens

509 3853 816 3894 numerosa
871 3848 1228 3903 noctuarum,
1288 3839 1381 3892 uni
1423 3848 1479 3893 et
1524 3838 1639 3907 ipsa
1667 3838 1784 3907 regi
1840 3836 2094 3892 serviens

508 3931 894 3987 infensissimo
932 3933 1121 4003 generi
1163 3933 1419 3989 cervino.
1481 3933 1664 4000 Quare
1734 3942 1796 3988 ut
1831 3933 1977 3989 inter
2006 3934 2057 3987 vi

505 4026 667 4080 cinos
704 4024 929 4079 aeribus
979 4025 1308 4080 commissos
1339 4025 1506 4092 odiis,
1566 4026 1805 4081 invicem
1853 4027 2089 4083 nocendi

509 4118 739 4173 consilia
769 4117 1076 4172 tumebant.
1111 4118 1359 4185 Quadam
1404 4128 1568 4174 nocte
1598 4119 1896 4175 universus
1927 4136 2089 4174 eser-

509 4213 656 4266 citus
720 4218 1076 4275 noctuarum,
1157 4211 1443 4280 inepinato
1499 4213 1704 4267 castris
1765 4228 2087 4282 erumpens,

505 4303 724 4374 sopitos
761 4313 819 4358 et
882 4303 1025 4356 nihil
1081 4303 1189 4357 tale
1231 4312 1548 4358 metuentes
1604 4319 1811 4373 corvos.
1860 4305 2085 4360 invasit.

506 4396 674 4452 Primi
702 4394 963 4452 custodes
977 4398 1103 4452 caesi
1128 4414 1141 4445 :
1165 4409 1537 4467 perrumpunt
1564 4397 1765 4451 deinde
1784 4399 1841 4451 in
1871 4398 2089 4453 arboris

504 4488 725 4555 intima,
761 4489 996 4543 multum
1031 4489 1320 4560 sanguinis
1359 4490 1587 4555 fusum;
1628 4489 1850 4544 tandem
1908 4490 2087 4545 inter-

502 4582 669 4639 fectis
711 4581 990 4652 plurimis.
1040 4580 1348 4636 vulneratis
1383 4596 1495 4635 non
1546 4581 1763 4651 paucis,
1801 4565 2089 4636 nonnullis

502 4675 704 4740 captis,
758 4673 952 4743 spoliis
984 4672 1187 4728 divites
1215 4681 1272 4727 et
1300 4684 1532 4728 ovantes
1580 4673 1812 4731 victoria
1867 4683 2086 4730 noctua?

506 4766 625 4823 sole
650 4766 765 4837 jam
801 4766 1019 4822 oriente
1051 4780 1181 4821 suas
1213 4766 1375 4819 sedes
1410 4775 1688 4835 repetunt.
1746 4765 2085 4821 Arehicorax

505 4862 730 4928 (nomen
765 4857 872 4913 hoc
928 4866 1053 4912 erat
1108 4857 1375 4926 principis
1408 4864 1753 4924 corvorum).
1790 4858 1956 4913 simul
2013 4875 2085 4913 ex

504 4951 876 5020 trepidatione
908 4963 967 5004 se
1001 4950 1217 5019 recepit
1274 4948 1452 5019 pnelii
1510 4948 1796 5014 nocturni.
1825 4961 2082 5005 senatum

501 5042 652 5112 cogit
688 5056 980 5112 procerum
1042 5046 1265 5111 genus;
1314 5055 1457 5110 quos
1490 5040 1637 5095 inter
1692 5040 1910 5096 medius
1963 5041 2082 5098 haec
2116 5060 2156 5114 υ

501 5135 574 5193 ait
605 5152 618 5188 :
648 5133 865 5201 Quanta
904 5133 1092 5188 clades
1134 5150 1245 5187 uno
1286 5133 1496 5202 impetu
1528 5133 1829 5204 improviso
1855 5144 2088 5192 noctua.

501 5242 628 5287 rum
667 5228 874 5282 nostris
928 5226 1099 5282 rebus
1135 5227 1293 5283 illata
1348 5226 1447 5291 sit,
1500 5226 1744 5282 docendi
1799 5243 1922 5283 mea
1960 5241 2087 5282 ora-

500 5321 653 5377 tione
684 5335 795 5373 non
824 5319 979 5375 estis.
1025 5319 1087 5375 In
1127 5319 1308 5375 oculis
1350 5318 1748 5375 recentissima
1799 5319 2084 5390 pernicies

479 5423 607 5468 -est.
637 5411 804 5466 Multa
836 5410 892 5466 in
933 5413 1046 5466 vita
1068 5422 1193 5466 sum
1223 5412 1456 5467 adversa
1484 5422 1772 5482 expertus,
1800 5426 2082 5481 nunquam

504 5515 616 5563 tam
648 5519 820 5576 prope
848 5504 1135 5560 interitum
1169 5505 1389 5562 venisse
1408 5521 1495 5563 me
1526 5506 1776 5562 memini.
1808 5506 2081 5575 Vosipses

503 5597 688 5656 adhuc
721 5597 885 5654 video
910 5597 1145 5653 horrore
1173 5598 1407 5668 periculi
1432 5600 1727 5669 pallentes.
1740 5598 2077 5674 Olttrunpati

499 5689 721 5761 vigiles.
755 5705 983 5759 pervasa
1035 5698 1236 5756 castra,
1273 5692 1444 5747 robur
1484 5693 1539 5747 in
1570 5693 1658 5748 his
1701 5692 1946 5748 deletum
2000 5694 2079 5748 le-

501 5782 753 5854 gionum,
788 5796 886 5834 arx
916 5780 1114 5835 intima
1154 5791 1211 5835 et
1260 5783 1414 5852 regni
1455 5783 1664 5839 avitum
1713 5783 1915 5838 solium
1972 5799 2078 5853 op.

500 5873 871 5958 portunovis
902 5872 1122 5930 tandem
1146 5873 1569 5958 ailuoentisdiei
1596 5875 1804 5934 auxilio
1839 5885 2077 5933 retenta.

2203 2445 2518 2513 frondentis
2571 2450 2869 2506 circuitum
2924 2461 3063 2523 quot
3125 2461 3441 2508 nostrorum
3503 2450 3780 2506 cadavera

2201 2551 2584 2609 consternant,
2643 2554 2849 2615 quanta
2896 2546 2983 2602 vis
3010 2547 3233 2601 cruoris
3262 2546 3529 2608 maculet.
3575 2553 3780 2616 quanta

2201 2633 2513 2703 plumarum
2544 2636 2654 2693 late
2680 2638 2976 2709 congeries
3012 2648 3159 2710 tegat
3184 2657 3199 2694 :
3224 2639 3459 2709 vestigia
3507 2638 3777 2710 probrosa

2201 2727 2376 2780 nostri
2434 2726 2747 2791 dedecoris,
2803 2738 2861 2785 et
2926 2739 3131 2801 tropaaa
3193 2733 3473 2804 iactantia:
3528 2732 3769 2787 hostium

2202 2825 2547 2881 nostrorum,
2604 2822 2700 2889 qui
2753 2836 2864 2892 quo
2899 2822 3123 2878 viliores
3147 2833 3300 2887 sunt,
3348 2831 3405 2878 et
3436 2823 3565 2894 plus
3617 2824 3778 2893 vulgo

2201 2908 2376 2972 exosi.
2437 2924 2507 2965 eo
2580 2921 2772 2967 nostra
2824 2923 2910 2969 est
2970 2913 3376 2973 intolerabilior
3440 2913 3763 2985 ignominia.

2201 3000 2384 3070 Agite.
2416 3004 2689 3060 consulite
2713 3005 2769 3060 in
2822 3007 3066 3062 medium
3123 3007 3255 3079 quid
3287 3007 3664 3063 emendando
3694 3008 3775 3063 in-

2202 3097 2518 3162 commodo,
2553 3100 2931 3166 prwcavendis
2960 3101 3013 3155 in
3053 3111 3336 3171 posterum
3384 3101 3605 3165 damnis
3627 3101 3777 3156 simi-

2201 3186 2373 3255 libus,
2401 3200 2777 3260 opportunum
2812 3191 2959 3248 factu
2989 3194 3274 3265 iudicetis,
3308 3195 3573 3266 promite.
3602 3195 3774 3251 Erant

2201 3282 2383 3350 capita
2420 3283 2644 3338 concilii
2674 3287 2921 3354 quinque
2956 3302 3069 3356 pm
3117 3288 3339 3343 caeteris
3369 3288 3620 3345 illustres
3679 3304 3774 3360 ge-

2197 3384 2412 3429 starum
2440 3374 2583 3430 fama
2628 3390 2837 3440 rerum.
2866 3387 2923 3434 et
2954 3387 3109 3449 parta
3158 3388 3319 3436 aetate
3367 3394 3435 3435 ac
3480 3380 3647 3452 longo
3677 3396 3772 3435 usu

2201 3466 2510 3535 prudentiae
2538 3468 2803 3539 opinione
2827 3470 2984 3526 clari.
3014 3469 3224 3527 Horum
3266 3471 3359 3542 qui
3397 3471 3613 3542 primus
3639 3471 3775 3527 forte

2198 3558 2544 3625 consederat,
2592 3562 2738 3632 regis
2787 3563 3096 3619 orationem
3150 3564 3232 3619 sic
3281 3564 3546 3634 excepit:
3582 3565 3777 3620 Docuit

2202 3652 2318 3707 haec
2344 3668 2448 3708 nos
2483 3654 2727 3711 incursio
2755 3671 2919 3725 quam
2954 3672 3147 3727 parum
3175 3657 3310 3713 tutis
3356 3666 3582 3713 utamur
3630 3660 3775 3714 sedi-

2203 3744 2347 3807 bus;
2374 3745 2525 3800 nulla
2563 3761 2806 3816 unquam
2852 3755 2939 3801 est
2973 3748 3245 3803 securitas
3292 3749 3345 3803 in
3387 3758 3497 3804 tam
3564 3730 3774 3805 infensa

2199 3838 2402 3892 vicinia
2431 3839 2729 3908 speranda.
2768 3840 3134 3896 Florentibus
3170 3842 3340 3897 rebus
3362 3843 3595 3906 nostris,
3626 3846 3776 3899 inco-

2200 3930 2331 3985 lumi
2369 3929 2637 3992 exercitu.
2695 3931 2926 4001 integris
2959 3932 3184 4002 opibus,
3215 3935 3305 3990 vix
3347 3949 3517 4006 pares
3569 3937 3777 3993 fuimus

2200 4020 2432 4078 iusultui
2466 4021 2713 4077 nondum
2745 4024 3132 4094 spernentium
3171 4041 3291 4091 nos.
3312 4028 3552 4083 necdum
3579 4044 3776 4098 exper-

2198 4124 2377 4170 turum
2408 4116 2740 4171 debilitatem
2773 4127 3041 4173 nostram.
3086 4119 3142 4176 Si
3200 4129 3363 4176 nocte
3421 4122 3771 4192 insequente.

2195 4223 2456 4264 successu
2508 4208 2747 4274 feroces.
2796 4210 2945 4265 aucti
3000 4212 3229 4273 animis.
3285 4215 3484 4285 majori
3542 4232 3776 4272 numero

2195 4300 2538 4372 iugruerint,
2583 4302 2719 4372 quid
2776 4302 3024 4357 futurum
3085 4304 3179 4369 sit.
3214 4304 3407 4360 horret
3432 4307 3659 4363 animus
3692 4308 3775 4362 in-

2193 4395 2436 4451 formare
2482 4395 2798 4467 c0gitaudo.
2830 4396 3066 4453 Utamur
3099 4412 3303 4454 censeo
3346 4398 3622 4456 beneﬁcio
3663 4403 3770 4459 diei

2192 4503 2320 4559 quae
2347 4488 2461 4544 sola
2487 4488 2702 4544 cladem
2734 4500 3037 4545 extremam
3071 4492 3244 4545 nostri
3274 4493 3497 4561 generis
3542 4494 3771 4550 interci-

2194 4582 2305 4650 pit;
2343 4581 2608 4651 reliquias
2664 4589 2866 4638 tenues
2921 4591 3135 4637 tantum
3185 4598 3294 4637 non
3340 4584 3541 4639 deletae
3594 4589 3770 4656 gemis

2194 4672 2257 4727 in
2280 4673 2464 4729 locum
2523 4660 2904 4736 munitiorem.
2940 4684 3215 4729 remotum
3273 4675 3342 4729 ab
3390 4675 3575 4737 hoste.
3609 4693 3699 4743 ae.
3724 4679 3767 4731 si

2193 4762 2313 4819 fieri
2364 4773 2572 4834 potest,
2600 4764 2846 4835 ignotum
2880 4763 3037 4834 ipsis,
3075 4764 3476 4820 transferamus
3520 4783 3534 4819 :
3600 4767 3769 4821 fracta

2194 4856 2420 4917 virtute.
2449 4873 2556 4911 una
2596 4873 2724 4927 spes
2753 4857 2949 4913 salutis
2985 4858 3039 4912 in
3065 4856 3192 4928 fuga
3230 4869 3443 4913 matura
3497 4869 3605 4913 est.
3650 4860 3767 4915 Dixi

2188 4951 2326 5017 quid
2348 4952 2610 5007 sentiant.

2261 5044 2326 5099 ll.
2367 5046 2484 5101 Hoc
2512 5045 2587 5100 ita
2619 5045 2809 5102 locuto
2843 5045 3025 5116 surgit
3055 5044 3133 5099 illi
3165 5046 3452 5115 proximus
3476 5087 3492 5111 .
3527 5056 3585 5101 et
3613 5048 3765 5099 vultu

2188 5138 2454 5203 sedatior,
2515 5136 2811 5201 Extremas,
2854 5137 3061 5207 inquit.
3104 5136 3516 5207 desperationis
3564 5140 3764 5196 intem-

2190 5231 2467 5301 pestivum
2533 5230 2851 5285 audivimus
2904 5230 3242 5293 consilium;
3295 5233 3570 5296 nondum,
3645 5248 3767 5301 qua:

2182 5321 2368 5394 gratia
2393 5321 2584 5377 divum
2618 5329 2726 5385 est,
2750 5335 2820 5376 eo
2852 5328 2985 5375 sunt
3006 5318 3114 5374 loci
3145 5334 3235 5373 res
3262 5322 3468 5374 nostra
3498 5319 3762 5376 redacta.

2185 5415 2431 5472 Fortune
2487 5430 2600 5470 uno
2629 5400 3017 5483 impressionis
3044 5418 3332 5467 nocturnae
3356 5423 3414 5467 et
3460 5413 3765 5483 improviso

2182 5510 2397 5565 assultu
2421 5508 2758 5564 debellatum
2785 5507 3009 5564 sitlvili
3040 5505 3335 5561 vendimus
3363 5515 3419 5561 et
3441 5509 3680 5577 patriam
3704 5516 3762 5565 et

2180 5601 2385 5656 famam
2419 5615 2521 5670 pro
2552 5599 2757 5669 quibus
2778 5597 2952 5653 fortes
2970 5612 3164 5653 omnes
3183 5611 3443 5653 cruorem
3470 5607 3527 5653 et
3550 5598 3761 5667 qum-is

2179 5701 2433 5748 extrema
2489 5690 2871 5761 paciscuntur.
2925 5687 3081 5744 State
3110 5684 3359 5751 'anintis.
3398 5687 3593 5744 cives:
3647 5703 3757 5741 non

2185 5786 2307 5840 acie
2362 5797 2559 5839 sumus
2606 5781 2763 5847 victi,
2808 5780 2905 5836 sed
2966 5780 3293 5836 velitatione
3345 5795 3540 5850 parum
3598 5781 3757 5835 nobis

2188 5891 2458 5951 prospera
2492 5875 2712 5934 tentati.
2758 5873 2958 5933 Multas
3000 5872 3367 5938 oll'ensiones.
3409 5874 3581 5930 etiam
3635 5889 3757 5944 gn.
