4016 6566
268 431 409 494 1300

1198 424 1584 489 SPECIMEN
1620 424 2056 487 SAPIENTL‘E
2100 425 2460 489 lNDORUM
2488 427 2650 489 VET.

3398 426 3534 494 1310

264 543 472 605 viores.
521 538 678 604 belli,
733 537 1041 594 succedens
1095 537 1314 594 fortuna
1350 537 1544 592 melior
1577 533 1842 591 correxit.
1877 538 1914 594 Α
1950 543 2058 590 est.
2117 535 2308 602 Cavet.
2367 538 2582 607 vigilat,
2650 538 2976 608 procinctus
3032 544 3140 593 stat
3187 539 3254 595 ad
3289 540 3397 595 vim
3433 542 3530 610 qui

267 634 616 690 lustruamus
643 631 973 695 rxercitum.
1025 631 1361 702 prodeamus
1413 631 1528 686 acie
1557 630 1850 699 quadrata.

268 737 639 794 provocemus
667 733 902 778 noctuas
946 724 999 777 in
1034 724 1308 792 praelium.
1360 722 1437 777 lbi
1465 737 1594 776 vera
1648 721 1854 774 virtute

268 824 533 870 cernetur
557 815 644 869 cui
678 815 819 883 parti
869 814 1159 870 victoriam
1185 813 1379 885 superi
1410 822 1678 873 annuant.
1732 820 1854 866 utra

267 915 492 978 praestet
550 907 637 959 via
699 906 918 960 bellica.
995 906 1054 962 Si
1127 905 1427 968 vincimus.
1498 905 1857 960 restituemus

270 999 694 1069 rempublicam.
729 999 1006 1054 maculam
1037 999 1294 1054 eluemus
1323 998 1612 1053 dedecoris
1639 997 1808 1052 inusti
1835 1013 1853 1063 ;

272 1095 317 1148 si
340 1093 475 1164 quid
502 1108 660 1148 secus
685 1093 970 1154 acciderit.
999 1101 1180 1146 tamen
1199 1092 1347 1147 laudi
1371 1093 1479 1147 erit
1503 1091 1650 1163 apud
1680 1091 1856 1145 bonos

274 1183 542 1239 fortitudo
593 1183 823 1250 infelix;
868 1192 924 1239 et
974 1183 1122 1254 quod
1200 1183 1388 1238 multis
1433 1183 1574 1238 fama
1633 1182 1857 1252 inclytis

273 1276 526 1348 contigit.
565 1281 777 1331 honore
810 1277 1026 1348 integro
1062 1276 1223 1332 marti
1255 1277 1487 1330 advrrso
1529 1276 1856 1331 succumbe-

275 1383 418 1423 mus.
470 1368 584 1423 Mea
614 1383 748 1433 ergo
804 1367 920 1424 haec
952 1381 1037 1424 cst
1083 1370 1388 1424 sententia:
1419 1367 1739 1422 haerendum
1797 1366 1854 1421 in

274 1459 420 1522 loco.
478 1457 780 1514 obtinenda
842 1459 1069 1530 vestigia
1123 1459 1421 1529 majorum,
1491 1458 1854 1528 ignominiam

273 1550 456 1605 exsilii
493 1550 637 1604 haud
663 1551 1116 1606 consciscendam
1148 1551 1318 1614 ultro.
1343 1566 1560 1606 summa
1590 1551 1645 1606 vi
1672 1565 1852 1619 quau-

277 1641 462 1696 tocius
498 1642 814 1696 conandum
867 1642 1086 1697 cladem
1125 1643 1268 1697 hosti
1335 1656 1629 1712 reponere.
1680 1638 1856 1696 Tertii

277 1744 400 1802 post
431 1734 533 1788 hos
554 1735 832 1790 contraria
860 1735 1081 1804 utrique
1107 1737 1213 1790 fuit
1233 1736 1412 1789 oratio
1439 1736 1492 1789 in
1513 1734 1628 1789 haec
1646 1732 1816 1788 verba
1839 1749 1854 1787 :

276 1826 392 1896 Ego
425 1841 532 1882 nec
581 1826 764 1896 fugant
829 1836 1074 1898 turpem,
1135 1844 1238 1884 nec
1300 1842 1546 1896 przeceps
1599 1825 1853 1894 praelium

275 1920 548 1973 suaserim
589 1935 604 1972 :
656 1919 809 1988 prius
844 1920 1042 1974 horum
1076 1929 1290 1975 certum
1345 1919 1512 1974 habet
1567 1917 1854 1987 probruut.

277 2012 473 2082 ingens
498 2012 931 2078 incommodum.
975 2012 1216 2073 fructum
1243 2013 1559 2074 incertum;
1620 2010 1856 2064 alterum

279 2103 577 2159 temeritati
615 2103 775 2158 aliine
828 2104 922 2160 sit.
976 2103 1156 2158 Media
1209 2103 1386 2173 placet
1437 2102 1522 2156 via
1582 2101 1860 2156 tentandae

277 2196 454 2266 pacis.
511 2197 811 2251 Mittendos
849 2199 1120 2252 continuo
1178 2195 1244 2250 ad
1281 2195 1497 2250 hostem
1524 2209 1650 2248 cum
1688 2194 1860 2250 cadu-

279 2297 502 2344 ceatore
529 2290 804 2345 tractandi
838 2289 1052 2359 peritos
1081 2289 1296 2361 judico.
1351 2288 1556 2343 Ferant
1587 2288 1642 2341 bi
1670 2302 1859 2343 secum

279 2397 537 2444 munera.
575 2383 784 2452 quibus
813 2397 870 2438 et
901 2399 1085 2452 regem
1122 2391 1178 2437 et
1205 2383 1386 2452 gentis
1417 2396 1677 2452 proceres
1724 2383 1864 2436 deli-

277 2473 455 2530 niant.
487 2473 856 2530 Exarmantur
875 2476 968 2530 ira:
986 2476 1312 2545 plerumque
1333 2475 1630 2529 submissis
1651 2475 1859 2537 verbis.

277 2582 420 2622 auro
441 2582 572 2622 vero
588 2569 895 2639 expugnari
941 2569 1206 2623 ferociam
1232 2570 1584 2639 quantumvis
1611 2570 1862 2638 exempla

281 2662 335 2714 in
361 2670 622 2731 promptu
649 2665 802 2716 sunt.
855 2660 1006 2726 Quin
1040 2661 1086 2714 si
1127 2661 1308 2730 pactio
1353 2677 1536 2716 annua
1572 2661 1764 2715 tributi
1791 2661 1858 2715 ad

283 2755 720 2808 conventionem
741 2753 1408 2823 requiratttr,cedendum
1437 2761 1686 2822 putarem
1728 2763 1865 2807 tent-

279 2849 400 2917 puri
425 2864 439 2912 ;
473 2848 675 2902 multas
693 2846 861 2902 etiam
912 2846 1204 2903 bellicosas
1225 2857 1419 2916 gentes
1443 2847 1651 2902 scimus
1681 2846 1867 2900 dubiis

280 2937 399 2991 suis
418 2936 586 2992 rebus
617 2937 918 3006 precariam
949 2939 1404 3007 tranquillitatem
1427 2938 1711 3008 vectigalis
1732 2953 1868 3008 pen-

279 3030 536 3085 sitatioue
571 3030 908 3099 redemisse;
941 3030 1184 3086 dandum
1221 3032 1488 3087 redeundi
1520 3030 1757 3102 spatium
1783 3041 1868 3086 est

281 3121 523 3179 fortuna:
555 3125 800 3189 tueliori,
853 3139 1090 3180 summae
1147 3123 1370 3180 interim
1406 3140 1596 3180 rerum
1643 3137 1868 3194 quoque

1960 629 2191 689 metuit;
2242 627 2591 684 indormiens
2629 630 2841 700 supinae.
2899 628 3137 694 ﬁduciae.
3196 631 3533 700 opprimitur

1958 719 2208 788 impune.
2271 718 2546 774 Caeterum
2599 721 2862 788 princeps
2920 721 3142 788 sapiens
3201 721 3268 776 ad
3331 723 3536 776 bellum

1959 820 2095 865 tunc
2151 820 2364 864 tantum
2418 810 2648 880 appellit
2698 812 2966 878 animum.
3021 813 3243 882 quando
3291 811 3396 866 alia
3422 828 3531 866 non

1956 902 2201 972 suppetit
2253 901 2394 956 ratio
2449 901 2768 971 reipublicae
2798 902 3037 957 tuendae.
3094 902 3251 957 Luxu
3279 903 3388 958 cibi
3439 911 3536 957 aut

1956 1005 2137 1051 vestes
2161 1005 2586 1058 consumuntur.
2621 995 2754 1048 ludo
2787 996 2918 1049 alea:
2963 995 3328 1066 proﬂigautur
3373 1012 3535 1050 num-

1957 1090 2053 1154 mi.
2083 1090 2271 1144 Martis
2297 1089 2762 1145 damuosissimus
2788 1099 3062 1144 mercatus
3085 1100 3169 1145 est
3202 1107 3218 1156 ;
3255 1090 3538 1161 impendio

1957 1172 2267 1238 animarum
2328 1181 2407 1237 ibi
2464 1182 2652 1236 omnia
2701 1189 2990 1236 emuntur.
3025 1181 3271 1236 Tacebat
3309 1191 3534 1238 senator

1959 1284 2084 1342 post
2119 1275 2235 1328 inec
2262 1272 2438 1332 dicta.
2473 1273 2634 1343 quasi
2694 1283 3034 1343 perorasset.
3090 1276 3316 1344 quando
3379 1275 3532 1330 illum

1959 1366 2181 1421 intuens
2208 1382 2327 1421 rex.
2351 1365 2408 1421 Si
2435 1366 2662 1421 bellum.
2696 1365 2895 1435 inquit.
2929 1369 3045 1437 geri
3071 1366 3392 1437 vetas.’qoid
3416 1365 3534 1420 ﬁcri

1956 1461 2195 1516 suades?
2228 1461 2293 1515 Et
2322 1461 2437 1526 ille,
2459 1445 2680 1516 Suadeo
2713 1461 2832 1524 tibi,
2866 1463 3207 1530 optimerex,
3236 1459 3535 1522 alt.consi-

1958 1554 2030 1609 lia
2091 1555 2388 1624 exquirere
2441 1555 3001 1624 sapientissimorum.
3062 1553 3255 1610 Omnis
3305 1551 3536 1623 publica:

1961 1647 2068 1709 rei.
2099 1648 2335 1703 maxime
2365 1662 2502 1703 vero
2530 1646 2813 1712 militaris,
2845 1662 2976 1716 spes
3016 1655 3071 1702 et
3094 1645 3235 1700 ratio
3267 1645 3538 1701 consilio-

1960 1756 2084 1796 rum
2113 1741 2351 1795 sanitate
2372 1723 2698 1796 continetur
2725 1757 2739 1806 ;
2773 1739 2978 1794 mentis
2999 1753 3164 1808 quam
3195 1753 3395 1792 manus
3415 1735 3535 1791 eiii-

1912 1834 2146 1931 )cacior
2169 1848 2339 1903 opera
2396 1833 2451 1888 in
2509 1834 2668 1888 bellis
2715 1842 2820 1896 est.
2887 1833 3118 1902 plusque
3161 1829 3230 1885 ad
3289 1830 3539 1886 victoriae

1962 1939 2282 1984 successum
2339 1925 2590 1980 consulta
2622 1924 2983 1994 prudentium
3046 1937 3212 1993 quam
3272 1937 3540 1976 numerus

1963 2017 2225 2083 militum,
2255 2018 2413 2088 vigor
2444 2033 2762 2087 corporum.
2792 2017 2990 2072 robora
3039 2015 3318 2086 legionum
3350 2013 3541 2068 confe-

1961 2121 2113 2165 runt.
2157 2109 2464 2165 Consilium
2520 2125 2678 2177 ergo.
2729 2122 2846 2164 rem
2905 2123 3120 2163 summe
3166 2106 3536 2162 necessariam

1965 2205 2073 2259 hoc
2094 2204 2331 2258 articulo
2379 2204 2588 2274 negotii
2616 2202 2886 2272 perplexi.
2921 2216 3046 2256 cum
3077 2199 3538 2271 postulesmegari

1963 2313 1992 2352 a
2054 2312 2141 2352 me
2177 2296 2333 2351 nefas
2359 2297 2456 2352 sit.
2506 2295 2664 2362 Quod
2711 2306 2898 2352 autem
2953 2309 3023 2348 eo
3074 2293 3299 2348 nomine
3344 2307 3544 2356 sugge-

1965 2390 2201 2445 reudum
2261 2391 2315 2444 in
2386 2399 2626 2445 mentem
2685 2389 2956 2451 occurrit.
3021 2402 3130 2441 non
3212 2395 3298 2439 est
3366 2393 3541 2437 totum

1964 2481 2256 2551 ejusmodi.
2295 2490 2353 2536 nt
2387 2481 2621 2552 proferri
2648 2496 2832 2535 coram
2884 2479 3075 2534 multis
3103 2478 3322 2533 debeat.
3358 2475 3541 2540 Quare

1969 2587 2092 2631 utar
2112 2576 2432 2647 partitione.
2449 2584 2615 2644 atque
2632 2576 2734 2629 hoc
2751 2575 2976 2643 quidem
3000 2573 3178 2642 palam
3200 2571 3289 2624 ain
3316 2587 3329 2624 :
3353 2584 3546 2638 quem-

1968 2671 2262 2725 admodum
2282 2668 2428 2723 ultro
2441 2668 2714 2722 assentior
2729 2667 2777 2720 ei
2800 2666 2894 2735 qui
2915 2662 3273 2734 primusdixit
3293 2678 3401 2733 non
3424 2676 3546 2717 esse

1970 2761 2128 2816 nobis
2164 2757 2517 2815 conducibile
2555 2757 2784 2819 bellare.
2831 2757 2904 2810 ita
2947 2757 3182 2826 probare
3230 2768 3444 2823 nequeo
3488 2751 3545 2806 id

1966 2854 2112 2922 quod
2125 2854 2222 2922 qui
2239 2851 2402 2907 tertio
2413 2861 2470 2906 et
2486 2858 2679 2920 quarto
2697 2849 2816 2902 loco
2833 2847 3022 2902 dixere
3039 2845 3292 2907 suadent,
3309 2845 3547 2898 subeuno

1969 2947 2093 3001 dum
2158 2944 2533 3000 conditionem
2569 2940 2762 2996 tribttti
2786 2939 2978 3003 annui,
3015 2938 3210 2992 sal-tem
3253 2935 3545 2998 moderati.

1969 3039 2249 3111 puniendi
2304 3036 2549 3092 noctuis.
2593 3033 2893 3090 Genuslest
2924 3032 3213 3088 servitutis
3252 3028 3548 3084 tributaria

1969 3133 2176 3205 pactio.
2226 3130 2294 3185 ad
2319 3143 2484 3199 quam
2544 3126 2669 3182 ideo
2700 3141 2835 3197 gens
2866 3125 3062 3187 libera.
3127 3133 3183 3179 et
3227 3123 3350 3193 ejus
3399 3120 3554 3190 prin-

279 3215 446 3270 modo
464 3217 804 3272 consulatur.
826 3216 1067 3284 Quartus
1085 3219 1300 3274 inltunc
1317 3219 1541 3273 modum
1561 3217 1857 3273 disseruit:
1893 3233 1934 3291 ο
1968 3242 2121 3297 ceps.
2155 3239 2225 3281 eo
2271 3223 2471 3294 dignus
2501 3221 3038 3288 fastigiomunquam
3080 3217 3187 3272 nisi
3225 3214 3551 3270 necessitate

284 3307 397 3378 Ego
448 3323 578 3364 vero
609 3325 638 3364 a
677 3311 948 3381 legatione
979 3313 1047 3365 de
1089 3327 1200 3381 qua
1230 3311 1480 3381 proxime
1512 3310 1724 3366 dictum
1749 3320 1856 3372 est.

279 3399 629 3456 decernenda
656 3418 762 3457 non
792 3402 1091 3465 abhorreo.
1119 3417 1324 3459 censeo
1372 3411 1557 3458 tamen
1587 3402 1860 3458 adhiben-

281 3495 414 3547 dum
469 3493 692 3548 modutn
744 3504 800 3549 et
856 3495 1118 3566 precibus
1150 3505 1207 3551 et
1255 3497 1438 3558 donis.
1475 3506 1536 3552 ut
1591 3497 1697 3552 illa:
1746 3511 1860 3551 non

285 3583 517 3638 nimium
547 3585 804 3649 humiles.
830 3587 948 3641 haec
973 3586 1187 3641 modica
1217 3586 1328 3640 sint
1354 3604 1370 3641 :
1397 3587 1452 3641 in
1477 3601 1590 3656 quo
1623 3595 1862 3655 utroque

283 3675 589 3732 dexteritas
634 3678 796 3748 legati
830 3678 1157 3748 requiritur.
1191 3677 1390 3733 Gravis
1421 3679 1546 3748 ejus
1571 3677 1642 3732 sit
1682 3678 1864 3732 oratio

285 3781 340 3826 et
367 3770 548 3833 fortis.
611 3783 819 3825 metum
874 3771 1261 3833 dissimulans.
1320 3771 1718 3826 conﬁdentiam
1777 3785 1866 3825 os-

287 3873 546 3919 tentans:
587 3864 798 3933 abjccte
822 3864 1103 3933 supplices
1156 3864 1266 3918 alta
1295 3863 1595 3934 supercilia
1641 3862 1868 3917 concul-

286 3965 438 4020 cant.
460 3971 489 4010 a
516 3971 712 4025 magna
741 3957 890 4010 ultro
920 3953 1309 4011 deferentibus
1344 3957 1551 4024 majora
1612 3953 1868 4025 ﬂagitan-

288 4059 402 4104 tur.
431 4047 669 4103 l’ecunia
693 4048 906 4118 ingenti
938 4063 1048 4104 non
1083 4059 1193 4104 tam
1241 4064 1346 4118 pax
1375 4047 1670 4103 redimitur
1699 4063 1864 4117 quam

288 4143 356 4196 ad
429 4141 808 4212 oppressiouis
859 4142 1148 4196 audaciam
1212 4141 1405 4196 hostes
1466 4141 1865 4206 instruuntur;

286 4235 485 4306 exigua
515 4235 596 4290 sic
630 4233 868 4288 victores
886 4233 1102 4294 delinit.
1127 4241 1190 4287 ut
1227 4233 1406 4287 victos
1425 4247 1532 4286 non
1555 4231 1866 4287 exhauriat.

285 4315 560 4384 Plusfacit
597 4325 878 4380 interdum
895 4325 1190 4379 dimidium
1213 4339 1377 4394 quam
1399 4333 1574 4378 totum
1597 4324 1872 4395 :utvirga:

284 4419 356 4474 ad
370 4419 541 4474 solent
573 4416 774 4473 stantis
805 4415 1026 4471 modica
1051 4413 1274 4470 innoxio
1287 4417 1540 4472 umbram
1558 4428 1744 4488 auget.
1767 4418 1872 4472 im—

285 4512 506 4568 modica
521 4511 818 4566 consumit.
839 4511 1066 4566 Summa
1107 4510 1224 4565 haec
1259 4520 1343 4565 est
1363 4525 1500 4566 meae
1538 4512 1867 4566 seutcmizez

1967 3319 2198 3374 adactus
2216 3317 2410 3372 ultima
2427 3312 2756 3369 descendat.
2783 3309 3063 3366 Beneﬁcio
3107 3306 3271 3363 deum
3305 3305 3549 3362 nondum

1963 3427 2034 3467 eo
2061 3411 2185 3466 loco
2225 3423 2315 3464 res
2347 3417 2550 3463 nostra:
2605 3415 2736 3460 sunt
2767 3445 2782 3468 .
2813 3413 2876 3460 ut
2904 3417 3171 3459 excusare
3215 3399 3557 3471 apud-fatuae

1959 3504 2233 3576 judicium
2284 3500 2562 3571 possimus
2606 3498 2980 3568 abjectionem
3033 3493 3378 3551 inﬂectenda:
3429 3507 3554 3547 cer-

1965 3597 2108 3652 vicis
2165 3595 2268 3650 επὶ)
2321 3596 2508 3664 iugum
2555 3581 2697 3646 adeo
2751 3594 3104 3661 probrosum.
3161 3591 3340 3657 Atque
3381 3586 3436 3641 in
3469 3585 3559 3640 bis

1965 3687 2215 3748 duobus.
2253 3685 2500 3747 doine.
2527 3691 2679 3738 stare
2705 3692 2758 3736 te
2795 3685 2961 3736 tntum
3011 3692 3068 3734 et
3121 3678 3544 3733 irrevocabilem

1965 3795 2230 3849 cuperem
2256 3795 2271 3843 ;
2308 3793 2432 3830 nam
2457 3777 2549 3846 qui
2576 3775 2810 3830 ﬂuctuat
2830 3773 2968 3828 nihil
2989 3771 3234 3840 expedit.
3248 3779 3306 3825 et
3331 3779 3558 3824 contra-

1967 3874 2177 3928 riarum
2210 3869 2634 3932 sententiarum.
2667 3868 2811 3922 inter
2839 3882 2975 3936 quas
2998 3866 3244 3920 incertus
3267 3863 3554 3917 conﬂicta-

1971 3975 2084 4028 tur,
2114 3969 2315 4019 damna
2339 3961 2580 4016 incurrit
2605 3974 2705 4015 nec
2730 3959 2964 4030 percipit
2987 3956 3297 4012 commoda.
3317 3955 3549 4017 Caetera.

1971 4074 2096 4128 quae
2129 4067 2254 4127 post
2293 4056 2406 4110 haec
2432 4053 2612 4108 habeo
2638 4049 3017 4118 proponenda.
3049 4064 3327 4103 secessum
3373 4057 3430 4102 et
3461 4063 3551 4100 se-

1971 4159 2188 4206 cretum
2232 4149 2490 4218 exigunt.
2523 4144 2766 4199 Eﬂ‘atum
2796 4150 2882 4197 est
2908 4142 3222 4211 sapientum
3279 4149 3557 4202 veterum,
3604 4154 3611 4164 ·

1969 4257 2134 4314 reges
2154 4239 2295 4297 cliici
2320 4250 2572 4294 votorum
2597 4244 2883 4307 compotes
2901 4233 3384 4288 administratione
3405 4232 3554 4301 οριὶρ-

1974 4352 2100 4396 ma:
2177 4331 2720 4388 administrationem
2785 4329 3054 4400 optimam
3135 4342 3202 4382 ex
3253 4325 3549 4392 multiplici

1972 4431 2240 4485 exsistere
2274 4425 2510 4481 consilio
2538 4441 2554 4492 ;
2585 4422 2904 4487 consilium.
2943 4430 3002 4476 ut
3023 4428 3386 4490 unguentum.
3407 4425 3559 4472 eate-

1975 4539 2083 4579 nus
2114 4521 2353 4590 probum
2386 4532 2508 4573 esse
2531 4557 2549 4578 .
2585 4514 2769 4586 quoad
2821 4522 3028 4569 tectum
3068 4519 3326 4568 teneatur
3377 4509 3434 4563 in
3469 4525 3559 4564 ar-

287 4622 393 4662 ncc
415 4605 775 4662 recusandam
797 4605 989 4660 tributi
1010 4604 1407 4666 conditionem.
1429 4619 1532 4660 nec
1552 4605 1680 4659 belli
1701 4621 1875 4674 appa-
1909 4588 1950 4643 Ῑ)
1982 4588 2168 4670 ωηο-ι
2201 4613 2246 4667 si
2265 4608 2631 4680 exspiraverit
2653 4605 3184 4662 evanescit.Arcaua
3209 4603 3440 4658 consilia
3463 4617 3560 4658 sex

288 4710 468 4756 ratum
539 4700 933 4762 omittendum,
1007 4699 1280 4754 lihraudis
1359 4699 1654 4769 prudentia
1729 4699 1874 4755 inter

285 4803 582 4864 utramque
613 4791 998 4847 necessitatem
1031 4789 1326 4844 momentis
1357 4790 1592 4860 publicae
1615 4788 1870 4845 fortume.

367 4885 455 4941 Ill.
488 4885 727 4952 Quintus
755 4884 836 4940 sic
862 4899 1094 4939 exorsus
1119 4896 1239 4940 est:
1265 4884 1384 4938 Non
1420 4897 1720 4953 possumus
1750 4882 1870 4937 bel-

288 4979 404 5035 lum
437 4993 632 5049 gerere
668 4993 796 5032 cum
851 4979 1095 5042 noctuis.
1151 4979 1356 5048 opibus
1387 4979 1474 5032 ha:
1506 4977 1784 5047 siquidem
1817 4987 1873 5032 et

292 5073 540 5144 potentia
589 5072 750 5141 longe
803 5073 972 5129 nobis
1020 5081 1328 5144 pra'staut;
1387 5073 1484 5143 qui
1529 5087 1683 5134 vero.
1721 5071 1871 5125 haud

290 5172 443 5218 recte
472 5162 745 5218 subducta
782 5163 1136 5233 propriarum
1163 5164 1379 5218 ratione
1412 5163 1637 5228 virium,
1664 5173 1873 5218 temere

289 5256 552 5312 fortiores
613 5255 858 5321 lacessit.
918 5258 1164 5326 seipsum
1232 5256 1472 5327 jugulat.
1537 5272 1609 5310 ne
1667 5256 1874 5310 laedens

289 5349 517 5419 quidem
574 5349 948 5405 adversarios.
1013 5347 1207 5420 Magna
1267 5365 1394 5420 pars
1431 5358 1516 5404 est
1559 5347 1873 5418 prudentiae

290 5458 403 5496 non
439 5452 798 5498 contemnere
835 5441 1051 5498 hostem
1080 5459 1094 5509 ;
1121 5456 1222 5496 nec
1259 5441 1467 5495 nullam
1493 5440 1635 5495 forte
1657 5449 1872 5508 partem

293 5535 464 5591 habet
499 5535 556 5590 in
613 5551 778 5591 causa
818 5535 994 5590 cladis
1063 5547 1228 5592 nocte
1285 5535 1560 5604 przeterita
1611 5544 1872 5604 acceptae.

292 5629 442 5702 quod
492 5637 728 5686 noctuas
780 5646 977 5700 parum
1026 5645 1190 5700 posse
1244 5630 1635 5685 credebatuus.
1681 5627 1874 5683 Timeo

292 5721 555 5792 equidem
587 5731 642 5775 et
683 5737 902 5793 semper
941 5722 1102 5776 timui
1130 5722 1574 5792 qualemcunque
1607 5723 1870 5778 adversa-

295 5815 464 5880 rium,
509 5817 816 5884 praesertim
873 5817 919 5870 si
981 5831 1152 5888 prope
1211 5818 1326 5880 sit;
1358 5832 1467 5871 nec
1523 5818 1754 5888 ignavus
1783 5817 1874 5872 hic

295 5911 516 5967 ructus;
551 5903 646 5959 sed
699 5921 980 5978 generosa).
1010 5905 1330 5962 securitatis
1382 5922 1610 5979 promus
1657 5905 1878 5965 Condus

1976 4707 2134 4762 rimis
2155 4719 2413 4761 emanare
2439 4704 2496 4757 in
2521 4703 2773 4758 notitiam
2801 4711 3035 4769 possunt
3065 4715 3080 4754 :
3114 4707 3208 4752 aut
3237 4698 3360 4766 ejus
3381 4712 3563 4752 enun-

1975 4797 2204 4853 tiatione
2229 4795 2326 4866 qui
2360 4794 2691 4850 sententiam
2714 4792 2928 4862 rogavit
2953 4831 2969 4854 .
2999 4799 3097 4845 aut
3113 4805 3310 4844 eorum
3342 4787 3567 4844 confusa

1967 4891 2129 4944 sione
2158 4890 2254 4959 qui
2294 4886 2735 4958 responderunt.
2774 4895 2870 4939 aut
2907 4884 3291 4938 ministrorum
3327 4897 3566 4936 exsecu~

1979 4982 2114 5036 tioni
2151 4980 2536 5050 przefectorum
2557 4979 2920 5047 loquacitate.
2961 4983 3062 5028 aut
3097 4975 3401 5044 legatorum
3435 4974 3565 5043 qui.

1977 5077 2080 5131 bus
2111 5088 2268 5129 mens
2311 5071 2582 5144 principis
2645 5068 2964 5124 necessario
3014 5066 3284 5130 creditur.
3337 5067 3562 5137 garrula

1976 5169 2281 5239 prurigine.
2343 5174 2440 5220 aut
2496 5163 2776 5234 sagacium
2818 5160 3158 5228 coniecturis
3209 5161 3302 5229 qui
3333 5175 3363 5214 e
3395 5168 3562 5213 vesti-

1981 5259 2084 5328 giis
2115 5259 2294 5329 palam
2331 5267 2587 5311 actorum
2645 5254 2788 5308 clam
2825 5253 3074 5308 consulta
3101 5251 3431 5308 odorantur.
3465 5262 3564 5306 aut

1975 5351 2218 5420 denique
2249 5347 2564 5405 temerariis
2593 5345 2821 5417 judiciis
2874 5344 3180 5399 otiosorum
3215 5342 3563 5411 incomperta

1974 5442 2227 5496 divinare
2267 5439 2614 5498 conantium.
2662 5437 2794 5491 dum
2845 5451 2977 5490 casu
3011 5435 3202 5505 (quod
3282 5433 3340 5487 iit
3391 5433 3565 5488 iuter~

1975 5536 2153 5605 dum)
2201 5535 2256 5588 in
2303 5548 2496 5587 verum
2549 5533 2862 5587 incurrunt.
2925 5532 3098 5584 Porro
3155 5529 3414 5597 princeps
3465 5527 3560 5597 qui

1975 5644 2088 5684 suae
2115 5627 2320 5682 mentis
2383 5640 2646 5682 arcanum
2699 5623 3008 5680 iuvi-elahili
3059 5621 3259 5677 secreti
3293 5620 3562 5689 religione

1976 5719 2246 5774 itumitum
2276 5718 2511 5781 obtinet.
2551 5716 2829 5787 duplicem
2875 5730 2942 5768 ex
2993 5729 3062 5769 eo
3097 5712 3388 5767 utilitatem
3439 5713 3560 5769 col-

1978 5813 2132 5883 ligit:
2165 5827 2292 5866 nam
2325 5820 2382 5867 et
2421 5825 2531 5864 non
2555 5809 2768 5880 patitur
2792 5808 3080 5862 obstacula
3109 5806 3436 5876 Oppmtenda
3457 5821 3563 5874 per

1976 5907 2250 5974 conscios,
2297 5906 2588 5976 victorque
2622 5903 2748 5962 inde
2773 5902 3069 5975 propositi,
3099 5917 3360 5960 successu
3383 5901 3566 5958 destiu
