4016 6524
507 403 640 470 1311

1913 410 2317 478 ΑΡΡΕΝΒΙΧ.

3633 412 3769 478 1312

505 532 762 578 natorum
817 523 872 578 in
913 522 1038 578 sinu
1079 524 1325 594 gaudet;
1367 532 1422 578 et
1470 523 1516 578 si
1549 524 1672 594 quis
1697 538 1858 579 casus
1915 523 2086 579 inter-
2116 538 2160 593 Α
2191 543 2354 595 quem
2409 543 2600 583 eorum
2675 528 2985 583 cervicibus
3039 528 3324 597 imponere
3401 528 3768 598 meditamini,

504 616 739 669 verterit
764 615 1044 680 eﬂectum,
1080 626 1280 686 praeter
1335 633 1500 686 quam
1565 633 1632 671 ne
1688 625 1802 671 tum
1867 618 2088 687 quidem

511 708 741 762 debebit
773 707 1074 762 ludibrium
1107 712 1294 778 vulgo.
1335 709 1570 763 irridere
1605 718 1814 763 tentata
1851 725 1959 763 non
1997 725 2092 780 pa-

510 808 722 854 trantes
750 800 934 864 solito,
964 801 1275 854 lucrifaciet
1307 802 1473 855 etiam
1501 801 1627 856 odia
1655 817 1844 855 eorum
1874 802 1928 854 in
1953 816 2093 870 quos

512 893 795 947 machinas
824 892 1161 956 intenderat,
1196 893 1289 961 qui
1326 893 1372 947 si
1401 901 1629 947 nossent
1679 893 1811 960 quid
1851 893 1903 945 in
1945 893 2093 961 ipsos

512 992 780 1052 parasset.
838 983 945 1036 iras
1005 998 1180 1052 usque
1214 983 1269 1036 in
1325 982 1566 1036 furorem
1623 983 1932 1037 irritarent.
1973 983 2092 1038 Non

513 1075 679 1131 debet
715 1075 1132 1145 autem‘pigere
1191 1075 1496 1145 principem
1545 1075 1678 1128 dare
1731 1090 1920 1129 aurem
1963 1091 2094 1144 sug-

512 1181 703 1236 gerere
735 1165 1018 1236 quidpiam
1067 1180 1271 1220 arcano
1332 1165 1686 1230 volentibus;
1740 1181 1866 1219 nam
1902 1166 2096 1236 quale-

513 1273 734 1327 cunque
794 1257 849 1311 id
907 1258 1132 1312 demum
1188 1257 1280 1319 sit,
1327 1271 1665 1327 cognoscere
1731 1257 1860 1326 quid
1906 1266 2093 1320 nocet,

514 1347 663 1417 quod
721 1348 934 1418 rejiciat
999 1363 1099 1417 pro
1153 1348 1386 1402 arbitrio
1440 1349 1487 1402 si
1548 1349 1753 1402 bonum
1809 1364 1919 1402 non
1970 1349 2096 1403 est?

517 1443 752 1496 Acuitur
792 1450 1056 1511 praeterea
1092 1456 1247 1496 mens
1273 1442 1393 1512 ejus
1417 1443 1521 1496 ista
1551 1442 1949 1513 dijudicatione
1996 1459 2094 1496 va-

519 1534 727 1587 riorum
763 1548 1050 1595 sensuum,
1103 1543 1159 1586 et
1189 1535 1493 1588 auctoritas
1535 1544 1700 1604 atque
1753 1534 2094 1589 existimatio

519 1627 810 1680 firmantur
832 1627 940 1680 isto
969 1627 1306 1680 commercio
1334 1635 1677 1681 secretorum
1701 1626 1847 1695 apud
1874 1629 2092 1698 vulgus,

517 1717 787 1788 quidquid
816 1734 924 1771 non
945 1718 1206 1788 intelligit
1255 1718 1557 1780 admirans.
1589 1729 1646 1774 et
1677 1719 1821 1788 quod
1851 1718 2094 1774 admira-

519 1819 610 1864 tur
647 1811 807 1866 facile
835 1826 1106 1866 venerans
1135 1829 1148 1875 ;
1190 1810 1323 1880 quin
1357 1811 1524 1864 idem.
1553 1810 1733 1880 ipsum
1781 1811 2090 1866 terribilem

2197 621 2472 674 domino?
2502 619 2678 683 Mitto.
2714 619 2960 690 inquam,
2997 620 3136 680 haec,
3161 629 3360 674 vestra:
3419 635 3520 689 per
3564 636 3624 675 se
3657 622 3774 676 ani-

2195 713 2592 768 madvertenda
2621 712 2980 782 providentia
3009 712 3370 781 permittens:
3395 711 3529 765 illud
3562 727 3771 782 quam,

2195 807 2354 875 cujus
2389 820 2485 861 vos
2511 821 2712 860 sensus
2738 804 2945 859 indicio
2981 812 3090 858 tam
3126 804 3267 858 bene
3298 803 3437 858 affici
3487 820 3620 873 erga
3678 821 3776 858 no-

2194 907 2378 952 ctuam
2413 898 2728 968 potueritis,
2757 907 2818 952 ut
2860 897 2910 951 ei
2979 896 3103 952 cmli
3160 911 3223 950 ac
3265 906 3538 951 terrarum
3598 897 3777 951 domi-

2195 991 2348 1043 nium
2373 989 2677 1059 optaretis?
2706 988 2787 1043 An
2820 990 2940 1059 ejus
2971 989 3150 1041 forma
3203 988 3362 1041 vobis
3391 1003 3453 1041 ae
3494 988 3666 1042 facies
3692 987 3777 1042 di-

2195 1096 2300 1150 gna
2335 1080 2570 1150 imperio
2602 1081 2716 1134 visa
2755 1080 2960 1148 placuit
2989 1080 3012 1132 7
3047 1078 3101 1131 ld
3132 1079 3446 1146 suspicarer
3471 1079 3516 1133 si
3548 1078 3774 1147 pavoni,

2194 1171 2239 1225 si
2265 1187 2462 1244 cycno,
2508 1172 2554 1226 si
2613 1173 2883 1227 columba:
2934 1172 3248 1226 faveretis?
3294 1170 3470 1226 Canlu
3522 1183 3615 1225 aut
3664 1187 3778 1225 ser-

2196 1278 2360 1317 mone
2419 1279 2519 1319 vos
2576 1264 2840 1320 delinitos
2899 1264 3226 1330 arbitrarer,
3285 1265 3332 1318 si
3389 1264 3664 1330 luscinim,
3729 1264 3774 1318 si

2196 1355 2429 1425 psittaco
2483 1356 2707 1411 studere
2756 1372 2854 1412 vos
2911 1357 3242 1410 cernerem?
3314 1356 3621 1410 Monstrum
3673 1357 3776 1412 hoc

2195 1461 2419 1518 aspectu
2473 1451 2736 1506 horribile
2765 1490 2782 1516 ,
2830 1452 3039 1506 ululatu
3098 1451 3552 1515 abominandum,
3599 1452 3774 1505 fetore
3822 1471 3831 1478 ·

2197 1542 2564 1597 teterrimum.
2629 1545 2806 1614 cujus,
2859 1543 3030 1598 dicite
3084 1544 3283 1597 amabo
3323 1559 3441 1608 vos,
3495 1559 3779 1598 commen-

2196 1632 2418 1688 datione
2449 1635 2596 1688 dotis
2619 1637 3009 1690 ostentandam
3074 1635 3129 1688 in
3168 1635 3310 1689 solio
3346 1635 3660 1690 diademate
3687 1651 3778 1690 co-

2196 1725 2506 1780 ronandum
2561 1728 2886 1796 putavistis?
2921 1728 3030 1790 ,An
3065 1728 3314 1796 corporis
3370 1727 3775 1798 turpitudinem

2195 1817 2387 1872 laudes
2427 1820 2482 1873 in
2523 1836 2591 1874 eo
2628 1821 2798 1875 animi
2849 1821 3257 1890 compensant?
3282 1821 3544 1889 Quanam
3609 1822 3780 1876 vero?

519 1903 770 1959 hostibus
805 1903 954 1958 facit.
981 1903 1231 1968 Quatuor
1265 1904 1410 1958 enim
1437 1913 1570 1958 sunt
1593 1919 1716 1972 quae
1746 1920 1901 1970 reges
1958 1906 2091 1959 sub-
2123 1901 2164 1954 Β
2193 1909 2334 1963 Num
2367 1911 2842 1983 scientia?stipite
2872 1927 2938 1969 ac
2970 1929 3103 1967 saxo
3133 1913 3410 1982 stupidior
3435 1923 3644 1968 noctua
3675 1923 3778 1968 est.

517 1996 652 2050 ditis
674 2005 965 2066 augustos,
999 1994 1326 2050 formidatos
1358 1995 1570 2050 exteris
1600 1995 1841 2050 reddunt
1870 2016 1882 2049 :
1920 1996 2095 2065 impe-

519 2089 809 2144 netrabilis
837 2104 1166 2144 arcanorum
1205 2088 1362 2154 fides,
1387 2088 1556 2142 multa
1582 2103 1708 2142 cum
1744 2089 2095 2158 sapientissi-

516 2181 624 2235 mis
643 2181 937 2250 colloquia,
978 2180 1360 2236 ministrorum
1411 2180 1699 2235 solertium
1741 2182 1808 2234 ad
1867 2171 2091 2250 négotia

517 2272 784 2338 delectus,
837 2284 894 2327 et
965 2284 1086 2342 post
1111 2287 1362 2326 navaiain
1411 2287 1634 2340 operam
1699 2272 2093 2339 remuneratio,

517 2364 757 2435 denique
791 2365 1150 2420 inexorabilis
1184 2365 1454 2419 severitas
1477 2364 1534 2419 in
1588 2364 1816 2434 perfidia
1853 2366 2099 2435 prodito-

521 2471 642 2510 rum
677 2455 979 2526 punienda.
1014 2456 1291 2511 Hactenus
1324 2457 1511 2512 dicere
1543 2457 1721 2526 palam
1755 2458 1928 2527 potui.
1966 2456 2098 2523 Qua:

519 2557 819 2618 supersunt
858 2551 1121 2604 momenti
1152 2553 1219 2605 ad
1276 2567 1392 2606 rem
1429 2567 1549 2621 qum
1609 2561 1765 2620 urget
1816 2551 2098 2621 aliquanto

522 2642 766 2712 majoris,
793 2657 1152 2713 congressum
1196 2643 1424 2714 exigunt
1477 2644 1774 2712 privatum,
1835 2645 1923 2698 cui
1975 2643 2098 2698 duae

519 2735 742 2805 linguae,
776 2752 942 2790 aures
1002 2745 1261 2805 quatuor,
1293 2752 1395 2790 nec
1448 2737 1572 2805 plus
1624 2737 1924 2802 intersint;
1975 2735 2096 2790 ubi-

519 2842 742 2896 cunque
775 2827 866 2881 hic
899 2843 1163 2882 numerus
1194 2827 1503 2892 exceditur,
1546 2830 1862 2898 explorator
1897 2828 2100 2883 subau-

520 2919 767 2974 scultans
793 2919 976 2974 locum
1013 2920 1245 2976 invenit.

595 3009 681 3063 IV.
718 3010 814 3064 llis
843 3027 938 3065 rex
965 3012 1170 3066 auditis
1207 3013 1419 3068 dimisit
1450 3021 1680 3075 coetum.
1707 3022 1763 3068 et
1787 3027 2098 3070 senatorem

522 3101 618 3170 qui
653 3102 882 3156 ultimus
909 3103 1123 3158 dixerat
1164 3116 1506 3175 assumptum
1539 3107 1595 3160 in
1620 3106 1876 3161 intimum
1909 3123 2096 3162 secum

522 3193 844 3250 cubiculum
877 3197 1126 3253 abduxit.
1167 3198 1245 3252 lbi
1278 3198 1390 3252 duo
1423 3215 1490 3253 ex
1513 3213 1580 3252 eo
1604 3207 1964 3268 percontatus
1991 3209 2095 3255 est:

522 3287 698 3356 prius,
727 3304 893 3359 quam
927 3304 1150 3344 causam
1188 3289 1511 3346 habuissent
1536 3301 1753 3347 noctua:
1798 3292 1928 3347 belli
1967 3308 2099 3347 con-

523 3388 606 3434 tra
651 3395 849 3436 corvos
903 3381 1271 3437 indenuntiati
1330 3392 1436 3436 tam
1482 3399 1624 3438 saeva
1658 3385 1969 3455 irruptione
2019 3386 2104 3440 in-

521 3474 785 3540 choandi,
816 3475 1050 3529 alterum
1087 3490 1208 3544 quae
1246 3477 1384 3530 ratio
1416 3475 1524 3545 ipsi
1551 3476 1840 3530 videretur
1891 3477 2101 3546 optima

521 3581 714 3621 earum
767 3575 864 3621 aut
911 3567 1349 3622 uleiscendarum
1398 3576 1492 3622 aut
1549 3568 2098 3638 compescendarum.

519 3658 603 3714 Ad
638 3659 793 3729 prius
818 3669 1044 3724 senator
1071 3661 1356 3730 respondit
1383 3660 1438 3716 in
1481 3661 1628 3716 hunc
1683 3662 1906 3716 modum
1937 3680 1954 3718 :
1992 3663 2102 3718 Au-

523 3751 709 3821 tiquaa,
745 3751 989 3816 domine,
1048 3754 1328 3808 memoria:
1375 3769 1466 3809 res
1513 3762 1599 3809 est
1645 3770 1808 3824 quam
1856 3755 2097 3824 priorem

520 3843 743 3914 quaeris,
782 3845 920 3899 mihi
957 3855 1090 3900 nota
1132 3845 1406 3901 beneficio
1461 3849 1662 3913 aetatis,
1691 3863 1799 3917 qua
1833 3863 1980 3911 sum,
2039 3856 2101 3901 ut

518 3937 652 4000 scis,
682 3951 846 4006 quam
881 3948 937 3990 tu
974 3940 1311 4007 provectior.
1367 3939 1471 4006 Qui
1519 3949 1653 3994 tunc
1701 3949 1894 4010 regnat
1951 3940 2098 4010 apud

518 4037 774 4093 nactuas,
837 4039 1117 4084 veterator
1158 4030 1513 4098 vaferrimus,
1554 4032 1686 4087 olim
1745 4033 1801 4087 in
1852 4033 2098 4088 comitiis

517 4118 724 4185 avium,
791 4130 842 4174 te
907 4120 1150 4174 nondum
1205 4129 1336 4175 nato
1391 4121 1702 4182 celebratis,
1768 4122 2100 4178 candidatus

521 4215 697 4286 regni,
731 4225 840 4270 tam
872 4217 1074 4272 callido
1110 4217 1343 4283 ambitu,
1397 4219 1763 4286 coitionibus,
1793 4236 1902 4290 qua
1950 4222 2100 4276 valet

519 4315 659 4369 arte,
693 4308 1006 4370 nocturnis,
1039 4309 1220 4363 tribus
1251 4317 1396 4365 totas
1434 4321 1772 4373 emeruerat,
1825 4321 1886 4365 ut
1932 4313 2099 4383 justis

426 4412 428 4414 '
518 4396 798 4466 suffragiis
841 4397 1217 4453 declarandus
1257 4400 1567 4469 imperator
1616 4401 1904 4457 volucrum
1942 4411 2097 4458 certo

518 4486 861 4541 crederetur.
906 4487 1133 4556 Disjecit
1183 4491 1550 4560 perniciosam
1601 4493 1944 4548 molitionem
1998 4509 2096 4564 pa-

2197 2003 2278 2054 An
2320 2002 2676 2068 benignitas?
2717 2003 2987 2058 dracones
3016 2019 3079 2058 ac
3116 2004 3354 2074 viperas,
3404 2013 3520 2058 tum
3565 2005 3612 2057 si
3649 2003 3780 2073 quid

2197 2095 2400 2160 dirius,
2443 2095 2782 2166 malignitate
2815 2096 3008 2150 vincit.
3043 2095 3236 2152 Utrum
3288 2095 3529 2164 denique
3589 2095 3784 2149 affabi-

2200 2188 2368 2244 litas?
2400 2190 2658 2242 omnibus
2689 2203 2853 2243 exosa
2881 2203 3073 2242 omnes
3121 2186 3258 2251 odit,
3301 2196 3410 2242 tota
3461 2203 3528 2240 ex
3564 2187 3778 2252 fraude,

2198 2281 2392 2341 livore.
2435 2280 2780 2336 immanitate
2837 2281 2962 2334 ficta
3005 2279 3372 2348 conflataque.
3408 2279 3508 2333 Cui
3535 2293 3775 2348 unquam

2201 2373 2518 2444 reipublicae
2544 2372 2684 2427 bene
2720 2371 2840 2437 fuit,
2872 2371 3030 2442 cujus
3080 2371 3382 2440 principem
3431 2387 3595 2425 nemo
3631 2371 3778 2424 adire

2199 2465 2570 2530 subditorum,
2613 2480 2778 2518 nemo
2810 2463 3017 2518 intueri
3047 2463 3322 2518 sustinet?
3349 2462 3490 2529 Quid
3538 2463 3584 2516 si
3646 2478 3778 2531 prae-

2201 2567 2350 2614 terea
2392 2565 2797 2622 contemnatur,
2838 2557 2885 2611 si
2942 2555 3182 2611 ludibrio
3220 2556 3306 2610 vel
3364 2556 3612 2610 minimis
3665 2557 3777 2610 sit?

2201 2651 2478 2720 quomodo
2503 2651 2550 2704 is
2589 2649 2733 2704 ferre
2767 2665 2866 2718 pro
2907 2649 3170 2720 dignitate
3203 2648 3540 2718 majestatem
3602 2647 3772 2716 regni,

2200 2759 2289 2798 res
2329 2744 2738 2804 administrare,
2808 2742 3046 2811 publicis
3075 2741 3412 2811 {prospicere
3469 2741 3775 2794 commodis

2201 2835 2441 2904 poterit?
2485 2834 2844 2902 Elephantem
2898 2843 3009 2887 tam
3067 2833 3228 2897 forte,
3291 2831 3508 2900 ingens,
3569 2830 3771 2896 nobile,

2199 2925 2484 2981 cordatum
2527 2928 2670 2981 inter
2698 2923 3086 2994 quadrupedes
3119 2923 3324 2977 animal
3379 2921 3653 2976 excidisse
3684 2937 3775 2977 au-

2199 3021 2478 3084 ctoritate,
2533 3030 2698 3089 atque
2749 3034 2779 3072 a
2837 3019 2993 3090 regni
3043 3034 3141 3088 spe
3194 3019 3510 3073 submotum
3567 3017 3771 3082 ferunt,

2201 3113 2395 3168 bestiis
2452 3112 2677 3167 offensis
2733 3100 2967 3180 quadam
3031 3111 3155 3181 ejus
3208 3110 3595 3178 superstitiosa
3627 3125 3776 3164 vere-

2202 3206 2404 3260 cundia
2433 3206 2580 3261 lunm
2613 3211 2780 3260 noctu
2820 3203 3102 3270 fulgentis,
3133 3203 3205 3256 ob
3245 3217 3408 3270 quam
3449 3200 3600 3254 fama
3657 3201 3775 3256 vul-

2202 3306 2380 3367 gatam
2407 3296 2574 3351 etiam
2604 3295 2888 3364 lepusculo
2911 3293 3170 3348 debuisse
3207 3293 3508 3348 ludibrium
3548 3292 3771 3347 dicitur.

2202 3391 2464 3446 Fabulam
2494 3405 2604 3444 non
2635 3389 2874 3459 longam,
2906 3389 3036 3458 quia
3068 3385 3286 3440 videtur
3309 3385 3376 3441 ad
3403 3401 3523 3442 rem
3573 3384 3773 3451 facere,

2203 3481 2444 3536 breviter
2473 3481 2732 3535 referam.
2869 3498 2922 3514 --

2272 3572 2336 3628 ν.
2374 3572 2597 3627 Exclusi
2622 3567 2919 3639 aliquando
2948 3569 3273 3638 elephantes
3303 3569 3482 3623 solitis
3531 3569 3772 3638 pascuis,

2191 3656 2348 3740 quod
2385 3668 2526 3723 forte
2584 3683 2683 3737 per
2739 3676 2982 3721 aestatem
3023 3665 3178 3721 lacus
3235 3665 3380 3719 unde
3427 3665 3774 3734 aquabantur

2200 3766 2511 3818 exaruerat,
2542 3768 2598 3812 et
2621 3757 2783 3812 sedes
2813 3757 2944 3811 alibi
2993 3772 3242 3827 qua-rere
3287 3758 3484 3820 coacti,
3541 3757 3776 3816 devene-

2201 3857 2334 3902 runt
2362 3849 2416 3902 in
2455 3849 2649 3903 vallem
2691 3863 2823 3902 sane
2855 3847 3113 3916 pinguem
3144 3857 3202 3902 et
3251 3848 3572 3910 herbosam,
3628 3850 3774 3905 fonte

2201 3940 2255 3993 in
2309 3938 2627 3993 declivitate
2656 3938 2814 3993 collis
2863 3947 3206 4005 emergente,
3241 3938 3549 4004 eodemque
3582 3940 3774 4004 ubere,

2201 4029 2485 4100 irriguam.
2509 4029 2630 4084 Non
2679 4029 2821 4082 ultra
2894 4028 3234 4098 pergendum
3292 4030 3490 4094 visum,
3547 4031 3774 4099 probata

2200 4122 2459 4178 omnibus
2519 4121 2860 4176 habitatione
2919 4124 2997 4175 uti
3059 4119 3322 4191 deinceps
3380 4121 3772 4178 decreverunt.

2203 4215 2308 4270 Sed
2342 4214 2662 4269 insederant
2692 4213 2744 4270 id
2771 4213 2949 4268 solum
2984 4221 3145 4268 antea
3176 4212 3384 4268 densus
3412 4213 3654 4283 populus
3681 4231 3776 4268 cu-

2201 4308 2535 4368 niculorum,
2579 4307 2672 4376 qui
2720 4305 2971 4360 dolentes
3013 4320 3241 4359 suorum
3291 4305 3584 4374 plurimos,
3643 4307 3770 4362 dum

2201 4398 2453 4456 cavernis
2481 4397 2681 4468 passim
2710 4397 2826 4451 suis
2873 4395 2942 4450 ad
2979 4403 3193 4464 pastum
3242 4405 3339 4450 aut
3398 4406 3590 4465 potum
3649 4415 3774 4467 pro-

2199 4494 2390 4568 dcunt,
2425 4507 2452 4544 a
2487 4491 2646 4546 novis
2685 4489 2999 4556 hospitibus
3029 4489 3170 4544 mole
3217 4504 3514 4558 corporum
3561 4494 3773 4562 gravis.

518 4587 679 4635 truus
714 4588 863 4645 tuus,
897 4581 991 4650 qui
1025 4581 1166 4636 obiit
1197 4592 1249 4637 te
1303 4599 1498 4653 puero,
1531 4601 1696 4653 quem
1751 4596 1882 4641 tunc
1927 4586 2098 4641 habe-
2126 4601 2169 4658 ι)
2199 4585 2354 4641 simis
2392 4584 2521 4639 elidi
2553 4582 2926 4642 conculcatos.
2989 4581 3043 4634 in
3095 4581 3385 4635 consilium
3441 4593 3670 4646 coeunt,
3717 4584 3771 4638 in

519 4671 717 4727 bamus
760 4671 815 4726 in
866 4681 1058 4726 nostro
1119 4687 1320 4743 genere
1383 4673 1678 4742 prudentia
1720 4683 2093 4745 praestantem.

520 4762 799 4818 Postulata
833 4763 982 4817 enim
1019 4762 1287 4818 concione
1313 4764 1394 4818 sic
1421 4763 1688 4819 disseruit
1715 4782 1728 4818 :
1772 4763 1966 4828 Video,
1993 4781 2098 4821 nec

517 4855 667 4909 enim
724 4855 1018 4910 obscurum
1075 4861 1188 4920 est,
1228 4869 1339 4923 quo
1398 4854 1650 4925 plerique
1683 4855 2093 4924 propendeatis.

521 4945 628 5001 Sed
661 4946 922 5016 quoniam
959 4946 1116 5009 tanti,
1153 4956 1420 5015 quantum
1484 4947 1729 5015 profecto
1765 4947 2093 5018 intelligitis,

519 5038 798 5096 momenti,
818 5039 1099 5106 negotium
1137 5038 1343 5107 agitur,
1381 5052 1628 5091 mearum
1676 5052 1800 5092 esse
1853 5040 2094 5107 partium

439 5176 448 5185 .
520 5131 704 5198 putavi
733 5131 860 5194 hoc,
891 5129 1040 5201 quod
1065 5138 1195 5184 ante
1229 5145 1344 5184 rem
1378 5138 1558 5184 actam
1583 5128 1750 5184 breve
1777 5129 2092 5200 intcrjacet,

519 5227 698 5297 spatio
740 5227 1037 5280 admonere
1089 5239 1190 5278 vos
1221 5232 1282 5277 ut
1311 5223 1480 5278 etiam
1522 5232 1690 5291 atque
1744 5223 1911 5278 etiam
1947 5223 2097 5293 cogi-

520 5320 651 5374 tetis
673 5334 840 5388 quam
862 5317 1056 5371 duram
1089 5315 1460 5384 acerbamque
1503 5314 1826 5369 servitutem
1859 5315 2017 5368 vobis
2039 5325 2093 5370 et

519 5411 780 5465 universo
808 5408 1012 5476 ubique
1037 5408 1288 5462 locorum
1341 5407 1626 5460 volucrum
1657 5405 1843 5473 generi
1888 5407 2095 5476 paretis

519 5500 828 5572 injungere.
889 5499 1043 5555 Mitto
1107 5496 1478 5568 praenuntiam
1531 5497 1674 5553 bella
1725 5497 1929 5560 civilia,
1970 5515 2094 5566 qua:

518 5593 830 5650 imminent.
861 5594 943 5647 An
974 5593 1124 5646 enim
1153 5590 1479 5646 existimatis
1502 5589 1767 5660 aquilam,
1793 5591 2091 5656 vulturem,

516 5685 773 5750 milvum,
797 5700 1012 5755 gruem,
1042 5683 1178 5738 alias
1206 5698 1514 5754 generosas,
1529 5697 1658 5737 aves
1686 5679 1750 5738 ct'
1793 5698 2090 5752 pugnaces,

522 5785 740 5848 spretas
770 5791 829 5830 se
859 5773 1308 5844 vestrisjudiciis
1331 5788 1491 5840 aequo
1513 5773 1698 5827 animo
1736 5772 1965 5836 laturas,
1999 5780 2093 5828 aut

521 5881 763 5940 unquam
799 5867 944 5924 bona
969 5868 1076 5924 fide
1102 5865 1408 5923 servituras
1441 5865 1585 5922 tristi
1614 5864 1746 5922 huic
1773 5879 1836 5922 ac
1866 5865 2091 5922 sordido

2198 4692 2309 4748 quo
2339 4676 2727 4746 plerarumque
2763 4671 2830 4727 ad
2881 4670 3064 4741 fugam
3099 4679 3156 4726 et
3211 4671 3603 4748 migrationem
3651 4689 3776 4728 sen-

2200 4767 2385 4823 tentiae
2412 4764 2849 4835 propendebant,
2881 4761 3102 4831 quando
3129 4775 3425 4832 assurgens
3464 4778 3634 4828 unus,
3668 4769 3774 4818 Au-

2196 4859 2310 4915 dite
2339 4871 2448 4922 me,
2468 4855 2670 4924 inquit,
2739 4851 3028 4907 observavi
3084 4859 3267 4905 vastas
3319 4851 3485 4906 hasce
3539 4852 3772 4920 belluas,

2197 4965 2316 5019 qure
2341 4949 2504 5004 nobis
2533 4947 2810 5016 negotium
2857 4944 3157 5005 facessunt,
3219 4942 3552 5012 impotenter
3597 4946 3772 5002 vereri

2196 5050 2520 5096 nocturnam
2555 5038 2780 5101 lunam;
2807 5033 2920 5087 vidi
2951 5032 3097 5086 enim
3123 5033 3246 5102 ejus
3271 5041 3494 5100 aspectu
3525 5046 3772 5089 conster-

2196 5127 2340 5188 nari,
2361 5135 2418 5182 et
2437 5140 2600 5193 aqua,
2626 5123 2841 5178 velutei
2862 5120 3249 5190 propitiandae,
3273 5135 3331 5174 se
3351 5121 3611 5177 lustrare.
3637 5124 3774 5182 [linc

2197 5218 2331 5272 mihi
2358 5217 2452 5271 lux
2469 5214 2720 5271 oboritur
2741 5214 2944 5282 aliqua,
2969 5221 3026 5266 et
3046 5226 3172 5281 spes
3194 5225 3386 5266 eorum
3406 5212 3535 5268 hinc
3551 5215 3773 5283 abigen-

2195 5312 2414 5367 dornm.
2461 5309 2735 5373 Tentabo,
2757 5307 2804 5361 si
2838 5305 2997 5360 vobis
3018 5304 3256 5369 videtur,
3322 5314 3482 5359 nocte
3514 5309 3768 5374 sequenti

2194 5405 2343 5475 quod
2380 5404 2582 5474 cogito,
2643 5416 2766 5456 cras
2803 5397 2936 5467 quid
2974 5397 3304 5452 successerit
3325 5398 3533 5460 scietis,
3556 5408 3615 5454 et
3669 5415 3769 5470 pro

2196 5509 2257 5548 re
2297 5501 2421 5546 nata
2467 5489 2778 5546 decernetis
2808 5485 2956 5558 quod
3007 5486 3290 5556 apparebit
3329 5486 3552 5541 utilius:
3606 5505 3768 5544 mora:

2195 5585 2380 5640 brevis
2419 5598 2526 5637 non
2564 5582 2684 5636 leve
2714 5581 2950 5649 pretium
2982 5575 3314 5632 ostenditur.
3345 5576 3551 5632 Omnes
3584 5594 3768 5635 assen-

2196 5691 2338 5732 sere.
2389 5675 2572 5745 chus
2623 5680 2814 5727 auctor
2843 5669 3060 5726 consilii
3105 5677 3267 5722 nocte
3299 5667 3625 5725 concubiae
3679 5687 3763 5726 re-

2195 5770 2359 5841 gione
2417 5768 2563 5822 lunae
2592 5765 2699 5819 alte
2743 5767 2854 5834 jam
2922 5761 3173 5827 sublatae,
3216 5759 3408 5814 innubi
3451 5770 3564 5816 tum
3630 5747 3764 5820 forte

2197 5862 2337 5919 c0310
2365 5900 2379 5929 ,
2413 5859 2469 5916 in
2495 5857 2782 5928 scopulum
2822 5853 3004 5912 evadit
3042 5852 3420 5910 imminentem
3464 5867 3764 5913 memorato
