4016 6548
264 341 404 410 1313

1183 341 1567 404 SPECIMEN
1611 341 2062 405 SAPIENTIB
2105 342 2473 404 INDORUM
2511 342 2676 406 VET.

3384 337 3524 403 13H

250 473 420 528 supra
483 455 642 512 finiti.
708 455 840 512 lude
885 455 1169 512 duetorem
1222 457 1580 526 elephantum
1632 471 1828 526 magna
1860 467 1903 524 Α
1931 457 2014 512 ire
2051 473 2158 512 non
2194 468 2495 523 recusaret,
2526 474 2556 513 a
2585 473 2696 528 quo
2726 472 2786 513 se
2813 454 3188 514 devorandum
3221 456 3384 510 simul
3432 473 3532 527 ap-

251 547 593 624 compellans
629 567 783 616 voce,
816 549 1046 612 Adsum,
1106 548 1309 618 inquit,
1345 549 1413 603 ad
1473 557 1526 603 te
1577 547 1782 602 missus
1807 561 1840 600 a

253 647 482 702 domina
521 645 700 705 Luna.
727 645 891 714 cujus
923 643 978 696 in
1008 642 1222 696 ditione
1265 642 1390 696 fons
1434 655 1599 710 quem
1653 639 1840 694 cernis

254 747 362 803 est,
397 739 580 792 Diana:
617 737 801 792 dictus
859 736 929 790 ab
959 736 1135 790 altero
1163 733 1334 788 Lunae
1390 733 1636 787 nomine.
1677 732 1735 786 ln
1771 747 1839 786 eo

257 827 348 881 illa
382 828 675 882 consuevit
720 840 925 880 arcano
978 824 1173 888 lavari,
1231 822 1320 878 cui
1371 823 1448 878 rei
1513 831 1694 875 vestra
1734 820 1840 874 frc-

254 919 484 989 quentia
509 917 905 986 impedimento
959 923 1064 979 est,
1124 923 1488 982 praeterquam
1526 911 1675 964 nitor
1725 909 1842 978 ipse

253 1025 320 1064 ac
353 1009 724 1079 perspicuitas
754 1008 856 1078 ipsi
886 1010 1034 1062 sacri
1073 1006 1306 1075 liquoris
1347 1006 1545 1058 vestris
1596 1001 1843 1071 vestigiis

256 1103 538 1157 turbatur.
585 1102 946 1171 Edicitcrgo,
983 1097 1218 1154 Abeatis
1258 1087 1390 1161 alio,
1430 1111 1592 1150 suum
1646 1094 1722 1148 illi
1753 1109 1846 1148 va-

253 1210 421 1248 cuum
456 1194 809 1262 liberumque
841 1192 1166 1261 relinquatis
1193 1191 1378 1244 locum
1399 1203 1422 1269 ;'
1447 1188 1492 1242 si
1549 1186 1845 1241 renueritis

251 1298 350 1342 ant
377 1288 542 1342 etiam
579 1284 952 1348 cunctemini,
991 1292 1201 1352 pestem
1225 1281 1384 1336 vobis
1406 1295 1471 1335 ac
1493 1287 1700 1334 certam
1727 1293 1846 1349 per-

253 1379 459 1433 niciem
490 1395 587 1448 per
611 1393 698 1433 me
723 1376 1041 1432 denuntiat.
1075 1375 1198 1444 ipsa
1251 1373 1386 1444 quin
1415 1372 1582 1428 etiam
1615 1372 1847 1426 descen-

251 1473 334 1527 dit
360 1472 473 1542 jam
503 1471 556 1524 in
589 1470 794 1525 fontem
823 1488 839 1535 ;
876 1469 950 1523 ibi
972 1466 1117 1532 eam,
1147 1467 1194 1521 si
1245 1465 1412 1521 dictis
1464 1464 1601 1520 meis
1653 1463 1846 1519 minus

251 1567 460 1630 credis,
491 1565 694 1622 accede
717 1567 816 1631 sis,
850 1563 1042 1620 licebit
1101 1577 1356 1617 eernere.
1406 1559 1687 1615 Turbatus
1721 1560 1845 1612 ino-

254 1661 443 1730 pinato
475 1667 532 1714 et
579 1658 780 1713 minaci
840 1656 1100 1712 mandato
1170 1653 1525 1724 elephantum
1571 1651 1704 1713 dux,
1749 1649 1847 1704 ad-

255 1761 444 1808 movet
473 1768 532 1806 se
565 1753 630 1806 ad
666 1767 820 1806 oram
867 1749 1037 1805 vicini
1079 1748 1248 1804 fontis
1271 1786 1286 1811 ,
1337 1745 1636 1815 vidensque
1676 1743 1847 1798 Luna:

1947 549 2195 618 paruerit
2228 549 2536 622 intelligit?
2601 550 2816 621 Fingite
2877 550 2952 604 ita
2991 547 3189 604 stultas
3237 550 3527 603 volucrum

1943 639 2160 708 aliquas
2178 648 2238 692 ut
2259 639 2438 694 forum
2464 650 2679 696 noctuae
2702 656 2812 695 non
2833 640 3122 715 refugiant,
3153 655 3351 711 magno
3373 642 3531 696 luent

1945 732 2265 796 amentiam,
2322 743 2378 788 et
2444 733 2750 789 remedium
2800 743 3040 803 expertae
3089 733 3236 787 malo
3283 736 3463 801 pejus.
3497 750 3529 788 e

1945 823 2096 878 {unm
2124 840 2184 880 se
2216 825 2271 880 in
2305 826 2574 879 llammam
2629 825 2892 880 incidisse
2929 841 3055 880 sero
3086 825 3346 898 sentient,
3379 824 3526 879 idem

1946 931 2120 986 passa:
2140 922 2286 977 quod
2320 919 2570 973 seiurutn
2602 927 2657 972 et
2687 919 2928 988 leporem
2960 920 3169 983 ferunt,
3211 920 3357 974 inter
3387 934 3527 989 quos

1946 1018 2067 1064 orta
2105 1013 2482 1067 controversia
2513 1027 2786 1067 consensu
2830 1011 3117 1066 amborum
3147 1009 3215 1064 ad
3279 1010 3401 1065 felis
3439 1027 3528 1065 ar-

1946 1100 2194 1167 bitrium,
2227 1104 2424 1178 annosi
2457 1102 2694 1157 solitarii
2731 1103 2916 1171 spei-ie
2954 1117 3017 1155 ac
3073 1101 3223 1154 cultu
3252 1101 3525 1156 asceticcn

1947 1195 2285 1261 simulantis,
2322 1196 2636 1251 dirimenda
2673 1196 2854 1251 delata
2911 1205 3018 1250 est.
3081 1195 3530 1263 lmprobissimus

1945 1290 2115 1360 judex
2147 1291 2328 1362 praeda
2359 1292 2518 1347 laetus
2537 1293 2772 1363 objecta,
2800 1306 2925 1345 cum
2951 1290 3233 1360 litigantes
3262 1305 3326 1344 ex
3353 1291 3531 1345 inter-

1949 1383 2095 1437 vallo
2133 1384 2200 1439 ad
2225 1386 2357 1456 quid
2383 1386 2669 1440 venissent
2695 1384 3023 1446 indicarent,
3055 1382 3309 1436 Accedit.-
3334 1383 3526 1451 igitur,

1949 1475 2150 1546 inquit,
2193 1487 2253 1531 ut
2285 1493 2383 1532 vos
2407 1477 2652 1542 audiam;
2687 1493 2816 1531 nam
2849 1477 3027 1533 aetatis
3071 1476 3206 1530 vitio
3262 1476 3527 1530 semisur-

1949 1570 2055 1624 dus
2105 1586 2250 1625 sum.
2284 1571 2491 1625 Ambos
2524 1569 2726 1625 deinde
2780 1569 3002 1624 incaute
3056 1569 3525 1644 obtemperantes,

1949 1659 2229 1729 unguibus
2261 1675 2572 1732 aggressus,
2606 1675 2670 1714 ac
2724 1659 2986 1714 dentibus
3014 1663 3270 1729 egregius
3316 1659 3528 1714 arbiter

1949 1753 2265 1822 discerpsit.
2305 1769 2369 1807 ac
2396 1755 2629 1806 voravit.
2937 1764 2944 1771 '

254 1847 366 1900 alte
399 1844 665 1914 fulgentis
694 1843 992 1918 imaginem
1035 1858 1102 1897 ex
1126 1856 1285 1909 aqua:
1315 1838 1612 1908 superﬁcie
1657 1849 1848 1906 reper-
1873 1812 1922 1871 Β
2017 1844 2108 1900 γι,
2141 1845 2217 1899 ιω
2247 1845 2668 1898 concionanlem
2688 1859 2917 1900 corvum
2946 1858 3052 1898 non
3086 1859 3243 1912 passa
3264 1859 3527 1914 perorare

253 1953 494 2002 cassam,
529 1937 689 1991 deam
735 1936 868 2010 illic,
933 1933 1079 2005 quod
1118 1933 1412 1988 cuniculus
1446 1931 1680 1991 dixerat,
1710 1944 1848 1996 prae-
1890 1951 1894 1954 ·

257 2041 472 2088 sentem
495 2029 752 2090 credidit.
785 2043 850 2083 ac
874 2043 1017 2082 vano
1047 2035 1436 2082 consternatus
1493 2033 1667 2086 metu,
1729 2022 1847 2076 suis

256 2123 431 2179 edixit
466 2137 590 2177 vasa
615 2121 962 2191 colligerent,
1013 2119 1372 2187 diluculoque
1421 2114 1682 2186 migravit
1718 2130 1846 2170 cum

258 2221 513 2270 armento
543 2211 826 2275 universo,
859 2210 1016 2264 la:tos
1055 2223 1120 2262 ac
1149 2206 1498 2278 gratulantes
1552 2210 1663 2257 tam
1697 2202 1846 2256 facili

258 2309 581 2364 amolitione
616 2306 743 2364 mali
783 2305 1005 2360 maximi
1036 2303 1350 2374 lepusculos
1383 2303 1437 2357 in
1467 2315 1637 2371 regno
1668 2299 1849 2370 patrio

221 2445 224 2447 .
263 2400 602 2470 relinquens.
648 2399 751 2454 Hic
787 2399 901 2468 jam
929 2404 1243 2467 comparate
1307 2394 1442 2448 mihi
1493 2393 1846 2462 elephantem

189 2481 206 2496 ’
259 2507 386 2546 cum
419 2501 644 2556 noctua,
674 2490 821 2546 illius
846 2489 1095 2558 panicam
1125 2503 1155 2540 a
1184 2487 1315 2541 luna
1345 2484 1699 2540 formidinem
1721 2499 1846 2538 cum

260 2583 432 2654 hujus
467 2584 704 2638 horrore
742 2582 959 2637 diurna:
1015 2580 1175 2634 lucis.
1227 2580 1428 2634 Annon
1491 2576 1846 2631 manifestum

259 2685 348 2732 est
397 2675 695 2741 inﬁrmam,
763 2673 1088 2734 deformem,
1143 2670 1429 2741 fetentem,
1474 2667 1714 2724 luridum
1751 2667 1848 2721 be-

261 2770 452 2833 stiam,
506 2769 680 2822 multo
772 2769 948 2837 magis
1020 2764 1106 2819 vel
1168 2762 1414 2819 minimis
1501 2761 1626 2816 luce
1709 2775 1848 2830 gau-

260 2861 524 2916 dentibus
553 2869 609 2915 et
633 2876 791 2914 mane
821 2857 1044 2914 canoris
1086 2857 1320 2911 aviculls
1375 2851 1718 2922 contemptui
1766 2850 1852 2908 fu-

264 2962 470 3026 turam,
505 2953 598 3014 ubi
657 2968 790 3006 eam
827 2951 1134 3006 abhorrere
1171 2964 1202 3002 a
1235 2945 1368 3002 solis
1395 2945 1590 3010 radiis,
1624 2953 1850 3014 stupere

263 3042 333 3097 ad
395 3042 757 3097 meridanam
803 3042 1011 3106 lucem,
1074 3039 1334 3095 tenebras
1373 3047 1429 3092 ct
1478 3046 1696 3092 retrusa
1750 3052 1850 3106 per

1949 1935 2106 2006 plebs
2127 1936 2313 1990 avium
2377 1937 2704 1991 aeclamavit
2757 1937 2932 1992 denso
2977 1937 3225 2006 undique
3279 1936 3524 1992 ‘remitu.

1949 2027 2136 2097 Apage
2166 2028 2442 2082 bubonem
2478 2030 2692 2098 regem!
2729 2029 2893 2083 abeat
2920 2028 2975 2082 in
3012 2043 3126 2082 rem
3152 2029 3346 2082 malam
3374 2045 3530 2084 mon-

1953 2128 2130 2174 strum
2153 2121 2480 2192 lncil‘ugum,
2516 2122 2778 2197 invisum,
2827 2121 3206 2176 exsecrabile!
3261 2123 3402 2190 Ergo
3435 2122 3532 2177 de-

1950 2213 2201 2283 signatus
2251 2214 2418 2283 paulo
2466 2223 2593 2268 ante
2632 2230 2726 2270 rex
2783 2214 2966 2268 avium
3023 2214 3218 2281 plenus
3262 2215 3434 2270 cladis
3467 2233 3530 2271 ac

1949 2303 2243 2360 dedecoris
2271 2307 2358 2360 vix
2385 2307 2571 2361 salvus
2615 2323 2647 2362 e
2697 2307 2925 2363 comitio
2961 2305 3194 2377 aufugit,
3262 2308 3532 2377 proximis

1949 2394 2114 2450 etiam
2165 2396 2476 2466 quibusque
2503 2397 2871 2452 irascentibus
2902 2399 3048 2452 ultra
3081 2399 3296 2464 sibilos,
3325 2407 3531 2454 rostro-

1949 2503 2059 2558 que
2088 2489 2351 2544 miserum
2380 2490 2746 2544 tundentibus
2788 2505 2854 2544 ac
2900 2490 3119 2561 plumas
3173 2491 3526 2546 vellentibus.

1949 2581 2119 2637 Nocte
2153 2581 2282 2636 inde
2321 2592 2509 2637 secuta
2545 2582 2806 2636 convenit
2839 2590 3164 2648 uoctuarum
3225 2582 3467 2651 regulus,
3499 2599 3530 2636 e

1952 2681 2098 2728 tanta
2131 2689 2192 2730 se
2231 2689 2330 2745 spe
2397 2675 2672 2746 dejectum
2725 2675 2986 2738 fremens,
3050 2674 3366 2744 ignominiae
3418 2692 3532 2730 sua:
3577 2716 3582 2719 -

1951 2781 2262 2836 praeconem
2297 2777 2547 2822 nostrum
2571 2785 2587 2832 ;
2613 2778 2688 2830 et,
2717 2766 2859 2834 Quid
2888 2767 3008 2831 tibi,
3064 2768 3263 2843 inquit,
3289 2783 3391 2838 ego
3418 2767 3534 2838 pri-

1951 2859 2120 2912 vatim
2145 2867 2241 2914 aut
2269 2859 2486 2928 publice
2511 2869 2697 2916 vestro
2723 2876 3017 2916 corvorum
3049 2862 3238 2932 generi
3288 2876 3529 2930 unquam

1953 2952 2380 3027 incommodavi,
2406 2960 2462 3005 ut
2489 2963 2683 3006 contra
2716 2967 2822 3015 me,
2853 2952 3192 3007 alienissimo
3243 2968 3366 3006 mro
3396 2961 3534 3005 tem-

1952 3060 2111 3118 pore,
2152 3053 2261 3098 tam
2290 3060 2432 3098 saeta
2457 3045 2608 3098 rabie
2647 3045 2916 3099 venires?
2965 3043 3236 3099 Caeterum
3263 3045 3342 3099 sic
3367 3045 3530 3118 habe,

267 3144 415 3190 totos
449 3135 571 3190 dies
628 3135 913 3205 gurgustia
957 3140 1180 3200 captare
1212 3127 1724 3200 deprehenderint?
1760 3127 1850 3183 Vi-
1875 3157 1916 3210 ο
1953 3137 2190 3191 recisum
2228 3136 2376 3190 ferro
2398 3151 2610 3190 ramum
2644 3137 2780 3190 vivae
2808 3136 3025 3192 arboris
3053 3136 3254 3192 iterum
3283 3138 3528 3200 renasci,
3554 3152 3555 3155 ‘

260 3230 397 3282 dere
418 3229 534 3298 jam
569 3227 786 3290 videor,
838 3233 899 3280 ut
927 3225 1073 3280 illam
1121 3222 1520 3283 exsibilabunt,
1575 3230 1636 3277 ut
1671 3220 1846 3274 visam

261 3321 452 3374 subito
484 3318 804 3390 explodent,
843 3325 904 3372 ut
958 3316 1219 3371 omnibus
1263 3314 1490 3384 impune
1544 3311 1846 3382 lucifugam

265 3411 670 3468 tenebricosam
709 3408 1059 3465 contumeliis
1083 3407 1338 3462 adicient.
1369 3405 1437 3458 Et
1483 3405 1632 3459 hunc
1660 3419 1845 3475 regem

263 3502 550 3570 imponere
583 3500 778 3556 incolis
810 3499 933 3554 coeli
989 3498 1245 3568 cogitatis
1279 3497 1500 3559 avibus,
1557 3512 1724 3565 quem
1761 3495 1849 3549 vix

262 3591 648 3648 sordidissima
681 3593 961 3660 reptilium
983 3604 1206 3643 servum
1229 3588 1432 3641 habere
1454 3585 1850 3655 dignarentur?

261 3685 384 3748 Eat,
419 3685 624 3739 condat
651 3698 713 3738 se
761 3683 922 3737 caecis
951 3680 1148 3756 antris,
1197 3678 1684 3749 vespertilionihus
1717 3677 1846 3740 illic,

180 3841 189 3849 _
263 3777 712 3848 nycticoracibus
743 3791 808 3830 ac
833 3775 1016 3850 talpis,
1038 3773 1084 3827 si
1120 3774 1206 3827 vel
1257 3773 1310 3826 id
1346 3779 1546 3850 potest,
1599 3770 1850 3825 domine-

266 3879 396 3939 tur;
462 3871 603 3927 lucis
667 3870 920 3931 ﬁliarum,
969 3868 1273 3922 amicarum
1340 3867 1494 3931 solis,
1555 3867 1848 3936 imperium

264 3981 450 4020 avium
485 3979 553 4019 ne
611 3962 858 4028 all‘ectet,
897 3977 968 4016 ne
1018 3959 1266 4025 ambiat;
1307 3959 1377 4014 de
1425 3974 1539 4028 quo
1591 3966 1848 4012 noctuam

264 4059 559 4128 cogitasse,
593 4055 677 4109 vel
744 4069 842 4125 per
881 4053 1156 4132 somnium
1204 4050 1415 4106 insania
1452 4050 1546 4128 sit,
1598 4065 1851 4119 sperasse

264 4159 450 4204 autem
501 4147 675 4211 l‘nror,
707 4157 765 4202 et
796 4154 996 4200 vestr-.e
1049 4143 1359 4214 prudentia:
1406 4141 1849 4198 contumeliosis-

264 4246 403 4298 sima
430 4239 763 4311 desperatio.
793 4238 1071 4293 Perorabo
1101 4239 1194 4292 ubi
1229 4251 1401 4291 unum
1434 4235 1599 4290 modo
1623 4235 1853 4306 subjun-

265 4351 402 4391 xero
425 4335 680 4405 capitalis
711 4334 766 4388 in
789 4332 898 4388 hoc
927 4331 1152 4402 nego-tio
1179 4329 1466 4385 momenti.
1496 4329 1707 4399 Regum
1736 4329 1852 4398 pri-

267 4430 506 4486 marium
569 4427 808 4482 cilicium
861 4423 1199 4497 jurisdictio,
1265 4421 1592 4492 dijudicatio
1643 4421 1848 4496 litium,

1949 3229 2102 3284 coire
2133 3228 2572 3294 medicamentis.
2597 3238 2654 3282 et
2678 3244 2830 3282 utora
2861 3230 3063 3283 vulnus
3109 3229 3376 3283 inllictum
3412 3230 3531 3284 ani-

1951 3321 2154 3373 mantis
2205 3319 2459 3390 'corpori,
2498 3330 2664 3391 atque
2686 3321 2743 3376 in
2810 3321 3124 3376 cicatricem
3184 3322 3527 3378 coalescere:

1949 3411 2149 3482 lingua:
2179 3427 2419 3467 morsum
2448 3428 2571 3468 esse
2603 3428 2832 3483 prorsus
2863 3413 3253 3477 incurabilem,
3307 3431 3370 3468 ac
3401 3430 3530 3468 cum

1949 3519 2095 3574 aqua
2125 3508 2444 3577 exstinguat
2487 3507 2692 3576 ignem,
2723 3507 2807 3560 vis
2838 3507 3019 3560 hausti
3053 3506 3250 3560 veneni
3275 3506 3531 3560 antidoto

1952 3595 2310 3660 retundatur,
2345 3611 2502 3650 amor
2529 3597 2781 3652 satietate
2820 3597 3100 3652 fruitionis
3158 3599 3529 3667 elanguescat,

1951 3683 2277 3737 memoriam
2340 3691 2520 3737 tamen
2580 3683 2798 3752 injuriae
2849 3684 2969 3738 sine
3040 3685 3239 3740 merito
3291 3698 3531 3755 accepta:

1948 3774 2133 3828 vivere
2170 3783 2431 3830 aeternam
2460 3790 2526 3829 ac
2572 3775 2776 3846 vigere.
2813 3774 2993 3842 Quare
3041 3777 3145 3832 ista
3193 3779 3533 3833 contumelia

1950 3864 2092 3919 scias
2129 3874 2184 3920 te
2211 3881 2400 3920 semen
2420 3866 2643 3936 iecisse,
2691 3867 2836 3921 unde
2862 3868 3029 3923 arbor
3076 3878 3340 3940 exsurgat
3393 3887 3536 3925 nun-

1951 3970 2116 4022 quam
2157 3957 2490 4012 cradiranda
2522 3960 2853 4029 sempiterni
2903 3975 3102 4016 corvos
3141 3962 3289 4016 inter
3326 3977 3391 4017 ac
3435 3979 3537 4016 no-

1951 4057 2114 4102 ctuas
2148 4047 2398 4104 discidii.
2433 4049 2524 4105 Sic
2545 4051 2784 4116 locutus,
2813 4053 2966 4107 rabie
3000 4055 3196 4121 plenus
3245 4055 3566 4111 absceSsit.-

1950 4136 2081 4194 Inde
2121 4154 2246 4194 cum
2281 4141 2338 4194 in
2360 4156 2586 4210 specum
2635 4142 2796 4197 istam
2825 4159 2951 4198 cum
3009 4145 3128 4199 suis
3188 4146 3534 4227 recessisset,

1951 4231 2115 4302 longo
2157 4241 2402 4301 tempore
2438 4234 2696 4290 vindicta:
2753 4236 2960 4304 pariter
2983 4237 3342 4306 cupiditatem
3377 4253 3539 4307 epes-

1949 4337 2060 4394 que
2115 4339 2184 4379 ac
2229 4324 2480 4380 sobolem
2515 4337 2826 4393 auxerunt;
2860 4318 2973 4382 tm'n
3009 4330 3103 4382 ubi
3152 4343 3212 4384 se
3243 4330 3538 4386 conﬁrma-

1954 4423 2036 4469 tos
2061 4417 2197 4472 satis
2211 4433 2456 4492 sensere,
2481 4433 2648 4487 quam
2676 4419 2876 4489 supina
2904 4420 3038 4490 ipsis
3070 4431 3262 4475 nostra
3282 4432 3339 4476 et
3371 4423 3537 4477 nimis

265 4523 560 4578 arbitrium
596 4535 887 4576 causarum
910 4527 1016 4593 est,
1073 4529 1134 4572 ut
1172 4522 1392 4570 constat
1438 4515 1580 4569 inter
1631 4529 1846 4570 omnes.
1886 4500 1928 4555 Ῑ)
1959 4507 2175 4562 incauta
2207 4509 2479 4564 securitas
2517 4514 2811 4580 pretiosam
2849 4513 3122 4566 oﬂerebat
3167 4514 3401 4570 nocendi
3442 4531 3538 4569 no-

267 4617 327 4672 lu
359 4630 428 4670 eo
475 4629 706 4669 munere
735 4623 882 4668 recte
928 4609 1208 4681 fungendo
1237 4606 1464 4678 puppim
1500 4622 1566 4662 ac
1619 4623 1840 4678 proram

265 4707 502 4776 aequitas
527 4705 675 4768 facit,
707 4704 828 4758 sine
856 4719 963 4772 qua
985 4711 1113 4756 nota
1155 4710 1213 4756 et
1246 4699 1570 4771 pignoribus
1625 4699 1845 4768 experi-

269 4805 584 4851 mentorum
615 4803 786 4858 rerta,
820 4793 959 4847 nulli
1015 4793 1344 4861 patientium
1399 4791 1655 4862 injuriam
1711 4806 1848 4860 que-

270 4891 402 4944 rela:
427 4889 494 4942 ad
549 4886 791 4941 tribunal
820 4883 1353 4939 deferendasliducia
1389 4883 1578 4939 fuerit.
1613 4885 1842 4948 Putatis,

264 4983 314 5039 si
345 4981 567 5051 quando
609 4981 874 5050 accipiter
919 4977 1232 5032 columbam
1285 4978 1589 5038 vexaverit,
1657 4977 1702 5031 si
1759 4992 1848 5032 res

267 5075 510 5131 hirundo
541 5075 786 5143 rapuerit
809 5070 1071 5141 passeris.
1104 5068 1620 5136 siquotidianarum
1664 5069 1848 5123 istius-

267 5167 420 5223 modi
501 5164 1073 5223 ollensiuncularum,
1135 5162 1342 5230 quibus
1400 5160 1511 5214 vita
1552 5175 1846 5228 nunquam

270 5271 456 5326 vacat,
491 5259 749 5314 inciderit
801 5255 1050 5327 aliquid,
1113 5269 1446 5324 quemquam
1492 5251 1849 5306 inducturum

269 5355 517 5410 animum
543 5352 635 5406 ire
657 5351 725 5404 ad
751 5360 1009 5404 noctuam
1031 5348 1177 5418 juris
1207 5345 1494 5416 repetendi
1520 5347 1606 5400 sui
1636 5345 1853 5416 gratia?

269 5448 412 5503 Tum
453 5453 640 5514 putate
666 5442 720 5496 id
755 5425 1027 5504 futurum,
1052 5441 1098 5494 si
1133 5439 1399 5493 damnum
1426 5437 1600 5492 multo
1629 5440 1854 5508 gravius

270 5546 501 5606 accepto
529 5535 600 5591 ab
627 5551 692 5590 ea
723 5551 834 5590 non
872 5532 1144 5588 timuerit.
1179 5531 1399 5600 Flagrat
1427 5529 1519 5582 illa
1572 5529 1627 5583 in
1659 5544 1856 5584 onmes

270 5630 403 5684 odio
441 5643 660 5697 semper
691 5626 933 5689 ardenti,
984 5624 1193 5681 eminet
1255 5636 1324 5676 ex
1350 5620 1526 5683 vultu,
1578 5633 1646 5673 ex
1692 5619 1854 5678 oculo

272 5722 453 5782 furor,
495 5720 770 5775 acerbitas
805 5770 822 5795 ,
876 5716 1213 5773 immanitas.
1277 5713 1490 5778 Quanta
1531 5708 1733 5780 injuria
1767 5725 1858 5762 ve-

272 5813 392 5868 xari
421 5827 622 5882 agnum
658 5818 961 5880 Oporteret,
994 5817 1050 5860 ut
1108 5807 1174 5860 ad
1224 5806 1414 5873 lupum
1445 5800 1853 5871 expostulatum

1888 5345 1904 5359 ’
1955 5337 2120 5393 laudo
2178 5347 2264 5394 est
2323 5340 2486 5404 sita;
2543 5356 2651 5395 non
2689 5378 2706 5404 ,
2769 5340 3035 5418 inquam,

1949 4600 2036 4655 bis
2093 4603 2444 4656 occasionem
2507 4603 2794 4674 arripuere
2828 4645 2844 4669 ,
2921 4613 3192 4660 nocturno
3240 4607 3348 4660 isto
3403 4615 3540 4661 tem-

1949 4697 2158 4765 pestive
2195 4695 2262 4750 ad
2306 4706 2494 4750 votum
2567 4699 2813 4767 ipsorum
2870 4700 3110 4752 tumultu
3170 4700 3535 4756 admovendo.

1947 4784 2115 4840 Vides
2141 4801 2210 4839 ex
2233 4785 2340 4848 his,
2383 4786 2627 4851 domine,
2682 4801 2879 4841 causas
2911 4787 3024 4840 odii
3059 4789 3214 4852 tales,
3264 4803 3402 4856 quas
3429 4789 3536 4843 ulla

1948 4891 2112 4946 posse
2163 4877 2546 4946 pacitieatione
2621 4879 2902 4946 mitigari,
2971 4878 3172 4932 nedum
3207 4879 3537 4946 oblitterari,

1949 4971 2288 5040 sperandum
2337 4970 2764 5040 haudquaquam
2797 4972 2888 5024 sit.
2913 4972 3172 5035 Pravum,
3215 4973 3415 5027 inﬂexi.
3442 4975 3534 5029 ile-

1951 5079 2162 5118 memor
2194 5063 2522 5133 injuriarum
2555 5075 2613 5118 et
2662 5080 2772 5134 pra:
2805 5065 3024 5119 eunetis
3068 5066 3321 5120 odiorum
3377 5075 3535 5121 tenax

1951 5171 2126 5227 genus
2176 5157 2380 5212 frustra
2407 5156 2706 5212 conci.iare
2748 5158 3534 5225 curaveris;exscindendnm

1952 5256 2084 5301 est.
2105 5261 2216 5300 una
2248 5247 2409 5301 nobis
2445 5247 2615 5310 salus,
2649 5247 2816 5301 unica
2862 5247 3012 5315 pacis
3066 5263 3194 5316 spes
3247 5249 3302 5303 in
3355 5249 3538 5304 debel-

3117 5343 3367 5398 vivemus
3427 5344 3535 5398 nisi

1955 5430 2267 5485 vincamus.
2366 5429 2653 5496 Quomodo
2771 5447 2956 5488 autem
3045 5435 3323 5503 possimus
3417 5437 3541 5492 vin—

1957 5537 2086 5590 cere
2145 5523 2254 5594 jam
2319 5523 2540 5592 quaeris.
2602 5523 2728 5580 Haec
2784 5525 2933 5581 enim
2981 5535 3072 5580 tua
3103 5530 3341 5582 secunda
3369 5529 3542 5585 inter»

1960 5619 2171 5688 rogatio
2201 5625 2310 5691 est,
2340 5616 2406 5668 ad
2449 5633 2620 5684 quam
2654 5617 2734 5673 sic
2774 5621 3126 5689 respondeo:
3165 5637 3195 5676 a
3231 5623 3280 5676 vi
3326 5635 3537 5693 aperta,

1961 5717 2020 5760 ut
2045 5722 2133 5760 res
2166 5717 2365 5761 nostrae
2411 5723 2558 5761 nunc
2579 5724 2637 5762 se
2664 5709 2890 5783 habent,
2913 5711 3342 5779 exspectandum
3376 5713 3533 5766 nihil:

1962 5800 2246 5855 vincemur
2277 5799 2396 5855 sine
2447 5800 2616 5854 dubio
2641 5802 2686 5855 si
2707 5801 3102 5874 conlligamus;
3147 5814 3202 5858 et
3236 5805 3382 5874 quod
3414 5819 3540 5860 vere
