4016 6520
559 321 701 389 1315

1994 323 2396 388 APPENDIX.

3689 325 3816 388 1316

552 443 865 507 admonuit,
903 446 998 515 qui
1027 444 1522 515 suadebatfugam.
1566 459 1728 513 pares
1779 458 2132 516 nequaquam
2169 462 2207 512 Α
2241 451 2488 506 Abierint
2521 449 2729 505 utinam
2757 449 2812 505 in
2849 450 3043 505 malam
3078 449 3228 504 rem!
3269 448 3504 503 Invicem
3529 449 3813 512 collocuti,

551 552 747 593 sumus
770 537 1111 593 sustinenda:
1140 540 1395 610 sequenti
1442 549 1603 594 nocte
1657 537 2028 594 rediturorum
2063 538 2134 593 ad

553 645 739 684 arcem
766 639 1010 684 nostram
1039 633 1467 701 oppugnandam
1510 631 1814 700 irruptioni
1871 631 2134 707 hostium.

551 720 671 775 Non
711 731 892 775 tamen
925 721 1331 791 desperandum
1362 734 1469 784 est,
1497 724 1629 792 quin
1655 723 1843 792 prte'io
1872 724 2134 792 impares,

552 819 947 878 stratagemate
989 814 1261 882 possimus
1295 815 1611 883 superiores
1666 815 1922 869 evadere.
1981 816 2140 870 Artes

551 911 606 954 et
638 902 905 954 machinai
936 903 1104 956 multa
1134 903 1372 958 cilicium
1413 923 1535 976 qum
1579 907 1748 960 robur
1798 907 2134 962 lacertorum

552 992 946 1059 contentioque
986 993 1151 1047 enixe
1179 995 1499 1049 conantium
1549 995 1754 1050 fru~tra
1810 998 2132 1052 tentuveiit.

555 1081 686 1134 Item
729 1081 836 1135 vidi
880 1099 1054 1149 nuper
1092 1081 1159 1136 ad
1216 1084 1321 1138 hoc
1375 1085 1553 1154 ipsum
1608 1087 1971 1140 a-truendum
2022 1104 2135 1142 non

553 1172 816 1239 ineptam,
845 1190 1007 1243 quam
1033 1176 1136 1230 etsi
1169 1177 1466 1238 ludicram,
1529 1179 1614 1232 vel
1641 1178 1707 1232 ad
1735 1175 1958 1248 aliquod
2008 1197 2139 1235 avo-

551 1276 864 1320 cameutnm
905 1268 1048 1322 acris
1077 1284 1199 1337 quae
1264 1278 1316 1324 te
1346 1269 1458 1324 urit
1485 1285 1654 1332 curae.
1691 1286 2000 1327 memorare
2027 1288 2134 1326 non

554 1359 779 1427 pigebit.
821 1360 1112 1416 Solitarius
1153 1363 1207 1416 in
1249 1362 1400 1419 urbis
1435 1373 1679 1419 mercatu
1737 1366 1898 1420 haedo
1949 1377 2136 1435 empto

553 1451 771 1504 redibat
797 1452 950 1506 illum
985 1463 1214 1522 portans
1238 1455 1296 1509 in
1323 1456 1519 1510 cellam
1585 1457 1987 1512 suburbanam.
2030 1457 2139 1512 Fu-

551 1555 664 1616 res,
692 1542 785 1610 qui
824 1542 944 1596 luce
977 1544 1155 1611 palam
1193 1543 1297 1598 sub
1338 1545 1515 1600 oculis
1581 1545 2006 1616 magistratuum
2062 1547 2138 1601 la-

553 1635 847 1694 trocinium
915 1645 1186 1690 attentare
1240 1650 1349 1690 non
1399 1637 1722 1700 audebant,
1792 1638 1937 1692 hanc
1993 1637 2135 1692 hzrdi

550 1729 918 1800 extorquendi
971 1741 1168 1785 ascetae
1232 1729 1469 1800 simplici
1547 1729 1818 1785 rationem
1864 1729 2132 1786 inierunt.

2241 542 2333 612 qui
2374 543 2488 597 haec
2542 543 2852 605 audierant,
2910 558 3136 596 corvum
3176 539 3556 594 deducendum
3605 539 3792 610 indica

2239 649 2370 686 runt
2402 632 2469 686 ad
2499 648 2681 704 regem
2716 643 3060 694 noctuarum.
3097 642 3383 702 sperantes
3411 632 3726 687 clieiturum
3753 649 3817 688 ex

2239 741 2305 779 eo
2333 725 2638 795 quidpiam,
2669 739 2792 779 nam
2821 724 3106 778 constabat
3133 723 3304 778 fuisse
3341 723 3486 778 hunc
3515 739 3584 778 ex
3611 724 3817 793 primo-

2243 815 2395 870 ribus
2423 832 2592 871 unum
2621 817 2830 872 corviui
2868 825 3112 870 senatus.
3153 816 3471 870 Archibubo
3525 817 3698 886 igitur
3726 832 3818 869 co-

2241 922 2356 961 ra~n
2406 922 2465 962 se
2499 905 2797 961 adductum
2828 922 3052 960 corvum
3104 907 3404 982 supplicem
3437 922 3500 962 ac
3542 907 3818 967 timidum.

2242 1011 2530 1068 postquam
2558 1001 2610 1054 in
2646 999 2883 1072 speciem
2917 1001 3210 1053 miseratus
3238 1000 3516 1052 conlidere
3540 999 3816 1068 jussisset,

2239 1093 2450 1161 rogavit
2475 1091 2631 1145 fateri
2669 1107 2734 1145 ne
2756 1103 3074 1158 gravaretur
3102 1107 3262 1161 quam
3297 1107 3324 1143 a
3358 1093 3471 1144 suis
3497 1089 3570 1144 ob
3598 1107 3816 1144 causa:

2237 1184 2435 1238 fuisset
2478 1193 2584 1236 tam
2635 1184 2779 1238 foede
2811 1183 3102 1239 laceratus.
3169 1182 3264 1236 llic
3312 1183 3399 1235 ille
3427 1222 3442 1244 ,
3478 1183 3818 1250 Imprudens,

2237 1273 2338 1333 ait,
2381 1273 2606 1327 libertas
2638 1287 2758 1327 mea
2785 1281 2838 1326 et
2869 1271 3090 1326 incauta
3124 1271 3446 1340 simplicitas
3470 1271 3557 1323 his
3588 1286 3678 1325 me
3724 1271 3821 1324 mi-

2239 1364 2400 1418 seriis
2442 1363 2726 1433 i'mplicuit.
2756 1363 2932 1418 Hodie
2955 1379 3116 1419 mane
3151 1363 3350 1433 trepidi
3403 1372 3684 1415 nocturno
3722 1379 3812 1414 ve-

2237 1457 2601 1511 stroinrursu
2642 1456 2791 1511 corvi
2829 1457 3006 1528 gentis
3034 1457 3325 1512 consilium
3363 1464 3698 1525 coegerant;
3745 1453 3814 1506 ibi

2239 1563 2363 1602 cum
2399 1549 2491 1602 alii
2517 1550 2623 1603 alia
2662 1549 2842 1619 inepta
2869 1557 2927 1604 et
2961 1549 3346 1618 intempestiva
3375 1557 3589 1602 temere
3641 1547 3816 1614 garri-

2239 1649 2386 1703 rent,
2421 1657 2523 1711 ego
2561 1641 2703 1711 quod
2737 1657 2824 1696 res
2858 1650 2978 1697 erat
3011 1656 3140 1696 vere
3173 1640 3310 1704 dixi,
3349 1641 3610 1694 fortiores
3638 1639 3819 1693 corvis

2238 1746 2362 1785 esse
2409 1742 2661 1794 noctuas,
2695 1747 2766 1785 ne
2806 1731 3166 1786 obﬁrmarent
3204 1731 3417 1786 animos
3459 1730 3517 1783 in
3559 1745 3701 1782 vana
3733 1744 3818 1782 re-

551 1823 688 1878 Tres
709 1834 1016 1891 quatuorve
1049 1831 1315 1894 spargunt
1354 1837 1416 1878 se
1447 1823 1501 1876 in
1560 1823 1825 1892 compita,
1873 1837 1980 1892 qua
2029 1823 2132 1878 iter
2163 1803 2208 1856 Β
2242 1823 2470 1878 sistendi
2493 1824 2822 1883 constantia.
2847 1838 2952 1877 nec
2974 1823 3184 1878 cladem
3203 1825 3500 1878 secundam
3532 1831 3814 1883 exspecta-

549 1924 672 1970 erat
715 1915 1086 1970 necessarium
1152 1915 1408 1970 redeunti
1464 1912 1688 1967 domum
1742 1914 2021 1976 solitario;
2077 1922 2134 1970 et

551 2008 784 2077 primus,
817 2007 920 2080 Eu,
947 2007 1148 2076 inquit,
1185 2008 1274 2061 hic
1312 2015 1499 2062 asceta
1532 2020 1751 2081 canem,
1777 2005 2128 2061 immundum

548 2101 773 2177 animal,
809 2101 1002 2171 tangit.
1040 2101 1497 2156 Assentiebantur
1542 2099 1611 2154 ad
1654 2099 1710 2154 id
1743 2101 1924 2170 ipsum
1963 2098 2134 2153 simu-

550 2194 778 2248 landum
809 2195 983 2265 rogati
1015 2195 1459 2249 circumstantes.
1501 2193 1879 2249 Contemnens
1927 2208 2129 2246 vanum

553 2302 832 2341 rumorem
864 2287 1043 2356 pergit
1071 2296 1276 2341 μενοι-ιι.
1327 2285 1553 2350 lterum,
1608 2284 1773 2339 tertio
1811 2285 1958 2340 idem
1982 2300 2013 2338 a
2051 2283 2136 2337 di-

554 2377 734 2434 versis
765 2392 831 2431 ex
863 2377 1171 2446 composito
1204 2377 1601 2447 ingotnioatur.
1637 2373 1936 2433 Subvereri
1963 2377 2135 2446 coepit

555 2485 627 2526 ne
657 2484 783 2524 vera
826 2469 1104 2524 dicerent.
1135 2469 1216 2524 Ad
1246 2477 1558 2525 extremum
1587 2484 1715 2524 cum
1738 2478 1892 2526 extra
1917 2482 2131 2540 ponam

551 2558 800 2614 circulus
841 2559 1130 2628 juvenum,
1155 2559 1304 2614 serio
1345 2573 1709 2628 perseverans
1759 2574 1952 2615 cantari
2009 2575 2133 2616 esse

551 2663 718 2719 quam
751 2659 1008 2719 portaret
1037 2649 1267 2704 bestiam
1295 2650 1602 2726 solitarius,
1629 2659 1688 2706 et
1721 2650 2044 2722 religionem
2074 2651 2133 2705 in

553 2739 660 2794 hoc
681 2739 801 2810 ejus
825 2739 1027 2794 frustra
1054 2739 1258 2794 vestitu
1293 2737 1585 2794 indicatam
1619 2737 1930 2811 requirens,
1962 2736 2129 2796 etiam

507 2906 518 2910 _
553 2833 832 2888 hominem
877 2833 1209 2905 increparet,
1249 2830 1396 2901 quod
1445 2846 1556 2886 non
1602 2837 1886 2886 vereretur
1927 2829 2132 2886 cis-ium

551 2926 745 2982 oculos
768 2941 1058 2996 personam
1109 2924 1256 2980 illam
1301 2924 1610 2979 dedecento
1639 2923 1896 2991 exemplo
1959 2921 2136 2978 offen-

553 3021 708 3092 dere,
735 3033 1036 3088 persuasus
1061 3017 1232 3070 homo
1264 3015 1491 3072 minime
1527 3015 1706 3070 malus
1769 3011 1984 3070 haedum
2039 3014 2136 3072 ab-

550 3113 696 3182 jicit,
726 3111 781 3165 in
812 3110 961 3166 fonte
993 3109 1216 3180 publico
1255 3123 1454 3162 manus
1471 3108 1611 3162 eluit
1672 3121 1738 3161 ac
1785 3116 2005 3173 vestes;
2037 3123 2136 3162 ex-

551 3212 710 3258 cusat
740 3201 866 3256 luco
901 3200 1007 3255 sibi
1051 3201 1199 3256 facto
1223 3215 1414 3255 canem
1455 3200 1748 3256 obtrusum
1799 3214 1900 3270 pro
1942 3199 2134 3267 haedo;

554 3296 629 3350 ita
701 3293 908 3348 recedit
975 3293 1352 3348 nebulonibus
1401 3291 1826 3361 sublegentibus
1896 3292 2134 3358 haedum,

555 3388 702 3443 unde
735 3388 1052 3442 convivium
1085 3387 1285 3442 deinde
1326 3388 1678 3443 celebrarunt
1713 3387 1874 3444 salsis
1919 3387 1974 3442 in
2016 3403 2140 3443 ere-

551 3484 704 3538 mitze
735 3482 1043 3537 fatuitatem
1068 3481 1316 3536 dicteriis
1337 3480 1805 3538 ronditissimum.

627 3575 742 3630 VII.
771 3574 909 3630 Hinc
949 3574 1130 3630 obiter
1167 3573 1317 3628 vides
1347 3589 1531 3627 rerum
1561 3573 2009 3628 dillicillimarnm
2039 3587 2137 3626 cx-

552 3669 730 3738 pediri
769 3669 972 3722 astutia
1003 3667 1339 3722 facultatem.
1377 3666 1460 3720 Ad
1487 3665 1631 3735 quod
1660 3675 1844 3719 autem
1873 3679 2022 3718 nunc
2053 3665 2135 3718 in-

545 3770 685 3824 stat,
725 3759 1036 3814 machinam
1078 3758 1408 3828 excogitavi,
1442 3772 1784 3821 successum,
1819 3757 1922 3812 nisi
1953 3757 2130 3826 pluri-

549 3867 704 3906 nium
756 3851 936 3912 fallor.
966 3851 1190 3920 qualem
1251 3860 1509 3919 Optamus
1567 3849 1897 3902 habituram.
1943 3847 2133 3903 Castra

541 3960 754 4001 censeo
801 3944 902 3997 hac
929 3957 1158 4010 vespera
1205 3957 1272 3996 cx
1303 3943 1404 3994 hac
1432 3941 1631 3994 arbore
1666 3942 1720 3994 in
1765 3941 1927 3993 aliam
1985 3939 2132 3993 illam

554 4055 666 4094 non
703 4039 865 4107 longe
910 4052 943 4091 a
971 4036 1182 4091 dextris
1215 4034 1372 4088 sitam
1403 4034 1722 4087 transferas.
1755 4032 1838 4085 lle
1883 4034 1985 4085 sub
2011 4031 2130 4086 dis-

552 4145 799 4194 cessum,
847 4144 1034 4182 coram
1091 4127 1370 4186 munibus,
1436 4125 1594 4193 quasi
1685 4125 2020 4193 proditorem
2077 4132 2133 4178 ct

547 4224 728 4278 cladis
763 4231 1001 4292 accepta:
1031 4236 1254 4276 causam
1285 4220 1552 4274 conviciis
1583 4220 1926 4288 proscindas,
1959 4220 2133 4285 plagis

550 4318 812 4380 utulctes,
839 4313 1208 4375 cruentatum,
1229 4311 1430 4382 plumis
1454 4311 1664 4364 alarum
1708 4309 1987 4378 plerisque
2011 4307 2132 4362 vul-

551 4409 657 4472 sis,
692 4407 867 4461 cauda
904 4416 1016 4460 tota
1038 4404 1316 4463 abscissa,
1349 4418 1448 4471 pro
1475 4401 1840 4456 seminiortuo
1857 4396 1926 4452 ad
1949 4396 2130 4451 solum

2242 1926 2399 1982 rent;
2441 1915 2662 1969 herbam
2711 1927 2924 1970 mature
2982 1917 3372 1986 porrigereut;
3423 1915 3672 1969 victores
3724 1928 3816 1967 vos

2239 2019 2639 2062 vcnerarentur
2667 2025 2682 2075 ;
2715 2009 3037 2064 muneribus
3061 2024 3123 2063 ac
3156 2009 3405 2079 pactione
3431 2009 3621 2061 tributi
3651 2023 3819 2074 quan-

2241 2106 2355 2151 tum
2389 2098 2751 2168 praescribere
2779 2099 3169 2169 dignaremini,
3225 2100 3444 2170 placare
3479 2104 3812 2167 satsgerent.

2242 2190 2368 2245 ilice
2395 2205 2506 2256 me,
2531 2199 2694 2259 prout
2723 2190 2858 2244 mihi
2880 2189 3290 2246 meusdictabat
3317 2191 3558 2252 animus,
3587 2190 3816 2258 loquen-

2241 2292 2352 2338 tem
2401 2282 2583 2338 coorti
2618 2297 2836 2348 omnes,
2883 2298 3090 2354 rexque
3121 2283 3175 2337 iu
3223 2284 3439 2354 primis,
3476 2282 3811 2352 proditorem

2242 2375 2585 2446 impiumque
2632 2378 3060 2447 proclamantes.
3098 2377 3296 2431 rostris
3342 2384 3400 2431 et
3441 2375 3723 2447 unguibus
3758 2375 3810 2429 in

2240 2467 2384 2522 hanc
2439 2483 2528 2523 me
2587 2467 2955 2523 deformatum
2995 2469 3258 2540 speciem,
3296 2483 3398 2538 pro
3453 2478 3674 2524 mortuo
3725 2479 3812 2520 aut

2235 2558 2424 2613 statim
2449 2559 2725 2614 morituro
2753 2559 3133 2629 relinquentes
3151 2561 3462 2615 avolarunt.

2321 2650 2456 2706 Vlll.
2482 2651 2640 2707 Tunc
2670 2651 3010 2716 Arebibubo,
3051 2652 3333 2708 advocatis
3359 2668 3472 2708 sua
3516 2652 3697 2723 gentis
3723 2665 3809 2706 se-

2243 2743 2518 2808 nioribus,
2558 2747 2841 2816 querebat
2876 2745 3010 2816 quid
3056 2746 3161 2801 hoc
3187 2760 3358 2801 corvo
3399 2754 3650 2815 agerent.
3697 2745 3811 2799 Pri-

2239 2852 2386 2902 mus,
2432 2838 2682 2894 omnium
2735 2836 3217 2909 prudentissimus,
3259 2837 3577 2916 Occidatur,
3613 2832 3807 2907 inquit,

2239 2933 2424 2988 statim
2451 2950 2466 2986 :
2498 2940 2769 3012 suspectae
2790 2939 2922 2988 sunt
2943 2945 3088 2987 artes
3118 2932 3383 2997 hostium,
3407 2931 3664 3002 pmsagit
3681 2930 3807 2984 mihi

2242 3024 2458 3079 animus
2489 3023 2752 3095 grandem
2777 3024 2850 3079 ab
2875 3025 2982 3079 hoc
3019 3039 3126 3078 non
3155 3039 3291 3078 vero
3329 3025 3585 3094 supplice
3633 3022 3810 3093 perui-

2243 3117 2408 3172 citm.
2451 3117 2582 3172 Scio
2642 3116 2696 3170 in
2727 3117 2920 3186 primis
2946 3125 3003 3170 et
3041 3115 3288 3185 plurima:
3317 3116 3459 3184 apud
3505 3130 3642 3170 suos
3690 3113 3807 3168 ﬁdei

2241 3218 2591 3263 numeratum
2616 3225 2632 3273 ;
2659 3219 2756 3262 aut
2777 3208 2936 3262 valde
2959 3209 3142 3273 fallor,
3173 3219 3269 3262 aut
3307 3208 3522 3263 insidia:
3549 3209 3667 3262 ista:
3687 3218 3808 3262 sunt

2238 3301 2607 3356 machinantis
2633 3301 2822 3356 infesti
2850 3302 3133 3372 quidpiam
3161 3301 3214 3354 in
3239 3317 3409 3370 genus
3447 3309 3721 3355 nostrum.
3754 3301 3804 3353 in

2236 3410 2449 3450 summa
2509 3393 2642 3463 quid
2687 3393 2973 3463 perdimus
3001 3407 3068 3448 eo
3113 3393 3462 3452 trucidando,
3501 3400 3599 3445 aut
3645 3406 3805 3460 quam

2234 3487 2299 3541 ad
2332 3502 2447 3543 rein
2483 3501 2712 3558 egemus
2758 3486 2921 3556 hujus
2967 3502 3132 3556 opera
3183 3485 3523 3541 seminecis?
3561 3494 3618 3538 at
3660 3485 3808 3554 gravi

2233 3580 2548 3649 Suspicione
2574 3579 2928 3648 periculoque
2961 3581 3233 3640 intestinae
3265 3578 3475 3633 fraudis
3505 3577 3578 3630 ab
3609 3578 3801 3640 expic-

2234 3683 2418 3726 ratore
2449 3672 2726 3741 versipelli
2756 3673 2896 3726 clam
2927 3673 3268 3726 instruenda:
3292 3671 3384 3724 illo
3433 3669 3682 3723 tollendo
3722 3669 3814 3723 de-

2227 3763 2536 3834 fungimur.
2569 3763 2724 3833 Saepe
2749 3764 2841 3834 qui
2872 3764 3014 3818 hosti
3059 3763 3309 3833 pepercit
3339 3762 3563 3817 intirmo
3619 3762 3814 3830 depte~

2235 3857 2429 3922 beuso,
2448 3855 2516 3910 ab
2547 3857 2740 3910 eodem
2767 3873 2918 3910 mora
2944 3857 3156 3911 indulta
3189 3856 3582 3918 revalescente,
3618 3856 3811 3908 trium-

2235 3947 2452 4017 phatus,
2478 3963 2603 4002 sero
2637 3949 2842 4018 gemuit
2877 3964 2893 4014 ;
2940 3949 3244 4003 trucidatus
3280 3949 3467 4011 etiam,
3515 3946 3812 4015 ignominia

2233 4048 2465 4094 mortem
2498 4041 2821 4104 cumulavit.
2867 4041 3022 4096 famae
3056 4041 3261 4111 pariter
3299 4054 3364 4094 ac
3391 4040 3518 4093 vita:
3541 4040 3809 4109 jacturam

2233 4132 2468 4200 patiens,
2497 4133 2700 4202 quippe
2727 4133 3009 4203 judicatus
3031 4133 3192 4201 culpa
3215 4145 3314 4186 sua
3342 4132 3693 4199 stuititiaquc
3721 4146 3813 4199 pe-

2233 4222 2416 4276 riisse.
2476 4224 2722 4277 Maiores
2763 4223 2856 4276 alii
2894 4233 3005 4278 tres
3042 4231 3348 4292 quatuorve
3398 4221 3706 4275 sententias
3733 4222 3813 4272 di-

2233 4320 2452 4376 xerunt,
2481 4320 2540 4367 et
2559 4311 2685 4366 fuse
2711 4311 3027 4366 disseruere
3055 4326 3153 4381 pro
3178 4326 3237 4367 se
3279 4311 3517 4380 quisque
3549 4326 3564 4363 :
3605 4311 3808 4379 quibus

2235 4402 2454 4456 tandem
2483 4403 2764 4460 emollitos
2799 4419 2917 4466 rex,
2957 4403 3140 4458 vivere
3177 4404 3330 4458 illum
3365 4402 3509 4457 inter
3535 4417 3670 4456 suos
3693 4404 3808 4472 jus-

551 4501 663 4556 sub
699 4503 899 4554 arbore
942 4499 1158 4552 nitidas.
1193 4497 1273 4551 lbi
1306 4511 1396 4550 sue
1443 4495 1696 4549 relictum
1727 4491 2008 4546 invenient
2034 4507 2127 4544 ιιο-
2166 4519 2208 4572 ι)
2233 4496 2305 4548 sit
2335 4495 2592 4549 liberum.
2651 4496 3063 4561 Recipientibus
3113 4511 3244 4565 ergo
3278 4510 3338 4550 se
3380 4495 3436 4549 in
3491 4495 3807 4566 speluncam

547 4604 700 4648 ctua:
730 4591 930 4645 iterato
959 4599 1206 4643 ventura:
1233 4588 1370 4642 citra
1397 4589 1567 4640 ullum
1599 4585 1830 4638 dubium
1869 4583 1977 4636 hac
2013 4597 2130 4651 ipsa

557 4701 722 4755 quam
755 4699 880 4737 mox
913 4681 1174 4736 inibimus
1197 4689 1394 4734 nocte.
1426 4679 1508 4733 He
1543 4677 1981 4745 interrogabant,
2027 4691 2129 4728 auo

557 4780 735 4834 dituru
793 4792 981 4832 secum
1039 4775 1325 4829 avebant:
1377 4773 1690 4826 insucscam
1742 4772 1893 4823 inter
1944 4769 2128 4838 ipsas,

551 4886 762 4926 arcana
803 4883 1094 4937 emungatu
1119 4906 1134 4932 ,
1181 4863 1344 4919 brevi
1386 4880 1479 4917 nte
1517 4871 1772 4930 exspecta
1803 4875 1928 4915 eum
1978 4869 2130 4915 certa

552 4964 891 5019 indicatione
921 4960 1068 5015 modi
1099 4957 1379 5013 vincendi.
1421 4956 1656 5010 Tantum
1709 4963 1986 5008 luculento
2031 4967 2132 5021 pu-

550 5057 687 5126 pilla
715 5055 859 5110 oeuli
884 5068 948 5107 ac
979 5055 1144 5107 corde
1177 5052 1296 5120 ipso
1325 5048 1644 5110 diligentius
1682 5047 1845 5100 tutari
1875 5061 1910 5098 a
1943 5044 2132 5112 cujus-

549 5155 640 5208 lvis
685 5151 1045 5214 conscientia,
1099 5150 1208 5202 imo
1236 5136 1292 5201 et
1349 5145 1683 5215 suspicione,
1711 5153 1974 5195 arcanum
2030 5153 2134 5190 uo-

547 5259 732 5302 strutn
773 5264 786 5300 :
814 5255 1006 5298 cautem
1039 5243 1268 5295 fortuna:
1293 5255 1355 5292 ar
1389 5237 1521 5290 mihi
1551 5234 1825 5306 pennitte.
1856 5231 2131 5284 Fecibrex

551 5350 618 5394 ut
668 5341 1015 5392 monebatur.
1052 5330 1490 5401 Depreheudunt
1543 5331 1820 5381 irruentes
1877 5334 2042 5377 noctu
2078 5321 2130 5375 vi

551 5433 765 5500 majore
793 5444 956 5497 quam
987 5426 1165 5496 pridie
1224 5433 1439 5476 noctuae
1471 5434 1696 5474 vacuam
1735 5417 1918 5470 corvis
1971 5416 2134 5467 arbo-

549 5541 698 5590 rem,
740 5523 906 5576 istum
939 5532 1107 5573 unum
1133 5517 1470 5569 ενωὶιιροοιιι
1495 5528 1558 5566 ac
1583 5513 1821 5564 lacerum
1878 5507 2026 5561 humi
2048 5506 2132 5559 af-

551 5616 788 5670 ﬂictum.
852 5612 1332 5668 Pereunctantur,
1404 5619 1514 5674 quo
1580 5602 1671 5656 alii
1737 5599 2128 5652 cotitxrsscrint.

558 5706 718 5761 Tunc
759 5705 869 5768 ille,
908 5703 1138 5766 Putatis,
1161 5703 1360 5768 inquit,
1393 5713 1554 5766 quem
1589 5706 1696 5747 tam
1727 5694 1866 5746 male
1899 5694 2130 5745 mulcta-

561 5799 758 5861 verint,
779 5811 1102 5850 arcanorum
1126 5791 1409 5848 conscium
1431 5803 1657 5842 suorum
1683 5786 1861 5840 facere
1877 5798 2125 5838 curasse.

2233 4601 2386 4641 suam
2445 4590 2663 4646 noctuis
2719 4589 2991 4643 imwistus
3019 4603 3242 4648 corvus,
3290 4587 3504 4655 aliquot
3559 4587 3638 4640 ibi
3693 4585 3808 4639 dies

2235 4678 2527 4748 transigit;
2561 4694 2658 4748 per
2693 4695 2834 4748 quos
2865 4680 3051 4733 multis
3076 4680 3339 4733 azrunmis
3378 4678 3680 4740 devoratis,
3713 4691 3804 4746 pe-

2233 4771 2534 4840 riculisque
2556 4786 2701 4841 aegre
2737 4772 2924 4826 vitatis
2949 4788 2979 4824 ιι
3001 4771 3165 4841 primi
3217 4772 3512 4834 senatoris,
3553 4771 3807 4825 occiden-

2235 4865 2364 4918 dum
2389 4878 2616 4917 corvqu
2654 4865 2957 4929 censentis,
2982 4863 3234 4932 quotidie
3277 4864 3488 4918 iteratis
3535 4863 3680 4932 apud
3713 4862 3809 4916 Ar-

2233 4955 2607 5010 chibubouom
2635 4955 2916 5010 iustantiie
2945 4973 2959 5022 ;
2986 4955 3230 5020 tandem,
3261 4956 3542 5025 explorata
3575 4957 3809 5025 diligen-

2235 5056 2319 5100 ter
2359 5046 2536 5100 forlna
2563 5060 2815 5100 cavernae
2843 5057 3190 5109 ttoctuarum,
3223 5057 3408 5101 certus
3435 5047 3546 5116 jam
3591 5047 3808 5101 consilii

2236 5140 2378 5192 viam
2427 5139 2894 5207 expeditissimam
2944 5137 3014 5192 ad
3059 5139 3451 5193 debellandum
3494 5139 3808 5208 pandentis,

2235 5229 2302 5283 ad
2332 5245 2483 5293 suos,
2517 5231 2750 5299 receptis
2781 5229 2954 5286 ferme
2987 5231 3197 5286 viribus
3227 5233 3508 5302 plagisque
3541 5235 3641 5286 illo
3683 5250 3809 5302 spa-

2233 5321 2313 5373 tio
2344 5323 2573 5381 curatis.
2607 5321 2920 5374 revertitur.
2967 5321 3094 5375 Adit
3123 5323 3373 5390 privatim
3414 5339 3598 5392 regem
3631 5341 3646 5389 ;
3676 5323 3808 5376 edo-

2231 5425 2320 5467 cet
2351 5414 2687 5482 constipatas
2715 5415 2963 5470 habitare
2993 5425 3228 5468 noctuas
3259 5415 3315 5469 in
3349 5426 3508 5469 antro
3538 5418 3658 5471 oris
3706 5433 3802 5470 an-

2232 5508 2402 5576 gusti,
2435 5509 2643 5562 nullum
2682 5509 2896 5577 uspiam
2945 5524 2979 5562 a
3012 5519 3281 5579 tergoaut
3329 5526 3357 5562 a
3393 5512 3564 5565 latere
3591 5513 3802 5566 exitum

2235 5599 2494 5652 habente.
2541 5599 2681 5665 Quid
2714 5617 2854 5670 opus
2909 5604 2981 5657 sit
3017 5602 3165 5657 facto
3213 5604 3529 5658 distinctius
3549 5607 3802 5673 explicat.

2235 5693 2442 5746 Probat
2465 5695 2649 5746 omnia
2679 5710 2794 5755 rex,
2855 5704 2909 5748 et
2935 5696 3199 5764 postridie
3254 5713 3433 5760 omne,
3467 5697 3673 5766 ignaris
3694 5699 3803 5749 suis

2238 5784 2520 5848 onmibus,
2539 5785 2691 5855 juxta
2723 5798 2987 5840 conventa
3044 5802 3168 5842 cum
3199 5788 3325 5841 ficto
3358 5791 3658 5858 transfuga,
3689 5787 3804 5842 edi-
