4016 6530
287 324 431 397 i311

1180 334 1566 397 SPECIMEN
1607 335 2045 396 SAPIENTLE
2088 334 2459 395 ΙΝΒοιῖοΜ
2494 335 2663 396 ΥΕΤ.

3407 336 3543 404 1313

285 447 364 500 cit
399 466 412 500 :
445 446 675 501 [lanium
712 445 945 517 quisque
992 447 1206 503 arboris
1265 460 1442 505 rostro
1482 450 1657 513 ferat,
1689 450 1769 505 sic
1791 449 1859 503 ad
1887 462 1938 521 Α
1962 465 2021 504 se
2053 450 2375 504 observasse
2402 450 2497 519 qui
2526 457 2770 520 saperet,
2804 449 3176 519 praeterillnm
3208 461 3544 513 senatorem,

288 537 398 592 iter
424 538 668 608 expediti
703 554 896 595 omnes
933 540 1138 597 adsint.
1172 541 1447 597 Memento
1490 554 1733 612 paretur.
1760 542 1867 597 Ac-

289 630 488 685 cinctis
508 631 780 696 omnibus,
808 647 904 686 rex
926 633 1181 702 praeiens,
1201 634 1415 689 consilii
1446 644 1678 689 auctore
1700 636 1872 689 comi-

292 733 473 784 tante,
504 734 651 776 recta
674 724 741 778 ad
772 727 971 779 ostium
1002 727 1144 780 antri
1172 736 1492 781 noctuarum
1524 727 1713 788 tendit,
1737 727 1869 781 illud

292 816 507 885 oppleri
539 816 765 869 materia
802 818 1071 886 praecipit,
1110 827 1223 871 tum
1262 818 1505 872 exterius
1531 818 1701 871 aridis
1725 816 1871 871 foliis

288 909 558 978 aggestis,
594 908 775 979 ignem
835 910 1106 964 accendi:
1135 927 1299 977 quem
1343 911 1705 965 eventilantes
1748 910 1870 963 uui-

290 1000 461 1063 versi,
504 1010 556 1053 et
584 1000 653 1055 ad
690 1014 870 1056 ramos
896 1003 1103 1056 virides
1137 1003 1280 1057 intra
1327 1003 1604 1072 speluncae
1631 1017 1697 1056 os
1734 1017 1869 1057 con-

291 1102 473 1160 gestus
530 1092 580 1145 vi
622 1092 847 1161 spiritus
903 1094 1190 1162 pellentes.
1233 1094 1442 1148 fumum
1486 1095 1629 1148 intra
1681 1109 1870 1149 caver-

294 1199 420 1236 nam
458 1183 847 1237 densissimum
874 1184 1143 1247 fecerunt,
1167 1202 1276 1256 quo
1307 1188 1581 1256 pleraeque
1610 1197 1740 1243 sunt
1773 1205 1871 1243 no—

294 1292 552 1331 ctuarum
617 1286 879 1331 enecata‘.
940 1279 1133 1333 Paueze
1190 1280 1413 1350 reliqua:
1452 1282 1714 1336 horrifico
1770 1298 1871 1353 per

297 1368 544 1421 ﬂammas
567 1368 782 1421 ululatu
802 1368 855 1422 in
878 1367 1054 1421 lucem
1079 1372 1392 1432 evadentes.
1419 1373 1613 1439 partim
1634 1372 1870 1427 ﬂammis

294 1460 476 1514 obiter
522 1460 999 1524 absumebantur,
1056 1461 1252 1528 partim
1296 1463 1689 1516 scminstuiata:
1738 1479 1871 1518 con-

296 1549 545 1602 cidentes
595 1548 754 1603 facile
803 1549 1239 1605 conﬁciebantur
1280 1568 1311 1607 a
1361 1555 1563 1609 corvis.
1611 1555 1669 1607 1n
1725 1554 1871 1609 hunc

299 1643 520 1693 modum
598 1655 792 1693 omnes
837 1641 903 1693 ad
963 1656 1126 1695 unam
1185 1651 1316 1696 sunt
1382 1654 1599 1700 nactum
1661 1648 1870 1700 exstin-

294 1743 420 1788 ctae.
476 1733 665 1787 Victor
716 1748 1007 1787 corvorum
1055 1750 1170 1797 rex,
1234 1745 1438 1807 tropaeo
1490 1738 1691 1806 posito,
1744 1753 1869 1793 cum

1972 541 2065 611 qui
2090 550 2303 605 auctor,
2337 550 2398 595 ut
2429 541 2692 607 diximus,
2738 540 3115 595 Arebibuboni
3145 541 3325 595 fuerat
3345 557 3544 611 suspe-

1973 634 2045 687 cti
2081 633 2374 702 transfugm
2408 632 2736 702 perimendi.
2763 633 2846 686 Ab
2873 633 3067 686 eodem
3098 649 3222 687 eum
3249 633 3546 702 aliquando

1970 724 2259 793 quaesisset
2284 740 2379 778 rex
2405 724 2679 793 quomodo
2720 725 2863 778 inter
2896 734 3004 779 tam
3030 724 3246 778 invidas
3282 737 3337 778 et
3370 726 3550 779 irrita-

1972 816 2112 870 biles
2135 816 2339 870 bestias
2357 814 2559 869 durare
2592 825 2672 870 tot
2694 816 2892 871 diebus
2920 816 3213 885 potuisset.
3251 817 3544 881 Patientia,

1974 908 2281 977 inquiebat,
2332 918 2388 962 et
2440 908 2722 977 obsequiis
2755 909 3062 977 quamlibet
3112 909 3310 963 infensi
3352 912 3546 963 saltem

1973 1002 2039 1055 ad
2078 1000 2298 1055 brevem
2334 989 2493 1054 usum
2523 1000 2889 1055 deiiniuntur.
2933 1003 3074 1067 Quid
3142 1003 3288 1055 ranis
3324 1005 3549 1059 exosius

1973 1098 2150 1169 hydro
2185 1100 2422 1166 ipsarum
2450 1097 2704 1167 praedone
2734 1096 2756 1150 ?
2790 1106 2970 1151 tamen
3007 1098 3240 1168 hydrum
3268 1099 3397 1151 olim
3434 1099 3546 1152 vidi

1972 1190 2317 1259 decrepitum
2350 1190 2527 1253 senio,
2551 1190 2644 1259 qui
2673 1198 2961 1260 postquam
2988 1189 3041 1242 in
3069 1188 3265 1258 palude
3298 1198 3409 1243 tota
3436 1190 3548 1243 vita

1972 1282 2257 1350 piraticam
2291 1280 2515 1345 fecerat,
2550 1282 2700 1337 ranis
2724 1298 2795 1345 se
2824 1281 3183 1352 ingurgitans,
3235 1281 3379 1350 quod
3432 1283 3547 1349 jam

1974 1376 2162 1429 venari
2208 1372 2439 1429 defectis
2482 1374 2694 1428 viribus
2713 1391 2771 1428 et
2795 1376 3014 1429 amissis
3062 1373 3322 1428 dentibus
3352 1375 3553 1444 nequi-

1973 1477 2079 1531 ret,
2125 1470 2423 1520 vectoriam
2472 1483 2695 1536 operam
2752 1468 2903 1521 ranis
2966 1467 3159 1521 iisdem
3216 1482 3313 1536 per
3366 1468 3548 1521 lacum

1975 1557 2435 1620 commeantibus,
2479 1558 2623 1610 unde
2697 1558 2993 1618 victitaret,
3031 1556 3127 1609 vili
3177 1557 3428 1610 mercede
3472 1555 3553 1607 lo-

1972 1649 2154 1711 cabat,
2193 1648 2554 1716 intuebarque
2584 1646 2867 1700 admirans
2903 1645 3274 1714 inequitantes
3301 1645 3375 1697 illi
3432 1652 3522 1698 tan

1970 1754 2138 1808 quam
2191 1740 2440 1809 jumento
2497 1752 2721 1792 securas
2761 1752 2926 1792 ranas
2987 1738 3119 1790 dum
3150 1751 3245 1790 eas
3299 1750 3396 1803 per
3438 1744 3552 1788 sta-

294 1828 411 1879 suis
448 1827 763 1889 ovantibus,
798 1828 852 1878 in
892 1828 1146 1895 antiquas
1176 1828 1356 1894 sedes,
1386 1830 1639 1891 arborem
1670 1830 1866 1883 videli-
1904 1835 1941 1887 ﬂ
1972 1848 2138 1902 gnum
2167 1847 2498 1900 quocunque
2540 1830 2798 1900 juberent
2846 1830 3083 1885 obnoxie
3121 1838 3387 1899 portaret.
3420 1830 3551 1883 Post

291 1924 384 1970 eet
416 1933 482 1969 ex
510 1932 615 1983 qua
671 1926 796 1984 post
835 1918 1046 1972 cladem
1104 1932 1464 1984 recesserant,
1515 1922 1698 1976 rediit.
1760 1922 1869 1976 Ma-

293 2024 397 2080 gna
434 2008 580 2072 inde,
614 2012 814 2063 merito
836 2026 959 2072 suo,
981 2021 1037 2064 et
1059 2013 1397 2066 existimatio
1424 2025 1479 2068 et
1512 2016 1683 2084 gratia
1714 2015 1869 2069 corvi

296 2102 697 2168 stratagematis
740 2102 1046 2157 inventuris
1098 2103 1246 2160 fuit:
1287 2107 1379 2175 qui
1419 2107 1654 2162 subinde
1697 2108 1868 2161 inter-

299 2207 539 2263 rogatus,
573 2209 713 2265 num,
733 2193 863 2263 quid
898 2193 953 2249 in
986 2205 1308 2253 noctuarum
1338 2200 1615 2269 republica
1645 2201 1769 2253 boni
1802 2215 1867 2256 ac

296 2286 588 2341 laudabilis
621 2285 836 2353 fuisset,
862 2286 1053 2343 dicere
1092 2290 1289 2345 solitus
1336 2302 1475 2357 erat,
1529 2294 1740 2347 nullum
1788 2294 1863 2347 ibi

1972 1923 2089 1976 haec
2112 1921 2379 1990 exposita.
2402 1921 2790 1990 disputationis
2810 1921 3254 1991 gymnosOphista
3275 1935 3552 1983 summam

1969 2013 2253 2083 colligens,
2302 2011 2407 2077 Qui
2450 2012 2615 2074 hosti,
2647 2012 2746 2075 ait,
2791 2012 3147 2066 reconciliato
3179 2011 3290 2064 cito
3328 2026 3389 2064 ac
3414 2011 3551 2064 levi-

1972 2112 2056 2158 ter
2103 2103 2423 2167 crediderit,
2484 2104 2633 2156 hunc
2675 2118 2771 2172 par
2798 2113 2983 2157 manet
3020 2102 3385 2156 infortunium
3428 2104 3553 2172 ejus

1969 2212 2080 2265 quo
2105 2204 2235 2250 sunt
2256 2210 2286 2249 a
2304 2194 2512 2258 corvis,
2542 2204 2601 2249 ut
2625 2202 2707 2249 est
2727 2194 3311 2259 hactenusuarratum,
3330 2203 3552 2250 noctuae

1965 2297 2237 2344 mactatae.

1348 2534 1887 2596 DISSERTATIO
1919 2529 2431 2594 PARABOLICA
2464 2528 2540 2589 V.

301 2648 609 2715 Tradncit
645 2659 985 2722 stultitiam
1022 2678 1233 2720 eorum
1262 2660 1370 2739 qui
1407 2660 1676 2739 assecuti
1699 2656 1866 2739 quod
1894 2665 2135 2739 optant,
2173 2655 2243 2715 id
2284 2652 2445 2739 elabi
2480 2650 2605 2739 sibi
2632 2668 2662 2709 θ
2689 2647 2979 2739 monibus
3025 2647 3241 2708 sinunt
3265 2662 3287 2703 :
3317 2659 3396 2713 et,
3434 2642 3549 2721 qui

1067 2731 1692 2818 elapsi'gravissimis'
1709 2731 2046 2816 pericu—lia,
2079 2735 2283 2797 denuo
2308 2753 2370 2795 se
2393 2733 2472 2793 iis
2497 2731 2791 2811 offerunt.

370 2860 725 2917 Satisfactum
754 2863 860 2919 sibi
897 2881 991 2921 rex
1021 2865 1109 2920 his
1136 2864 1338 2920 auditis
1361 2863 1709 2936 significavit,
1738 2877 1870 2919 con-

296 2950 555 3021 dictoque
586 2955 640 3007 in
669 2954 814 3010 diem
846 2968 1132 3026 posterum
1160 2972 1303 3010 novo
1326 2958 1627 3026 colloquio,
1680 2958 1750 3011 ab
1779 2971 1868 3011 re-

300 3056 459 3096 verso
489 3046 808 3113 tempestive
862 3048 1306 3118 gymnosOphista
1366 3049 1544 3117 petiit,
1590 3061 1866 3118 exponere

296 3135 401 3187 sibi
432 3151 499 3188 ne
529 3147 862 3206 gravaretur,
892 3140 1170 3208 quomodo
1206 3142 1545 3209 contingeret
1574 3140 1685 3193 voti
1712 3154 1865 3194 com-

298 3240 454 3297 potes
484 3227 678 3293 faetos,
726 3234 906 3284 sinere
935 3232 1039 3286 sibi
1069 3232 1210 3287 elabi
1244 3247 1273 3287 e
1301 3232 1587 3301 complexu
1618 3247 1731 3286 rem
1762 3246 1858 3285 cu-

299 3322 487 3389 pitum,
527 3330 583 3375 et
614 3338 733 3375 eam
762 3322 963 3378 frustra
995 3324 1195 3379 deinde
1228 3326 1534 3395 requirere.

368 3411 408 3465 Ι.
440 3413 517 3465 Ad
567 3415 670 3467 tale
702 3417 991 3483 quaesitum
1041 3417 1120 3470 sic
1151 3431 1381 3471 exorsus
1414 3416 1860 3487 gynmosophista

299 3518 499 3556 novum
541 3520 850 3558 sermonem
892 3518 979 3560 est
1014 3508 1280 3571 :Simius,
1335 3524 1503 3577 regno
1557 3510 1748 3577 pulsus
1792 3508 1861 3562 ab

298 3594 527 3663 ingratis
563 3598 820 3663 subditis,
848 3599 1311 3668 ingravescentem
1334 3601 1444 3669 jam
1468 3601 1589 3670 ejus
1620 3610 1865 3654 contem-

298 3685 559 3738 nentibus
592 3696 831 3749 :etatem,
864 3689 1148 3758 inglorium
1178 3690 1331 3743 exsul
1363 3689 1646 3743 obtinebat
1672 3688 1865 3743 statio-

295 3790 419 3828 nem
444 3776 500 3829 in
524 3778 701 3831 vicina
731 3779 946 3833 cuidam
978 3781 1119 3833 laeui
1163 3781 1414 3847 ficulnea,
1450 3784 1608 3851 cujus
1641 3792 1701 3837 et
1748 3782 1865 3835 fru-

297 3876 389 3921 ctu
423 3868 725 3923 victitabat.
758 3871 889 3925 Erat
921 3887 953 3926 e
978 3874 1204 3942 regione
1247 3874 1392 3927 intra
1428 3884 1681 3944 stagnum
1736 3877 1862 3928 her-

297 3959 449 4022 bosa,
477 3961 571 4014 sed
606 3961 806 4022 brevis.
838 3963 1037 4028 insula,
1068 3979 1169 4019 nec
1226 3965 1477 4019 lumnae
1511 3964 1864 4021 habitationis

296 4065 490 4119 capax.
535 4066 602 4104 ex
649 4068 755 4120 qua
803 4055 946 4108 freto
971 4067 1304 4123 perangusto
1364 4066 1595 4111 enataus
1622 4059 1863 4113 subinde

298 4143 350 4195 in
381 4143 756 4198 continentem
811 4147 1028 4201 testudo
1072 4150 1401 4211 ventitabat,
1437 4150 1538 4203 sub
1585 4151 1754 4218 ipsam
1788 4150 1863 4202 si-

296 4234 406 4285 mio
480 4234 746 4289 insessam
792 4237 1076 4291 ficulncam
1119 4240 1410 4294 transiens.
1463 4240 1705 4310 Contigit
1758 4242 1862 4295 sub

297 4337 632 4381 momentum
664 4329 782 4399 ejus
806 4331 1066 4385 transitus
1092 4331 1252 4385 ticum
1285 4342 1553 4386 maturam
1586 4342 1781 4401 Sponte
1804 4334 1859 4387 in

298 4419 595 4487 subjectant
621 4421 762 4473 viam
787 4422 1005 4477 cadere.
1039 4423 1167 4477 Eam
1198 4423 1413 4477 testudo
1435 4434 1705 4494 gustatum
1738 4427 1862 4480 ubi-

1974 2871 2099 2933 post
2127 2862 2243 2916 hate
2280 2860 2465 2915 audita
2512 2857 2795 2913 simulavit
2823 2854 3073 2909 morbum
3099 2894 3114 2918 ,
3149 2862 3206 2906 et
3233 2849 3400 2904 multa
3448 2863 3547 2918 per

1974 2963 2192 3010 noctem
2238 2962 2468 3023 questus
2514 2949 2669 3021 quasi
2709 2948 2949 3019 graviter
2986 2945 3222 3002 deteret.
3277 2941 3545 3011 postridie

1973 3046 2131 3101 uxori
2164 3044 2322 3107 dixit,
2354 3044 2489 3097 alias
2506 3056 2565 3096 se
2598 3041 2714 3110 pari
2746 3041 3003 3109 languore
3025 3037 3385 3095 laborantem,
3410 3049 3543 3103 gus-

1976 3147 2108 3197 tato,
2129 3151 2294 3190 suasu
2320 3134 2537 3199 medici,
2574 3132 2741 3187 corde
2774 3129 2918 3184 simii
2954 3144 3018 3182 ex
3048 3143 3116 3182 eo
3159 3125 3541 3188 convaluisse;

1968 3228 2076 3283 iret
2108 3228 2291 3298 igitur,
2322 3225 2368 3279 si
2400 3240 2456 3279 se
2487 3235 2715 3286 amaret,
2748 3236 2810 3276 ac
2839 3229 3104 3290 quantum
3136 3227 3319 3288 posset
3361 3226 3543 3271 oraret

1966 3320 2215 3382 simium,
2272 3317 2517 3388 quaesitis
2572 3316 2694 3369 aliis
2744 3313 3121 3383 praetextibus,
3183 3310 3542 3365 transfretare

1963 3412 2020 3466 in
2053 3412 2312 3473 insulam,
2338 3426 2400 3464 se
2427 3410 2591 3464 dorso
2618 3424 2743 3462 eum
2778 3408 3071 3478 trajectura
3091 3422 3159 3459 ne
3191 3414 3539 3475 gravaretur.

1966 3506 2173 3560 Annuit
2208 3505 2324 3566 illa,
2368 3514 2424 3558 et
2456 3503 2640 3557 statim
2695 3502 2797 3555 sub
2853 3502 3012 3554 ticum
3066 3499 3283 3553 rediens
3322 3498 3539 3551 simium

1964 3598 2217 3651 invitavit
2250 3596 2317 3650 ad
2356 3596 2649 3664 hospitium
2696 3595 2777 3647 sui
2808 3595 3053 3663 conjugis
3080 3632 3095 3656 ,
3154 3592 3437 3660 copiosum
3486 3592 3539 3643 in

1964 3687 2143 3741 insula
2172 3686 2510 3740 domicilium
2542 3684 2813 3737 habentis.
2854 3683 3081 3745 Simius,
3132 3681 3437 3743 tris'titiam,
3480 3690 3539 3732 ut

1960 3778 2428 3844 dixi,solitudinis
2459 3777 2665 3831 dudum
2689 3776 2872 3829 ferens
2902 3775 3148 3839 moleste,
3184 3790 3289 3827 non
3318 3775 3540 3828 illibeu-

1966 3881 2048 3925 ter
2089 3880 2173 3924 est
2209 3885 2499 3934 assensus;
2534 3864 2767 3937 moxque
2826 3878 3050 3921 secutus
3094 3867 3425 3920 testudinem
3462 3868 3530 3921 ad

1964 3964 2135 4025 littus,
2171 3962 2241 4016 ibi
2271 3963 2392 4032 ejus
2422 3962 2659 4015 natantis
2706 3970 2861 4015 testae
2913 3960 3133 4014 insedit.
3166 3961 3264 4015 Vix
3291 3960 3535 4014 medium

1965 4056 2162 4109 fretum
2200 4056 2549 4122 trajecerant,
2579 4068 2705 4107 cum
2744 4054 2908 4105 ﬂuctu
2934 4053 3283 4106 commotiori
3316 4064 3535 4109 tantum

1965 4162 2073 4200 non
2107 4159 2371 4200 excussus
2399 4145 2622 4208 simius,
2663 4143 2859 4198 timere
2890 4144 3101 4212 lapsum
3141 4152 3199 4197 et
3232 4144 3534 4199 demersio<

1965 4254 2088 4293 nem
2114 4238 2302 4307 coepit,
2330 4236 2775 4305 testudinemque
2815 4236 3011 4289 orabat
3040 4245 3101 4288 ut
3136 4251 3194 4290 se
3224 4238 3540 4292 continenti

1965 4330 2241 4384 redderet.
2282 4330 2359 4382 Ad
2387 4328 2533 4399 quod
2577 4329 2688 4392 illa,
2719 4328 3072 4398 simplicitate
3099 4330 3204 4383 sibi
3230 4330 3410 4394 solita,
3435 4331 3541 4384 Mi-

1966 4423 2111 4476 nime
2164 4422 2384 4480 faciam.
2432 4421 2636 4489 inquit;
2674 4435 2797 4473 nam
2854 4429 2905 4473 te
2942 4422 3025 4473 vir
3059 4436 3215 4475 mens
3256 4433 3545 4491 exspectat

299 4523 401 4577 ter,
433 4528 557 4566 cum
593 4528 811 4568 suavem
870 4516 1178 4584 probasset,
1213 4532 1320 4569 non
1342 4517 1519 4571 solum
1567 4526 1734 4572 totam
1770 4535 1834 4573 co
1892 4536 1937 4589 Β
1971 4524 2063 4567 tuo
2092 4512 2236 4567 vesci
2262 4514 2425 4567 corde
2449 4514 2680 4581 cupiens
2712 4527 2949 4581 :chmpe
2979 4513 3031 4567 id
3066 4514 3265 4575 morbi,
3312 4531 3421 4584 quo
3453 4516 3537 4568 la-

299 4602 489 4661 meilit.
526 4603 619 4655 sed
650 4614 703 4657 et
733 4614 896 4673 caput
926 4608 1179 4661 attollens
1208 4606 1457 4661 inhiabat
1493 4609 1862 4677 pendentibus

297 4696 530 4749 emeris.
559 4696 700 4750 Risit
731 4697 843 4751 hmc
868 4714 1099 4754 cernens
1130 4700 1342 4761 simius,
1372 4710 1426 4755 ct
1473 4718 1635 4756 unam
1670 4704 1746 4757 illi
1778 4714 1861 4758 at-

295 4802 403 4854 que
439 4787 665 4841 alteram
702 4789 969 4857 dejiciens
1015 4790 1201 4855 ticum,
1227 4792 1390 4862 longo
1433 4792 1577 4847 iilam
1608 4808 1862 4849 sermone

294 4893 438 4947 sape
460 4878 760 4944 detinebat,
792 4881 948 4935 laetus
975 4898 1033 4935 se
1056 4884 1349 4950 reperisse,
1370 4885 1600 4952 quicum
1637 4884 1860 4938 aedium

292 4970 611 5026 solitudinis
646 4973 1018 5041 qualicunque
1075 4972 1519 5028 confabulatione
1565 4975 1857 5029 solaretur.

293 5062 688 5118 Dominabatur
714 5064 767 5117 in
803 5080 867 5117 ea
894 5079 1053 5133 quam
1102 5064 1213 5118 dixi
1249 5064 1403 5119 lacus
1444 5066 1627 5120 insula
1660 5070 1861 5136 conjux

296 5157 606 5220 testudinis,
637 5157 730 5225 qui
756 5173 864 5209 non
893 5157 1060 5211 semel
1115 5156 1346 5210 miratus
1378 5157 1586 5213 tardius
1624 5158 1733 5227 jam
1766 5173 1857 5212 so-

294 5249 392 5304 lito
443 5253 507 5302 ail
534 5265 592 5303 se
626 5263 845 5302 uxorem
903 5249 1127 5309 reverti,
1158 5258 1513 5319 percontatus
1562 5264 1628 5301 ex
1656 5264 1721 5303 ea
1766 5252 1856 5303 ubi

294 5349 506 5397 tantum
531 5347 860 5403 moraretur,
887 5354 1009 5408 qua:
1033 5338 1195 5392 modo
1220 5339 1379 5392 retuli
1402 5338 1469 5392 de
1496 5338 1599 5391 lien
1618 5347 1676 5393 et
1697 5339 1857 5392 simio

248 5442 258 5450 ‘
291 5434 502 5487 audivit
530 5432 597 5485 ab
626 5432 736 5495 illa,
762 5446 958 5485 cuneta
992 5430 1397 5500 simplicissime
1449 5430 1675 5485 fatente.
1737 5430 1853 5497 ille,

277 5543 383 5584 seu
418 5543 532 5583 rem
593 5526 980 5594 interpretatus
1028 5523 1338 5593 sequiorem
1376 5522 1429 5575 in
1482 5532 1715 5591 partem,
1756 5539 1851 5578 seu

285 5630 594 5688 suspectam
653 5618 905 5672 viciniam
970 5626 1221 5670 metuens
1281 5615 1446 5669 astuti
1490 5616 1851 5681 veteratoris,

282 5712 552 5773 decrevit,
588 5712 629 5763 si
662 5724 768 5778 qua
800 5720 1000 5777 posset,
1037 5707 1254 5761 simium
1299 5708 1548 5776 perdere,
1584 5708 1853 5778 istiusque

285 5807 395 5859 voti
435 5805 539 5859 sibi
578 5802 904 5857 conﬁciendi
961 5803 1099 5856 hanc
1130 5802 1293 5856 iaivit
1338 5802 1639 5855 rationem.
1668 5799 1849 5854 Paulo

1966 4607 2143 4672 borat,
2171 4616 2381 4660 certum
2406 4604 2523 4659 fore
2554 4604 2855 4659 remedium
2876 4605 3174 4659 existimat.
3193 4606 3417 4669 Simius,
3447 4607 3539 4662 bis

1965 4698 2185 4762 auditis,
2217 4698 2363 4751 aliud
2388 4699 2498 4769 jam
2530 4698 2729 4751 malum
2782 4699 3001 4766 gravius
3036 4676 3415 4754 submersroue
3468 4699 3539 4755 ti-

1965 4807 2140 4851 mens,
2164 4808 2246 4854 ac,
2278 4792 2424 4861 quod
2475 4791 2650 4854 aiunt,
2681 4792 3027 4860 naufragium
3059 4792 3112 4844 in
3166 4802 3350 4860 portu,
3380 4801 3542 4845 tanto.

1964 4882 2249 4935 ardentius
2276 4880 2485 4950 regredi
2521 4882 2763 4949 optabat.
2818 4880 3005 4949 itaque
3054 4881 3315 4933 testudini
3368 4898 3541 4950 repo-

1965 4974 2072 5027 suit
2101 4976 2125 5025 :‘
2150 4971 2207 5025 Si
2244 4972 2347 5025 hoc
2370 4971 2592 5042 quidem
2618 4980 2702 5026 est
2740 4981 2799 5024 ut
2823 4971 2983 5032 dicis,
3020 4970 3390 5025 reﬂectcndus
3441 4988 3540 5027 ne-

1962 5065 2201 5117 cessario
2225 5080 2420 5116 cursus
2444 5073 2548 5127 est,
2586 5077 2708 5116 nam
2735 5078 2830 5115 cor
2854 5078 3034 5116 meum
3072 5063 3159 5117 hic
3192 5078 3297 5116 non
3333 5064 3533 5128 habeo,

1960 5156 2153 5211 solitus
2177 5155 2308 5208 illud
2339 5154 2485 5207 domi
2515 5154 2825 5223 relinquere
2850 5170 2972 5208 cum
3004 5155 3186 5222 aliquo
3213 5154 3541 5223 proﬁciscor

1960 5248 2127 5302 animi
2174 5251 2366 5317 gratia.
2418 5247 2639 5313 Quare,
2697 5248 2739 5301 si
2784 5248 2881 5301 tibi
2932 5248 3191 5309 videtur,
3252 5248 3394 5301 refer
3444 5264 3539 5303 me

1960 5347 2219 5398 continuo
2248 5344 2318 5397 ad
2345 5344 2495 5396 littus
2522 5345 2665 5397 unde
2696 5343 2986 5402 solvimus.
3022 5354 3077 5397 et
3102 5342 3175 5396 ibi
3214 5358 3297 5396 me
3333 5350 3530 5412 exspe-

1958 5446 2045 5490 cta
2080 5452 2101 5497 ι
2142 5436 2419 5488 currirulo
2483 5435 2630 5487 enim
2678 5435 2742 5487 ad
2782 5435 2943 5487 ticum
3001 5449 3244 5503 pergam,
3277 5442 3330 5487 et
3361 5434 3533 5487 corde

1958 5544 2169 5584 meeum
2272 5537 2495 5595 sumpto
2568 5526 2753 5579 statim
2835 5527 3003 5580 adero
3080 5526 3279 5579 iterum
3359 5528 3532 5595 traje-

1956 5632 2164 5676 cturus.
2211 5620 2467 5673 Pro..avit
2518 5618 2807 5672 consilium
2867 5619 2973 5671 doli
3022 5620 3204 5670 nescia
3264 5618 3531 5681 testudo,

1956 5715 2353 5783 remigiumque
2399 5712 2655 5766 inhibens
2698 5727 2759 5767 ac
2789 5728 3002 5781 proram
3055 5724 3273 5765 vertens
3301 5753 3313 5771 .
3354 5712 3529 5780 ripam

1956 5804 2102 5859 unde
2156 5812 2379 5858 venerat
2412 5802 2652 5871 repetiit,
2688 5802 3108 5871 expositumque
3151 5804 3367 5859 simium
3428 5804 3527 5857 ad~
