4016 6526
505 329 647 398 1319

510 534 635 589 dem
696 547 754 587 se
809 531 1025 595 sistere,
1078 525 1172 580 ubi
1229 539 1356 580 eum
1409 523 1784 594 opperituram
1817 540 1876 580 se
1910 541 2080 595 spon-

509 630 698 686 debat.

581 722 647 775 11.
682 722 748 773 At
789 718 1007 780 simius,
1043 716 1194 788 gravi
1236 731 1294 770 se
1328 715 1653 770 defunctum
1689 714 1939 784 periculo
1963 731 2087 786 gra-

511 814 717 876 tulans,
757 811 884 866 fleui
921 827 982 866 se
1013 826 1126 868 suae
1163 807 1524 878 cupidissime
1561 807 1832 870 reddidit;
1862 806 2086 876 illicque

511 907 798 960 stultitiam
826 919 978 958 suam
1020 903 1310 964 damnans,
1343 901 1462 954 dira
1498 899 1603 954 sibi
1653 899 2084 968 imprecabatur,

509 1001 556 1054 si
587 1013 823 1068 unquam
853 995 1099 1065 cujusvis
1130 993 1391 1062 precibus
1437 991 1566 1044 inde
1606 1004 1666 1045 se
1710 989 1899 1054 avelli,
1947 1004 2091 1059 pra:-

510 1090 700 1143 scrtim
740 1088 1088 1157 inexplorato
1117 1101 1241 1154 quo
1273 1084 1457 1136 iturus
1487 1091 1630 1136 esset
1662 1080 1808 1142 loco,
1853 1081 2084 1136 sineret.

509 1181 683 1234 Porro
723 1177 966 1240 testudo,
1003 1186 1297 1245 postquam
1335 1174 1498 1242 longo
1534 1181 1910 1240 exspectasset
1945 1178 2086 1225 tem-

510 1287 668 1343 pore,
717 1285 900 1324 moras
946 1269 1299 1336 increpatura
1362 1264 1605 1334 perrexit
1655 1263 1760 1318 sub
1808 1263 2088 1324 arborem.

510 1366 786 1433 simioqne
837 1361 1184 1415 familiariter
1218 1366 1437 1419 vocato,
1489 1355 1534 1411 0
1584 1366 1657 1416 te.
1693 1357 1792 1422 ait,
1833 1358 2084 1412 tardum!

509 1458 721 1526 dudum
773 1456 1057 1525 traiecisse
1117 1454 1171 1506 in
1231 1452 1466 1506 insulam
1531 1459 1874 1519 oportuerat.
1947 1451 2087 1505 Tum

511 1551 714 1606 simius
740 1548 1000 1604 irridens.
1035 1544 1079 1601 Ο
1118 1545 1282 1607 bona,
1330 1544 1532 1612 inquit,
1572 1558 1670 1596 cor
1703 1557 1905 1602 meum,
1941 1551 2090 1611 post-

508 1657 672 1713 quam
704 1639 837 1694 illud
866 1638 954 1692 hic
986 1637 1186 1707 reperi,
1216 1635 1472 1705 navigare
1506 1649 1593 1690 me
1641 1633 1882 1703 amplius
1909 1642 2087 1688 vetat:

507 1750 680 1804 qttare
705 1733 824 1787 viro
866 1742 961 1785 tuo
987 1744 1191 1784 censeo
1214 1728 1436 1782 nunties
1463 1743 1529 1781 ne
1549 1742 1608 1782 se
1633 1737 1870 1781 macernt
1895 1741 2091 1796 exspe-

1915 323 2327 385 APPENDIX.

508 442 723 500 monuit
771 452 832 497 ut
883 446 1183 495 maturaret
1231 443 1452 505 sumpto
1505 448 1691 489 secum
1762 435 1929 491 corde
1976 437 2074 492 ibi-
2114 437 2449 503 AAunuens
2500 435 2688 490 asinus
2748 432 2918 488 vastis
2969 432 3196 489 auribus
3260 435 3326 487 ad
3384 434 3595 495 omnia,

3641 316 3660 379 1
3672 318 3774 380 320

3670 451 3772 487 11011

2194 528 2460 582 dubitavit
2476 528 2640 583 etiam
2661 527 2908 596 proxime
2923 527 3187 592 accedere
3204 527 3440 590 leonem,
3459 525 3552 594 qui
3567 540 3774 596 ungues

2193 623 2248 677 in
2276 637 2399 676 eum
2453 621 2678 693 injicere
2722 631 2974 684 conatus,
3012 622 3262 691 arripere
3297 621 3446 691 quod
3485 622 3767 690 captabat,

2196 713 2390 767 morbo
2435 720 2718 782 gravante,
2755 727 2864 766 non
2899 713 3098 781 potuit.
3138 711 3298 767 Unde
3337 712 3529 766 asinus
3563 712 3774 778 impetu

2197 805 2289 859 illo
2335 806 2563 860 territus
2591 803 2909 874 aufugiens,
2934 804 3108 857 multo
3131 804 3380 858 cucurrit
3407 804 3772 865 externatius,

2196 897 2290 953 ubi
2325 898 2490 953 etiam
2549 897 2732 951 hausit
2787 895 3015 950 auribus
3045 895 3145 950 feri
3186 897 3423 965 praedam
3477 897 3582 951 sibi
3637 897 3774 966 eripi

2195 994 2436 1048 dolentis
2464 993 2796 1048 iracundum
2846 993 3108 1062 rugitum.
3142 991 3258 1048 Sub
3288 993 3406 1048 haec
3444 993 3534 1047 leo
3576 994 3776 1047 iterum

2195 1085 2262 1138 ad
2292 1084 2534 1154 vulpem,
2558 1084 2896 1146 Excidimus,
2925 1085 3125 1155 inquit,
3154 1095 3344 1139 nosua
3367 1101 3486 1154 spe,
3530 1083 3779 1154 abiitque

2199 1177 2252 1229 in
2285 1175 2503 1230 irritum
2538 1177 2750 1246 primus
2777 1177 2869 1233 hic
2902 1187 3157 1232 conatus.
3197 1177 3304 1232 Sed
3338 1179 3486 1232 mille
3513 1179 3609 1232 tibi
3635 1191 3779 1232 artes

2197 1269 2468 1323 suadendi
2519 1277 2670 1334 sunt,
2709 1278 2828 1324 'uec
2881 1269 3117 1339 despero
3152 1271 3284 1340 quin
3330 1273 3375 1326 si
3424 1272 3562 1327 velis
3610 1288 3780 1342 queas

2199 1359 2452 1416 hebetem
2501 1361 2658 1415 istam
2710 1361 2975 1431 pecudem
3009 1364 3210 1417 iterum
3253 1363 3462 1419 fallere.
3496 1365 3776 1433 Experire,

2196 1467 2316 1520 age,
2349 1467 2474 1506 nam
2503 1451 2607 1506 nisi
2633 1462 2856 1509 strenue
2886 1454 3136 1523 adjuvas,
3168 1457 3394 1510 morior.
3429 1455 3775 1510 Prosinciam

2197 1543 2429 1598 mandas
2453 1543 2753 1605 difficilem.
2781 1546 3028 1614 reposuit
3050 1545 3273 1616 vulpes;
3305 1558 3485 1602 tamen
3509 1557 3568 1602 ut
3594 1540 3779 1601 oinnia

2195 1646 2251 1689 et
2288 1636 2412 1690 volo
2452 1644 2508 1690 et
2539 1635 2714 1691 debeo
2752 1636 2848 1691 tibi
2893 1637 3152 1708 obsequi,
3188 1654 3305 1694 rem
3368 1649 3534 1708 prout
3581 1650 3780 1710 potero

2197 1729 2443 1783 tentabo.
2478 1730 2560 1782 Ab
2592 1731 2678 1784 Itis
2713 1734 2899 1784 statim
2947 1730 3087 1785 redit
3117 1732 3310 1802 vulpes
3335 1733 3400 1786 ad
3441 1737 3698 1792 asinum.
3729 1744 3782 1786 et

508 1825 751 1882 ctatione
787 1823 895 1880 mei
937 1839 950 1875 :
981 1836 1090 1876 non
1117 1819 1266 1874 enim
1299 1818 1462 1873 modo
1498 1827 1653 1872 vacat
1678 1818 1855 1888 ipsum
1881 1816 2083 1883 visere,
2120 1813 2160 1871 Β
2190 1821 2362 1888 Quid,
2388 1821 2486 1876 tibi
2529 1823 2631 1884 vis,
2670 1823 2872 1893 inquit,
2917 1825 3021 1878 isto
3056 1834 3234 1888 metu,
3284 1827 3388 1880 ista
3431 1826 3601 1895 fuga?
3642 1825 3780 1892 Quid

507 1926 564 1972 et
601 1914 805 1983 alioqui
832 1911 1118 1982 :egrotanti
1151 1908 1531 1978 mediciquam
1559 1908 1706 1961 simii
1735 1906 2088 1976 expetibilior

508 2009 780 2063 adventus
810 2016 914 2060 est.
939 2004 1239 2075 Suggerunt
1283 2002 1451 2056 etiam
1484 2001 1582 2055 tibi
1614 2001 2088 2055 narratiunculam

510 2117 618 2172 qua
661 2101 786 2169 eius
829 2099 991 2152 tzedia
1035 2097 1348 2167 languentis
1390 2094 1709 2150 demulceas
1742 2113 1756 2148 :
1793 2093 2090 2165 IEgrotans

508 2196 563 2248 in
606 2193 742 2247 silva
780 2193 869 2247 leo
897 2191 1055 2260 vulpe
1091 2191 1342 2244 ministra
1389 2188 1670 2243 utebatur.
1711 2186 2089 2243 Observabam

508 2299 612 2353 ego
668 2296 789 2345 eos,
841 2280 1236 2334 inobservatus
1280 2294 1345 2332 ex
1398 2279 1596 2331 arbore
1643 2277 1977 2346 propinqua,
2034 2285 2092 2332 et

507 2376 726 2429 leonem
757 2370 1239 2427 audividicentem
1278 2369 1429 2439 vulpi
1470 2385 1484 2422 :
1515 2369 1738 2423 Memini
1785 2369 1920 2422 mihi
1956 2368 2088 2423 olim

507 2465 577 2518 ab
600 2466 811 2536 optimo
838 2462 1057 2518 medico
1083 2447 1394 2532 pra-scribi,
1422 2470 1481 2515 ut
1509 2462 1553 2516 si
1579 2461 1779 2515 iterum
1799 2476 1865 2515 eo
1893 2461 2090 2515 morbo

506 2557 818 2611 laborarem
861 2569 974 2625 quo
1007 2563 1140 2626 tunc
1175 2569 1402 2623 quoque
1434 2553 1708 2618 tentabar,
1755 2554 1849 2607 illo
1877 2569 1963 2608 me
1996 2567 2094 2608 cu-

507 2658 688 2712 rante,
714 2662 812 2702 cor
848 2656 906 2702 et
935 2661 1130 2702 aurem
1169 2647 1307 2700 asini
1342 2661 1616 2709 vorarem,
1658 2646 1855 2700 melius
1882 2645 2091 2711 statim,

511 2741 764 2796 antidoto
798 2740 914 2804 tali,
945 2739 1237 2793 valituros.
1275 2736 1388 2792 Cur
1410 2752 1598 2793 cessas
1624 2738 1813 2809 igitur,
1848 2751 1951 2793 nec
1981 2737 2095 2792 cito

511 2834 645 2888 mihi
672 2833 931 2888 alicunde
961 2833 1181 2886 asinum
1206 2833 1360 2887 sistis
1402 2830 1546 2886 unde
1577 2832 1706 2886 mali
1736 2847 1847 2902 quo
1892 2833 2095 2886 misere

507 2925 814 2982 discrucior
863 2924 1170 2979 remedium
1201 2939 1418 2979 sumam
1446 2924 1469 2978 ‘l
1501 2923 1753 2980 Profecta
1799 2923 1986 2979 subito
2017 2922 2089 2978 ad

505 3019 716 3088 iussam
745 3016 1208 3086 perquisitionem
1244 3015 1463 3086 vulpes,
1498 3031 1610 3070 non
1668 3015 1827 3086 longe
1856 3015 1970 3072 illic
1994 3030 2092 3084 pa-

2195 1915 2386 1968 timcs?
2427 1925 2665 1969 conatus
2710 1916 2824 1993 ille,
2857 1932 2969 1986 quo
2995 1931 3057 1972 es
3087 1920 3406 1982 exterritus.
3443 1919 3585 1972 nihil
3630 1920 3777 1973 aliud

2190 2022 2354 2076 quam
2380 2006 2570 2061 fratris
2591 2015 2712 2062 erat
2736 2008 2974 2078 impetus
2995 2011 3261 2080 amplecti
3285 2017 3342 2066 te
3365 2028 3568 2082 magno
3593 2027 3780 2068 amore

2191 2099 2490 2169 cupientis.
2517 2100 2780 2156 Pluribus
2809 2118 2951 2170 opus
2987 2117 3096 2158 non
3120 2104 3223 2158 fuit
3247 2105 3313 2159 ad
3345 2107 3778 2176 permovendum

2192 2192 2478 2261 stupidum
2505 2193 2735 2255 animal.
2765 2205 2827 2249 ut
2847 2196 3116 2250 continuo
3133 2196 3200 2251 ad
3233 2197 3415 2253 locum
3442 2200 3593 2253 unde
3621 2199 3780 2253 modo

2193 2285 2282 2341 vix
2313 2287 2502 2340 salvus
2531 2285 2843 2356 aufugerat,
2881 2288 3030 2343 ultro
3069 2298 3470 2344 reverteretur.
3519 2291 3648 2357 lvit,
3680 2293 3774 2347 ad-

2193 2379 2365 2434 movit
2405 2392 2528 2432 sese
2565 2376 2708 2433 leoni
2753 2387 2862 2433 tam
2889 2394 3084 2450 prope,
3128 2391 3190 2434 ut
3218 2379 3312 2435 ille
3339 2383 3598 2450 quamvis
3630 2383 3765 2438 inﬁr~

2194 2484 2318 2522 mus
2342 2468 2504 2523 facile
2535 2468 2689 2537 illum
2726 2485 2909 2539 ungue
2936 2481 3254 2541 correptum
3279 2472 3447 2528 dente
3469 2475 3772 2545 jugularct.

2193 2557 2450 2614 Occisum
2492 2559 2692 2616 deinde
2727 2563 2876 2633 vulpi
2909 2565 3158 2627 tradidit,
3184 2565 3454 2620 mandans
3487 2585 3653 2622 aures
3673 2571 3774 2622 sibi

2193 2670 2260 2707 ac
2278 2668 2374 2707 eor
2392 2668 2460 2707 ex
2484 2653 2750 2709 cadavere
2799 2657 3044 2725 praecidi,
3071 2671 3432 2729 seorsumque
3465 2661 3678 2723 aﬂ'erri,
3711 2672 3767 2716 ut

2196 2747 2520 2816 praiscripto
2555 2747 2755 2804 medici
2799 2750 3233 2821 obtemperaret.
3267 2753 3461 2807 Astuta
3488 2755 3773 2824 vulpecula

2197 2852 2421 2896 mortuo
2463 2842 2622 2898 asino
2667 2854 2823 2899 extra
2874 2846 3052 2900 leonis
3092 2858 3478 2918 conspectum,
3515 2852 3672 2920 quasi
3710 2851 3774 2906 ad

2194 2934 2606 3002 exsequendum
2652 2937 2940 3006 imperata,
3000 2947 3193 3001 tracto,
3241 2941 3457 2996 decisas
3506 2959 3672 2998 aures
3722 2954 3775 2997 et

2195 3026 2447 3081 avulsum
2478 3042 2508 3082 e
2539 3039 2764 3097 pectore
2793 3045 2889 3084 cor
2912 3030 3027 3101 ipsa
3050 3036 3396 3102 praevoravit,
3425 3051 3605 3106 eoque
3633 3037 3774 3093 facto

507 3118 752 3164 scentem
787 3106 1016 3161 asellum
1063 3105 1222 3170 vidit.
1251 3120 1493 3175 eumque
1539 3106 1752 3169 adivnS.
1810 3109 1983 3170 Heus.
2042 3115 2094 3161 ιθ
2121 3152 2162 3210 c
2198 3119 2264 3173 ad
2296 3120 2513 3174 lemem
2543 3135 2857 3186 recurrens,
2891 3122 3024 3177 Mira
3062 3139 3170 3187 res,
3198 3127 3296 3190 ait,
3331 3127 3446 3183 haec
3474 3105 3646 3184 bestia
3680 3147 3775 3185 nec

509 3203 714 3271 ipsum,
741 3201 946 3268 inQuil.
990 3199 1325 3268 qumrebam-
1362 3199 1542 3254 Habes
1572 3214 1683 3253 non
1724 3200 1917 3269 Procul
1961 3199 2092 3254 hinc
2127 3199 2165 3275 ἰ
2199 3224 2295 3262 cor
2334 3224 2435 3264 nec
2481 3225 2646 3266 aures
2699 3212 2893 3269 habet:
2935 3216 3080 3284 quod
3115 3232 3427 3288 quanquam
3478 3237 3627 3274 nunc
3656 3238 3775 3276 sero

509 3295 738 3347 fratrem
771 3296 1066 3362 quemdam
1096 3301 1272 3354 tuum,
1314 3293 1409 3361 qui
1441 3301 1492 3346 te
1523 3292 1678 3362 cupit
1702 3293 1946 3362 alloqui;
1997 3309 2092 3358 ne,

509 3396 720 3450 quaeso,
753 3379 998 3450 graveris
1029 3380 1096 3434 ad
1139 3397 1264 3434 eum
1304 3391 1356 3435 te
1391 3380 1666 3445 conferre,
1705 3381 1902 3436 ducam
1940 3394 2090 3439 recta

512 3487 615 3526 nec
640 3473 863 3541 longum
891 3474 998 3526 iter
1025 3481 1129 3527 est.
1161 3474 1369 3528 Annuit
1414 3473 1644 3528 credula
1688 3474 1884 3542 bestia,
1919 3492 2093 3548 seque

511 3565 568 3616 in
604 3563 746 3617 viam
787 3562 914 3618 dat.
950 3563 1051 3618 Cui
1101 3564 1282 3619 obiter
1323 3566 1601 3622 eomitans
1639 3567 1853 3637 vulpes,
1903 3569 1982 3623 Ne
2041 3584 2095 3626 te

510 3655 832 3720 conturbet,
873 3657 972 3718 ait,
1006 3657 1157 3724 quod
1206 3657 1379 3712 frater
1411 3658 1502 3714 hic
1553 3666 1685 3713 tuus
1715 3659 2017 3729 aliquando
2065 3677 2094 3715 a

512 3756 565 3802 te
595 3747 816 3818 tuisque
871 3751 1123 3815 cegnatis
1181 3749 1417 3806 diversa».
1464 3751 1655 3805 formae
1693 3761 1782 3806 est
1828 3768 1843 3805 :
1899 3753 2096 3822 pellem

514 3855 616 3910 pro
640 3849 888 3910 tempore
916 3841 1095 3897 induit
1120 3843 1304 3908 aliam,
1329 3860 1430 3898 nec
1459 3844 1662 3899 vestitu
1683 3854 1880 3901 omnes
1903 3846 2099 3902 eodem

515 3933 594 3987 uti
623 3948 844 4004 semper
868 3944 1131 4004 possunt,
1180 3951 1280 3991 nec
1314 3944 1533 4006 tegmen
1566 3937 1816 3993 exterius
1845 3938 2102 3995 immutat

508 4027 776 4081 animum.
801 4025 924 4084 llazc
951 4027 1063 4083 illis
1087 4028 1442 4098 loquentibus
1463 4034 1717 4100 apparuit
1749 4034 1941 4102 procul
1972 4034 2085 4098 leo,

507 4127 564 4172 et
601 4117 794 4190 vulpes
820 4117 944 4174 eum
992 4132 1150 4190 gestu
1191 4130 1250 4176 et
1289 4121 1452 4176 oculo
1479 4113 1800 4194 designans,
1842 4123 1943 4180 Hic
1977 4134 2081 4189 est,

511 4210 711 4280 inquit,
744 4210 860 4282 ipse
886 4211 954 4266 ad
983 4227 1149 4284 quem
1193 4215 1500 4283 pergimus,
1547 4216 1642 4286 qui
1686 4224 1738 4271 te
1783 4216 2085 4274 desiderat.

2200 3298 2690 3368 deprehendimus,
2720 3314 2902 3358 tamen
2923 3309 3192 3376 suspicari
3213 3311 3326 3380 jam
3348 3323 3510 3366 antea
3537 3315 3770 3369 licebat:

2199 3407 2478 3459 nunquam
2507 3395 2678 3458 enim,
2709 3396 2755 3450 si
2797 3411 2894 3450 cor
2921 3408 2979 3452 et
3009 3415 3172 3454 aures
3201 3401 3509 3469 habuisset,
3545 3422 3774 3474 persua-

2200 3483 2449 3547 deretur,
2511 3500 2637 3540 eum
2700 3489 2859 3559 cujus
2925 3492 3032 3545 vim
3080 3503 3230 3548 esset
3284 3506 3569 3564 expertus,
3626 3502 3778 3569 cujus

2201 3577 2464 3634 infestum
2496 3581 2736 3650 rugitum
2766 3583 3039 3648 audisset,
3063 3585 3288 3641 fratrem
3323 3589 3428 3642 sibi
3460 3605 3584 3644 esse
3617 3595 3779 3648 bene-

2193 3673 2404 3728 volum.
2434 3674 2513 3728 Ex
2570 3675 2673 3730 hac
2703 3676 2914 3731 fabella
2947 3677 3243 3748 intelliges,
3284 3695 3318 3733 ο
3361 3684 3606 3749 testudo,
3639 3688 3779 3740 stul.

2198 3765 2393 3820 tiorcm
2426 3782 2513 3822 me
2556 3768 2713 3822 asino
2759 3768 3009 3823 futurum
3042 3771 3089 3825 si
3141 3787 3226 3828 me
3257 3774 3352 3828 tibi
3381 3776 3450 3829 ad
3487 3780 3776 3834 macellum

2199 3857 2453 3912 invitanti
2498 3859 2806 3915 crederem.
2842 3863 2942 3926 lta,
2975 3862 3222 3928 domine,
3274 3867 3352 3921 ait
3378 3871 3494 3938 regi
3541 3886 3779 3941 gymno-

2198 3949 2443 4018 sOphista
2477 3966 2792 4007 sermonem
2825 3954 3145 4022 absolvens,
3177 3960 3270 4028 qui
3311 3962 3669 4019 occasionem
3702 3967 3778 4020 rei

2197 4052 2397 4112 optata:
2419 4044 2778 4099 conficiendae
2799 4048 2969 4102 semel
2989 4049 3229 4105 oblatam
3253 4053 3394 4108 elabi
3422 4054 3529 4109 sibi
3555 4057 3778 4125 patiun-

2197 4141 2307 4199 tur,
2337 4135 2542 4190 frustra
2574 4135 2776 4192 deindc
2809 4137 2865 4193 in
2897 4141 3205 4196 revocanda
3239 4142 3332 4198 illa
3367 4156 3648 4218 satagunt.

1553 4419 2090 4484 DISSERTATIO
2116 4417 2620 4489 PARABOLICA
2653 4429 2762 4489 VI.

509 4535 818 4600 Ludibrio
852 4539 1117 4618 exponit
1144 4536 1758 4620 prwfestinatiouem
1788 4546 2052 4685 ogiosam
2080 4544 2439 4688 longinlqup.
2461 4559 2517 4611 et
2567 4549 2809 4613 incerta
2847 4559 3422 4636 pmoccupantium
3439 4577 3776 4642 prmana-

525 4639 528 4642 '
725 4661 753 4684 .
1862 4644 1932 4686 us
1955 4643 2124 4686 curis
2147 4645 2288 4688 amt)
2319 4647 2381 4688 ec
2417 4645 2458 4688 t.
2873 4675 2877 4679 ι

525 4639 528 4642 .
725 4661 753 4684 .
1821 4639 1932 4686 ous
1955 4643 2124 4686 curis
2147 4639 2458 4707 amplectt.
2873 4675 2877 4679 -

582 4742 756 4810 Quam
786 4760 1012 4810 vanum,
1047 4747 1278 4802 stultum
1317 4756 1374 4803 et
1407 4751 1684 4805 interdum
1724 4754 1950 4808 noxium
1986 4755 2080 4820 sit,
2114 4760 2157 4814 D
2187 4773 2347 4812 suum
2381 4759 2677 4829 quemdam
2711 4769 2767 4815 et
2801 4762 3014 4834 vulgari
3059 4765 3229 4822 altius
3261 4771 3428 4825 modo
3467 4777 3774 4845 sapientem

509 4837 885 4907 praafestinare
935 4838 1100 4902 votis,
1133 4850 1190 4894 ct
1222 4841 1368 4895 inani
1399 4841 1768 4900 destinatione
1797 4847 2086 4903 imminere

508 4929 863 4984 successibus
895 4929 1054 5001 longe
1101 4931 1284 4986 adhuc
1316 4933 1368 4985 in
1413 4933 1660 4988 futurum
1693 4938 2083 5006 pendentibus,

509 5032 575 5072 ac
621 5032 717 5072 eos
757 5034 850 5088 spe
895 5018 1203 5088 impatienti
1254 5025 1578 5092 prazcipere,
1633 5023 1936 5082 declaravit
1985 5030 2086 5084 ali-

509 5111 732 5179 quando
764 5110 848 5164 his
881 5115 1147 5183 exemplis
1197 5118 1649 5188 gymnosophista
1691 5123 1806 5190 regi
1848 5121 2080 5176 Abeasa.

509 5203 680 5266 lomo,
713 5203 898 5256 doceri
954 5204 1021 5257 de
1073 5206 1176 5260 hoc
1205 5207 1324 5277 ipso
1377 5211 1704 5278 postulanti,
1747 5211 1987 5281 loquens
2025 5213 2081 5267 in

511 5293 656 5347 hunc
683 5295 932 5347 modum:

579 5387 620 5438 Ι.
666 5386 754 5440 Vir
811 5389 1034 5457 quidam
1094 5389 1290 5457 puellae
1343 5389 1449 5445 sibi
1498 5391 1647 5460 paris
1691 5395 1796 5447 ritu
1842 5394 2084 5465 legitimo

506 5479 822 5547 coniugium
858 5482 1126 5546 ambiens,
1149 5481 1444 5551 impetrato
1467 5485 1583 5555 jam
1615 5486 1682 5538 ad
1716 5487 1768 5539 id
1790 5499 2082 5555 parentum

505 5570 738 5639 virginis
793 5589 1040 5638 assensu,
1097 5575 1230 5628 dum
1281 5591 1434 5630 sacra
1493 5577 1759 5648 nuptialia
1800 5591 2080 5648 parantur,

508 5665 753 5719 nondum
780 5669 1116 5737 conscriptis
1138 5670 1645 5726 matrimonialibus
1679 5673 1900 5738 tabulis,
1928 5680 2082 5744 cupi-

505 5759 614 5816 dus
655 5761 965 5815 ostentandi
1018 5762 1217 5820 futurze
1272 5766 1430 5820 ux;.ri
1468 5768 1754 5834 providum
1805 5770 2077 5837 exquisite

2196 4849 2470 4914 animum,
2500 4865 2759 4920 sponsam
2788 4853 2982 4910 adiens
3003 4857 3084 4911 sic
3109 4873 3231 4912 eam
3257 4858 3432 4916 fertur
3463 4867 3739 4923 allocutus
3763 4890 3774 4923 :

2195 4941 2271 4996 Ex
2299 4953 2492 4997 nostro
2520 4946 2779 5016 coniugio
2810 4947 2905 5017 qui
2932 4950 3144 5018 primus
3169 4952 3430 5010 nascetur
3467 4957 3635 5020 filius.
3666 4964 3776 5027 jam

2192 5050 2342 5088 nunc
2378 5036 2472 5105 qui
2519 5039 2709 5093 vocari
2745 5039 2885 5095 velis
2923 5057 2988 5097 ex
3044 5053 3095 5097 te
3141 5047 3286 5100 scirc-
3335 5051 3522 5120 cupio.
3567 5054 3780 5120 Quibus

2191 5129 2392 5195 pannis
2420 5143 2474 5184 et
2496 5133 2655 5202 cujus
2679 5125 2883 5188 eo'loris
2910 5145 3062 5192 veste
3111 5141 3189 5193 uti
3208 5157 3337 5195 eum
3365 5147 3778 5217 malis-quaso,

2191 5219 2393 5285 indica,
2418 5226 2825 5292 quamprimum
2842 5229 2990 5283 enim
3010 5234 3247 5300 parabo;
3285 5238 3592 5295 eondticam
3613 5248 3777 5296 etiam

2183 5312 2295 5382 jam
2333 5315 2436 5384 ipsi
2464 5319 2766 5372 nutricium
2793 5337 2808 5385 ;
2845 5331 2900 5375 et
2927 5337 3051 5376 cum
3081 5324 3198 5380 ludi
3227 5329 3490 5396 magistro
3510 5333 3599 5385 cui
3626 5348 3777 5387 com-

2191 5409 2500 5463 mittendus
2537 5420 2621 5465 est
2653 5415 2977 5485 transigam.
3025 5415 3163 5472 Huic
3201 5419 3325 5474 talia
3365 5425 3512 5477 Serio
3549 5424 3778 5496 neganti

2190 5502 2334 5554 haud
2355 5503 2518 5570 paulo
2546 5505 2828 5560 cordatior
2862 5509 3062 5564 mulier
3085 5527 3102 5564 ε
3124 5510 3254 5564 Mihi
3282 5514 3522 5578 videris,
3548 5531 3772 5588 sponse,

2189 5594 2388 5662 inquit,
2434 5597 2607 5650 nostri
2651 5599 2936 5670 cujusdam
2969 5601 3181 5667 famuli,
3221 5610 3567 5675 egentissimi
3599 5611 3772 5666 homi-

2194 5685 2298 5749 nis,
2330 5686 2528 5743 similis
2562 5689 2664 5743 ista
2700 5690 2847 5746 inani
2880 5695 3199 5758 provisione
3227 5699 3392 5754 iiiinis
3433 5714 3771 5756 remotarum

2187 5787 2243 5832 et
2275 5779 2486 5835 incerto
2530 5793 2730 5838 eventu
2781 5785 3142 5852 pendentium
3183 5805 3392 5846 rerum.
3435 5793 3506 5856 Is,
3558 5795 3773 5848 diurnis
