4016 6522
347 402 477 471 131

1231 401 1616 465 SPECIMEN
1650 399 2080 462 SAPIENTLE
2115 400 2480 460 INDORUM
2520 402 2680 462 VET.

3449 397 3584 463 i322

340 521 694 577 mercedibus
743 520 923 577 mellis
984 535 1046 578 ac
1101 520 1286 592 butyri
1338 537 1448 575 non
1503 535 1699 589 magna
1751 517 1907 586 copia
1937 529 1982 585 Α
2011 529 2133 584 pem
2175 525 2232 570 et
2265 517 2438 569 multa
2513 525 2821 586 gementem
2888 522 3168 572 momento
3236 516 3584 576 destitueret.

337 613 591 676 collecta.
643 613 862 669 duobus
913 613 1014 668 ista
1053 612 1200 666 vasis
1231 625 1262 666 e
1306 621 1448 665 terra
1492 609 1675 664 coctili
1714 608 1907 664 condi-

338 704 532 766 derat;
580 718 702 756 mox
754 719 940 757 secum
978 703 1050 757 ita
1082 701 1420 756 ratiocinans
1467 709 1625 753 nocte
1670 698 1904 769 quadam

338 795 560 850 dicebat
613 813 626 849 :
677 794 776 848 Mel
829 809 932 864 ego
974 792 1119 848 istud
1172 806 1235 846 ac
1289 791 1550 862 butyrum
1589 789 1902 860 quindecim

339 889 626 941 minimum
681 887 911 941 vendam
953 885 1232 952 denariis;
1280 900 1347 940 ex
1372 884 1458 940 his
1488 883 1678 938 decem
1710 897 1906 952 capras

336 993 540 1044 emam;
567 979 648 1031 hae
666 978 800 1031 mihi
825 977 1018 1046 quinto
1043 991 1228 1030 mense
1257 974 1484 1029 totidem
1506 971 1641 1026 alias
1662 973 1904 1041 parient;

336 1069 585 1138 quinque
637 1069 796 1122 annis
831 1083 1050 1139 gregem
1087 1081 1377 1136 caprarum
1431 1065 1590 1120 facile
1641 1063 1906 1133 quadrin-

336 1169 627 1230 gentarum
663 1159 994 1225 confecero;
1030 1159 1130 1213 has
1175 1167 1520 1212 commutare
1559 1163 1693 1211 tunc
1727 1156 1908 1226 placet

335 1267 462 1303 cum
516 1252 692 1305 bobus
742 1262 986 1314 centum,
1045 1251 1249 1320 quibus
1294 1248 1532 1303 exarabo
1586 1249 1693 1302 vim
1747 1258 1906 1303 terra:

339 1358 614 1409 magnam,
643 1353 699 1396 et
732 1358 1024 1396 numerum
1059 1341 1227 1396 tritici
1263 1342 1558 1404 maximum
1586 1355 1902 1410 congeram.

336 1430 416 1484 Ex
451 1429 722 1486 fructibus
769 1431 919 1486 hisce
952 1431 1334 1501 quinquennio
1379 1431 1773 1502 multiplicatis,
1813 1446 1907 1500 pe-

335 1520 515 1574 cuniae
559 1521 775 1575 scilicet
811 1528 998 1575 tantus
1027 1521 1255 1575 exsistet
1305 1521 1524 1585 modus,
1557 1529 1615 1576 ut
1654 1520 1813 1576 facile
1850 1523 1904 1576 in

337 1610 787 1679 locupletissimis
819 1626 1096 1666 numerer.
1127 1611 1367 1666 Accedet
1402 1612 1500 1666 dos
1527 1613 1714 1666 uxoris
1743 1628 1904 1682 quam

337 1697 457 1752 istis
490 1700 690 1769 Opibus
740 1699 1069 1754 ditissimam
1104 1701 1416 1755 nanciscar.
1462 1702 1732 1756 Nascetur
1773 1703 1902 1756 mihi

338 1790 482 1843 ﬁlius
500 1806 662 1860 quem
683 1791 794 1862 jam
827 1807 973 1846 nunc
996 1790 1238 1846 decerno
1261 1793 1546 1848 nominare
1574 1794 1902 1861 Pancaluin;

2084 605 2304 678 ll.Post
2361 605 2478 661 hrec
2534 607 2617 661 vir
2676 606 2771 662 ille
2828 608 3094 678 nuptialia
3145 609 3364 679 peregit
3403 625 3582 678 sacra,

2013 711 2313 767 menseque
2369 698 2585 752 decimo
2633 698 2838 754 Lucina
2899 699 3117 756 favente
3179 703 3365 757 uxoris
3425 713 3583 774 partu

2015 798 2174 859 pater
2210 788 2391 844 factus
2419 797 2524 844 est.
2551 791 2645 844 Die
2673 791 2908 860 quadam
2938 793 3162 864 negotio
3209 803 3439 866 urgente
3465 796 3586 850 exi-

2015 891 2139 937 tura
2197 891 2372 937 mater
2421 884 2488 938 ad
2548 884 2806 952 vicinam,
2843 886 3024 941 virum
3088 889 3322 959 rogavit,
3355 899 3414 945 ut
3460 899 3585 945 tan~

2016 973 2188 1043 tisper
2210 973 2341 1029 dum
2381 973 2608 1040 rediret,
2634 975 2922 1045 invigilare
2946 992 3014 1032 ne
3039 987 3364 1048 gravaretur
3390 980 3588 1036 infanti
3617 971 3621 975 ’

2013 1067 2213 1136 sopito.
2249 1067 2343 1122 ille
2367 1083 2495 1123 cura
2529 1077 2782 1138 suscepta
2808 1070 3154 1141 negligenter
3179 1071 3426 1139 functus,
3454 1074 3588 1130 dum

2013 1158 2120 1212 alia
2155 1159 2402 1227 cogitans
2423 1173 2548 1216 ante
2574 1161 2893 1218 cubiculum
2917 1162 3244 1233 inambulat,
3271 1181 3503 1237 serpens
3521 1169 3590 1224 ad

2015 1264 2187 1304 cunas
2202 1251 2526 1323 adrepebat,
2555 1263 2909 1324 peremptura
2931 1269 3190 1324 puerum,
3213 1257 3321 1312 nisi
3346 1259 3588 1330 nympha

2013 1342 2332 1410 conspicata
2390 1345 2806 1400 inscendentem
2876 1347 2990 1417 jam
3058 1347 3319 1403 lectulum
3397 1351 3588 1420 pupuli

2009 1433 2247 1503 jacentis
2280 1437 2642 1492 sacviSsimum
2675 1439 2967 1492 colubrum
3013 1440 3235 1495 irruens
3272 1442 3587 1499 occidisset.

2012 1527 2216 1582 Audito
2270 1539 2425 1598 pater
2474 1531 2713 1600 quodam
2773 1531 2919 1584 intra
2962 1533 3282 1589 cubiculum
3332 1537 3589 1607 strepitu.

2013 1633 2139 1673 cum
2195 1619 2344 1676 fores
2397 1622 2726 1691 aperuisset,
2770 1623 2907 1680 vidit
2957 1625 3244 1682 victricem
3289 1630 3592 1700 nympham

2015 1710 2172 1782 hydri
2195 1727 2356 1781 quem
2390 1724 2683 1768 necaverat
2716 1715 2995 1783 perfusam
3033 1719 3326 1788 sanguine,
3355 1729 3592 1776 temere-

2015 1817 2122 1871 que
2140 1803 2399 1874 judicans
2422 1805 2678 1860 nocuisse
2697 1807 2848 1860 illam
2873 1824 3067 1878 puero,
3088 1811 3274 1865 statim
3293 1827 3594 1868 accurreus

338 1881 487 1935 hunc
536 1881 798 1937 .educabo
855 1882 1270 1948 liberalissime,
1331 1894 1392 1940 ut
1439 1885 1711 1940 nobilium
1773 1889 1909 1942 nulli
1944 1897 1984 1947 Β
2015 1892 2311 1948 interfecit.
2362 1893 2501 1949 Tum
2536 1910 2842 1952 conversus
2871 1899 2941 1953 ad
2976 1915 3171 1966 cunas,
3212 1902 3306 1957 ubi
3338 1904 3593 1973 proxime

337 1973 645 2038 concedat;
679 1976 772 2044 qui
797 1976 864 2032 si.
900 1975 992 2030 ubi
1026 1976 1435 2045 adoleverit,ut
1461 1979 1725 2047 juventus
1747 1980 1906 2042 solet,

335 2076 718 2121 contumacem
754 2083 814 2122 se.
840 2069 977 2123 mihi
1019 2070 1282 2140 praebeat,
1311 2071 1457 2126 haud
1483 2072 1620 2128 feret
1651 2073 1908 2148 impune;

339 2158 538 2212 baculo
569 2160 716 2213 enim
748 2160 856 2216 hoc
917 2161 1071 2215 illum
1109 2162 1212 2217 hoc
1248 2163 1411 2218 modo
1443 2165 1660 2220 feriam.
1711 2167 1913 2236 Arrep-

339 2259 452 2302 tuin
491 2252 634 2304 inter
679 2251 792 2306 lta'c
839 2253 1140 2308 dicendum
1181 2255 1326 2312 lecto
1367 2259 1610 2311 vicinum
1655 2259 1909 2313 baculum

339 2357 436 2409 per
468 2344 724 2397 tenebras
763 2345 1010 2413 jactarit.
1055 2363 1299 2417 casuque
1341 2349 1628 2405 incurrens
1679 2351 1734 2404 in
1767 2351 1911 2406 dolia

339 2432 517 2485 mellis
546 2442 600 2485 et
638 2433 822 2505 butyri
855 2435 1009 2504 juxta
1047 2436 1248 2504 posita.
1285 2436 1558 2506 confregit
1593 2447 1910 2514 utrumque,

337 2521 415 2576 ita
445 2532 502 2574 ut
535 2522 589 2575 in
633 2524 754 2593 ejus
803 2525 974 2579 etiam
1027 2541 1090 2580 os
1121 2527 1455 2597 barbamque
1492 2528 1653 2581 stillae
1685 2528 1912 2597 liquoris

338 2613 678 2681 prosiliieut,
711 2626 908 2670 αδδιδι-³
944 2617 1115 2671 emisti
1156 2628 1214 2671 et
1247 2619 1404 2672 tnista
1438 2620 1650 2688 pulveri
1685 2638 1912 2689 prorsus

337 2719 852 2776 corrutnpcrcniur,
885 2724 950 2763 ac
984 2709 1397 2764 fundamentum
1435 2711 1548 2781 spei
1589 2723 1747 2767 tantm
1782 2713 1905 2766 ino-

2017 1983 2453 2054 ipsasjacentem
2497 2002 2779 2042 mortuum
2807 1993 3097 2061 conspexit
3119 1994 3436 2059 colubrum,
3467 2013 3594 2052 sero

2017 2075 2290 2132 intellexit
2314 2078 2456 2131 mala
2477 2095 2539 2134 se
2565 2083 2821 2137 mercede
2852 2100 3235 2142 remunerasse
3259 2087 3591 2145 beneficium

2019 2165 2271 2234 nymphae
2302 2167 2388 2220 cui
2426 2169 2659 2223 salutem
2691 2173 2786 2225 lilii
2814 2173 3090 2233 debebat:
3127 2186 3183 2232 et
3212 2177 3503 2236 festinasse
3530 2196 3593 2236 se

2018 2256 2314 2324 pmiiitens,
2343 2258 2509 2312 etiam
2539 2259 2726 2326 flevit,
2745 2263 3141 2330 przevolantem
3167 2283 3351 2333 suum,
3374 2277 3432 2324 et
3459 2269 3594 2325 dum

2013 2348 2333 2418 longinquis
2369 2350 2565 2416 inhiat,
2597 2354 2890 2422 praesentia
2926 2370 3037 2410 non
3069 2367 3411 2426 cernentem,
3445 2362 3595 2416 serio

2013 2443 2421 2496 emendandum
2455 2443 2790 2501 decernens
2848 2448 3117 2505 animum.
3186 2452 3315 2507 Haec
3370 2455 3596 2508 locutus

2014 2534 2490 2603 gymnosOphista,
2521 2539 2756 2606 (ιιιωεὶιο
2793 2542 2938 2612 regis
2965 2541 3303 2602 satisfecisse
3331 2561 3393 2603 se
3429 2559 3596 2618 puta-

2018 2626 2115 2689 vit,
2142 2626 2238 2679 illo
2261 2643 2480 2697 quoque
2505 2641 2807 2690 annuente.

1360 2965 1891 3026 DISSERTATIO
1943 2969 2443 3036 PARABQLICA
2489 2973 2620 3032 VH.

347 3111 467 3172 Pro
499 3126 684 3186 scopo
717 3106 898 3214 Itqb‘et
934 3108 1256 3214 qstendere
1288 3122 1590 3214 quantum
1605 3132 1785 3214 pater
1813 3115 2089 3191 prudens
2126 3126 2182 3178 et
2218 3117 2380 3214 [idus
2415 3138 2487 3179 ac
2513 3122 2772 3214 sapiens
2801 3123 3210 3191 consiliarius
3243 3130 3426 3193 utiles
3457 3151 3594 3214 regi

725 3187 851 3246 sint
881 3186 966 3247 ad
993 3186 1434 3265 prwcarcndas
1466 3191 1730 3252 insidias
1770 3186 1959 3272 regno
1991 3215 2064 3255 ac
2093 3186 2290 3274 capiti
2323 3199 2454 3276 ejus
2489 3186 2828 3290 priniciem
2862 3215 3195 3271 struentes.

411 3333 616 3386 Vocan
648 3332 850 3389 deinde
882 3335 971 3389 die
1027 3339 1264 3407 quadam
1304 3341 1767 3410 gymnoSOpliistaz
1818 3359 1910 3396 rex
1942 3358 1981 3414 ί]
2019 3343 2278 3414 improbi,
2330 3347 2486 3403 facile
2516 3349 2768 3406 coierunt
2815 3353 2870 3408 in
2902 3358 3234 3414 sententiam
3281 3363 3595 3419 sceleratis-

337 3423 681 3489 Al'essalom,
715 3427 984 3496 Magnam,
1017 3430 1216 3500 inquit,
1240 3449 1270 3486 a
1300 3443 1350 3487 le
1374 3434 1536 3487 ﬁoe‘ie
1567 3450 1678 3488 rem
1703 3451 1908 3502 qurere,

339 3519 474 3571 mihi
528 3522 890 3574 necessariam
927 3522 981 3574 in
1032 3524 1243 3592 primis,
1279 3526 1485 3594 quibus
1520 3526 1734 3579 artibus
1761 3518 1912 3579 asse-

333 3618 536 3674 quatur
573 3624 668 3662 rex
725 3620 784 3663 ut
830 3611 1030 3665 domus
1071 3614 1191 3682 ejus
1246 3614 1638 3683 tranquillitate
1687 3632 1748 3668 ac
1782 3631 1912 3684 pare

337 3701 552 3751 fruatur
575 3699 937 3756 inconcussa?
965 3703 1156 3774 plusne
1185 3705 1249 3757 ad
1277 3705 1329 3758 id
1356 3706 1602 3758 conferat
1626 3706 1908 3774 patientia,

335 3805 405 3842 an
441 3793 574 3844 recti
614 3797 835 3847 conscia
879 3811 1072 3877 tuens,
1110 3813 1182 3851 an
1225 3797 1464 3868 denique
1508 3798 1750 3851 liberalis
1798 3801 1907 3852 lar-

335 3879 504 3949 gilii)?

413 3971 451 4025 Ι.
476 3972 557 4026 Ad
581 3975 695 4027 haec
716 3976 1170 4046 gymnosophista
1194 3978 1273 4031 sic
1295 3980 1582 4048 respt'mlit
1610 4000 1623 4035 :
1647 3982 1912 4038 Pacanda:

333 4073 391 4117 et
415 4064 466 4116 in
496 4079 627 4132 pace
649 4068 1044 4123 conservanda“:
1063 4068 1250 4124 domui
1274 4070 1645 4128 cﬂicacissittta
1667 4076 1911 4130 omnium

336 4172 427 4212 res
476 4167 563 4213 est
628 4159 922 4227 prudentia
979 4162 1283 4218 tolerantia:
1328 4166 1644 4234 conjuncta,
1707 4168 1910 4225 deinde

334 4251 667 4318 sapientium
713 4266 1023 4322 opportuna
1071 4257 1325 4320 consilia,
1384 4270 1660 4326 postremo
1701 4263 1909 4331 optima

334 4353 384 4394 et
415 4343 925 4400 cansidcratissitna
951 4347 1389 4403 materfamilias.
1418 4350 1542 4405 Haic
1560 4354 1740 4406 omnia
1763 4357 1908 4410 velut

339 4431 388 4482 in
420 4435 644 4500 speculo
674 4437 823 4492 clare
856 4454 1086 4493 cernere
1119 4440 1307 4495 licebit
1337 4443 1392 4496 in
1421 4458 1486 4496 eo
1513 4445 1659 4514 quod
1687 4447 1904 4500 cuidam

336 4521 593 4577 ludorum
631 4528 746 4597 regi
783 4531 1039 4601 contigit.
1080 4530 1136 4584 Id
1185 4543 1368 4586 autem
1408 4544 1491 4588 est
1531 4535 1842 4606 hujusmodi
1888 4553 1932 4592 :'

335 4614 482 4667 Vidit
515 4617 604 4670 ille
648 4635 738 4672 rex
774 4637 880 4675 una
927 4633 1088 4677 nocte
1135 4634 1260 4678 octo
1293 4627 1504 4680 somnia
1545 4631 1808 4690 terriﬁca.
1851 4639 1906 4685 et

2016 3435 2233 3488 simam.
2288 3435 2410 3492 llaec
2453 3441 2600 3493 enim
2633 3441 2736 3496 fuit
2764 3458 2955 3498 eorum
2983 3450 3159 3503 oratio
3191 3467 3204 3504 :
3233 3449 3351 3506 Rex
3381 3452 3474 3509 hic
3505 3454 3591 3508 in-

2018 3543 2277 3582 numeros
2329 3543 2533 3587 nostra:
2581 3543 2743 3590 sectae
2792 3553 2855 3591 ac
2909 3541 3149 3596 nominis
3198 3546 3391 3612 paucis
3442 3557 3591 3602 retro

2015 3621 2173 3674 annis
2213 3621 2525 3688 interfecit,
2561 3626 2863 3683 ulciscendi
2897 3631 3016 3701 ejus
3051 3649 3120 3688 en
3171 3635 3316 3691 Deus
3342 3641 3592 3696 occasio-

2015 3726 2140 3763 nem
2176 3712 2333 3766 nobis
2375 3713 2556 3779 offert,
2586 3732 2691 3785 qua
2720 3735 2946 3788 sperare
2977 3725 3410 3783 commodiorem
3445 3747 3588 3786 tum-

2013 3817 2179 3869 qunm
2207 3820 2500 3872 possumus
2538 3826 2550 3862 :
2591 3809 2906 3880 arripienda
2946 3829 3010 3868 ea
3045 3824 3148 3882 est,
3180 3816 3431 3890 nihilque
3463 3840 3587 3892 par-

2013 3893 2250 3947 cendum
2283 3899 2580 3965 quominus
2617 3915 2682 3955 ea
2719 3911 2940 3958 utamur
2974 3906 3042 3960 ad
3091 3925 3255 3978 quam
3297 3914 3587 3970 tnaximam

2016 3984 2068 4037 in
2109 3986 2229 4056 ejus
2285 4000 2450 4058 caput
2481 3995 2863 4049 accersendam
2902 3999 3224 4066 perniciem.
3266 4002 3383 4059 Hoc
3422 4005 3590 4076 igitur

2013 4079 2468 4146 respondebimus
2503 4087 2763 4141 concordi
2805 4089 3018 4157 judicio
3053 4109 3066 4142 ε
3105 4092 3399 4165 Postquam
3431 4115 3590 4155 scru-

2012 4166 2110 4218 tati
2162 4169 2380 4224 scilicet
2433 4172 2605 4230 libros
2665 4192 2893 4232 arcanus
2950 4195 3164 4248 sumus,
3222 4187 3589 4246 consideratis

2011 4260 2427 4317 accuratissime
2455 4266 2736 4330 omnibus,
2793 4269 2938 4324 clare
2987 4273 3277 4340 providere
3311 4292 3432 4342 nos,
3478 4280 3586 4334 im-

2011 4367 2252 4407 mensam
2281 4360 2571 4424 quamdam
2611 4360 2850 4415 cladiuin
2879 4378 2943 4417 ac
2971 4365 3341 4424 calantitatum
3374 4373 3481 4426 vim
3506 4373 3587 4430 ira

2011 4460 2134 4498 mox
2181 4450 2340 4500 deum
2408 4451 2459 4502 iti
2517 4467 2697 4521 regem
2742 4440 3184 4524 'devolvcndatn,
3235 4463 3339 4518 nisi
3386 4468 3587 4537 exiguo

2010 4537 2156 4603 quod
2201 4551 2454 4606 superest
2496 4551 2741 4611 tempore
2791 4547 3023 4615 piaculis
3055 4549 3265 4606 idoneis
3297 4567 3588 4623 prawertat

2010 4627 2388 4686 imminentem
2427 4641 2654 4701 pestem,
2687 4639 2965 4708 eluatqne,
2988 4643 3190 4711 quibus
3230 4647 3370 4701 male
3403 4651 3585 4718 perire

331 4711 695 4763 conturbatus
729 4713 906 4777 valde,
944 4716 1037 4768 tibi
1065 4716 1400 4786 evigilasset,
1433 4730 1706 4789 quotquot
1749 4734 1906 4776 erant
1941 4726 1982 4780 D
2011 4723 2298 4784 meruerit,
2327 4725 2564 4790 Scelera;
2592 4727 2866 4784 horrenda
2893 4733 3113 4802 quidem
3145 4737 3295 4790 dictu
3322 4755 3441 4793 esse
3463 4758 3584 4810 qua:

333 4799 387 4851 in
417 4801 549 4854 urbe
576 4811 690 4854 tttm
722 4805 867 4871 regia
904 4807 1265 4862 brat-hmanas
1293 4813 1637 4873 convocavit.
1673 4826 1905 4868 cuncta-

331 4906 440 4957 que
485 4894 552 4945 iis
583 4892 902 4963 singillatim
955 4903 1242 4968 proposuit
1277 4901 1569 4968 insomnia,
1604 4906 1736 4974 quid
1772 4923 1902 4975 por-

334 4982 626 5037 tenderent
662 4989 987 5055 exquirens.
1026 4990 1112 5053 Hi,
1146 4992 1403 5045 omnibus
1437 5004 1644 5051 attente
1676 4999 1899 5065 auditis,

331 5077 758 5142 responderunt,
799 5094 991 5151 magna
1021 5094 1074 5133 et
1108 5084 1244 5135 Illii'i
1282 5074 1579 5152 signiﬁcari
1614 5088 1743 5142 visis
1771 5091 1902 5156 illis,

330 5166 424 5217 sed
467 5167 672 5234 quibus
709 5179 766 5224 et
811 5182 1000 5226 exacte
1036 5177 1420 5231 discernendis
1458 5189 1513 5232 et
1556 5192 1706 5234 certo
1736 5199 1903 5235 enar-

331 5253 518 5307 randis
552 5256 730 5321 spatio
758 5269 907 5313 esset
945 5275 1084 5330 opus
1118 5279 1180 5316 ac
1217 5267 1438 5330 studio;
1488 5267 1801 5338 indulgeret
1830 5271 1898 5325 ad

330 5344 704 5399 meditandum
755 5364 961 5403 moram
1008 5353 1222 5407 dierum
1260 5367 1490 5425 septem,
1531 5368 1656 5428 post
1693 5361 1902 5416 hebdo-

329 5435 544 5488 madem
591 5437 870 5493 redituros
903 5456 963 5494 se
993 5451 1048 5494 et
1089 5443 1188 5511 ipsi
1220 5447 1570 5514 exposituros
1616 5459 1730 5504 tum
1763 5455 1898 5522 quid

328 5527 596 5580 malorum
617 5537 670 5581 et
696 5543 961 5598 quantum
991 5534 1105 5588 hare
1128 5547 1345 5592 Ostenta
1390 5541 1753 5611 minarentur,
1788 5555 1902 5600 tum

325 5619 461 5687 quid
481 5619 546 5673 iis
561 5623 996 5678 averruncandis
1016 5631 1386 5684 necessarium
1403 5631 1551 5687 factu
1566 5636 1900 5704 judicarent.

323 5708 675 5765 Assentiente
709 5712 761 5763 in
799 5711 912 5767 haec
948 5731 1094 5784 rege,
1130 5717 1342 5774 dimissi
1373 5721 1739 5780 brachmanes
1769 5743 1903 5781 con-

325 5815 525 5858 venere
576 5804 627 5856 in
671 5819 928 5855 arcanum
962 5816 1188 5871 emtum,
1238 5813 1351 5878 ubi,
1403 5823 1460 5869 ut
1504 5833 1693 5872 omnes
1742 5830 1901 5875 erant

611 5898 876 5956 Ριιῑιιυι.
909 5901 949 5958 (.2
964 5918 1021 5960 n.
1059 5901 1278 5962 CXLlll

2010 4809 2080 4864 ab
2112 4829 2178 4866 eo
2199 4814 2273 4867 dii
2296 4816 2540 4885 exigant,
2561 4820 2657 4873 sed
2677 4838 2957 4892 nunquam
2983 4828 3147 4880 nimis
3179 4844 3430 4899 magnum
3461 4836 3582 4890 vitae

2008 4917 2074 4956 ac
2113 4905 2308 4961 salutis
2342 4907 2515 4964 videri
2553 4912 2790 4979 pretium
2822 4915 3025 4970 debere
3064 4936 3077 4970 :
3115 4919 3217 4974 hac
3244 4923 3356 4977 sola
3384 4927 3578 4981 condi-

2009 4993 2159 5048 tione
2194 4998 2524 5053 incolumem
2551 4985 2702 5056 illum
2752 5020 2978 5074 regnare
3006 5007 3266 5081 deinceps
3309 5031 3486 5084 posse,
3535 5022 3578 5072 si

2011 5089 2286 5155 propriam
2329 5107 2580 5158 uxorem,
2611 5095 2656 5148 si
2692 5095 2862 5150 filium
2901 5116 2965 5152 ex
2999 5117 3062 5155 ea
3105 5116 3315 5171 natum,
3342 5108 3388 5162 si
3414 5113 3584 5179 privi-

2007 5195 2196 5248 gnum.
2231 5183 2486 5239 mulieris
2513 5187 2759 5255 ejusdem
2796 5206 2862 5244 ex
2896 5192 3065 5260 priori
3111 5195 3234 5252 viro
3269 5200 3475 5264 lilium,
3536 5208 3580 5259 si

2006 5286 2131 5324 cum
2174 5271 2241 5325 iis
2283 5274 2590 5346 principem
2637 5280 2772 5350 regii
2805 5294 3029 5339 senatus
3057 5295 3113 5340 et
3140 5295 3580 5356 protonutarinizi

2006 5363 2363 5429 interfecerit,
2411 5367 2458 5422 si
2503 5378 2770 5438 praeterea
2813 5376 3205 5433 sacriﬁcaverit
3233 5382 3582 5452 elephantem

2005 5455 2191 5508 allium
2237 5475 2348 5526 quo
2380 5460 2505 5514 vehi
2564 5468 2969 5533 consuevissct,
3018 5486 3257 5542 cumque
3306 5476 3400 5530 illo
3444 5479 3586 5532 duos

2005 5547 2142 5600 alios
2190 5565 2257 5602 ex
2315 5560 2430 5606 toto
2485 5555 2762 5622 regiorum
2801 5577 3030 5616 numero
3085 5565 3374 5631 maximos,
3420 5571 3582 5623 simul

1985 5641 2167 5693 etiam
2214 5657 2419 5711 equum
2466 5656 2521 5700 et
2563 5651 2859 5706 camclum.
2917 5653 3121 5708 llorum
3172 5660 3420 5732 omnium
3473 5674 3584 5716 tam

2004 5730 2290 5788 hominum
2352 5752 2515 5805 quam
2571 5742 2842 5809 pecudum
2891 5747 3267 5818 jugulatorum
3328 5770 3586 5808 cruorem

1999 5825 2197 5893 phialis
2226 5829 2497 5885 inclusum
2535 5835 2664 5892 dare
2697 5838 2750 5890 in
2789 5855 2984 5897 manus
3020 5860 3203 5913 regem
3237 5847 3342 5904 sibi
3375 5847 3580 5903 brach-

3032 5934 3109 5994 42
