4016 6544
462 367 604 431 1323

1880 371 2269 434 APPENDIX

3570 394 3710 461 132i

451 477 710 535 manibus
736 473 963 541 debere,
991 471 1112 527 illas
1138 484 1198 526 se
1231 470 1443 541 phialas
1500 471 1913 529 introducturos
1978 474 2034 528 in
2067 483 2110 538 Α
2139 493 2324 549 regem
2366 484 2665 541 monebant
2688 528 2703 555 ,
2732 473 3092 561 componeret
3125 496 3372 554 animum
3397 499 3467 555 ad
3499 518 3706 572 parcn-

450 567 614 637 adyta
649 561 1017 627 sanctissima,
1070 559 1259 630 ibique
1300 560 1498 616 ritibus
1539 563 1711 616 sacris
1739 577 1802 617 ac
1830 563 2031 617 carmi—

451 660 646 723 nibus,
698 671 822 727 qua:
864 653 935 709 ad
983 651 1330 724 expiationes
1372 652 1614 708 eﬂicacia
1664 653 1767 723 ipsi
1801 661 2030 709 nossent

452 752 577 813 soli,
630 750 857 804 daturos
899 745 1146 800 sedulam
1201 758 1424 814 operam
1479 744 1821 799 exarmanda:
1860 745 2025 799 deum

453 844 568 907 iraa,
618 839 1010 910 conﬁdereque
1044 838 1361 908 eﬂ‘ecturos,
1413 846 1470 891 ut
1505 838 1688 891 litasse
1724 838 1841 892 istis
1871 838 2030 892 victi-

453 937 577 998 mis,
622 946 678 989 et
722 932 905 987 minas
952 939 1334 1002 portentorum
1379 945 1409 983 a
1442 944 1501 983 se
1536 929 1815 1000 depulisse
1856 945 2024 994 expe-

454 1026 649 1080 rientia
699 1039 796 1078 rex
834 1037 1098 1093 prospera
1150 1014 1400 1085 sentiret,
1439 1020 1709 1075 inoffenso
1740 1021 2023 1089 deinceps,

455 1117 530 1170 uti
573 1125 756 1181 antea,
806 1114 1046 1169 tenendo
1094 1114 1322 1183 privatae
1351 1128 1415 1167 ac
1460 1113 1695 1182 publicae
1747 1112 2025 1166 felicitatis

452 1226 642 1265 cursu.
691 1208 819 1265 Haec
862 1207 1226 1262 braehmanes
1276 1207 1354 1260 uti
1410 1215 1837 1276 composuerant
1880 1206 2025 1260 inter

452 1319 592 1368 sese,
624 1302 706 1356 sic
740 1308 929 1371 postea
948 1300 1083 1371 regi,
1111 1310 1367 1369 tanquam
1390 1315 1455 1353 ex
1480 1298 1696 1366 tripode
1714 1299 2019 1364 oraculum,

448 1397 764 1453 ediderunt.

522 1490 586 1544 ll.
618 1486 677 1542 ln
710 1502 819 1557 quo
851 1484 1286 1540 inuidiosissima:
1321 1483 1529 1538 fraudis
1560 1483 1701 1538 hanc
1744 1485 2016 1538 rationem

450 1581 825 1651 sequebantur
870 1596 884 1630 :
937 1576 1241 1647 principem
1290 1590 1454 1645 quem
1498 1573 1738 1644 pessime
1786 1573 2021 1627 oderant

449 1674 661 1732 nudare
684 1669 1073 1742 potentissimo
1102 1666 1361 1737 praesidio
1397 1665 1632 1719 duorum
1671 1664 1777 1734 ipsi
1816 1664 2020 1719 tidissi-

448 1779 666 1820 morum
711 1760 952 1832 capitum
1021 1756 1360 1819 studebant,
1405 1755 1485 1809 sic
1542 1770 1671 1809 eum
1717 1755 2016 1809 obnoxium

443 1855 664 1911 cunctis
693 1854 924 1908 fortuna:
945 1856 1112 1920 atque
1146 1848 1368 1902 invidia:
1399 1846 1718 1901 turbinibus
1746 1846 1848 1900 rati
1876 1846 2017 1902 fore.

448 1946 696 2006 Habebat
739 1960 832 1999 rex
866 1941 1182 2013 coniugem,
1214 1950 1523 1995 matronam
1566 1939 1725 1994 facile
1773 1937 2018 1994 omnium

449 2057 569 2114 quas
611 2049 728 2093 tum
767 2037 1018 2092 viverent
1046 2034 1427 2099 lectissimam,
1472 2033 1773 2104 pudicitiae,
1801 2032 2018 2103 sapien-

448 2135 558 2199 tize,
591 2128 882 2189 charitatis
926 2127 983 2181 in
1015 2125 1195 2181 virum
1225 2136 1459 2196 quantas
1490 2124 1758 2180 maximas
1807 2127 2017 2194 optima

447 2224 661 2281 indoles
687 2231 743 2277 et
773 2219 1033 2275 educatio
1057 2217 1505 2289 praestantissima
1544 2218 1787 2271 inserere
1820 2217 2018 2270 mulie-

447 2317 529 2372 bri
570 2316 754 2371 animo
778 2322 976 2384 potest.
1006 2310 1142 2367 Cum
1169 2311 1273 2366 hac
1300 2311 1367 2364 ad
1402 2311 1567 2381 regni,
1590 2310 1844 2381 regisque
1867 2326 2019 2365 com-

448 2407 609 2463 moda
632 2416 689 2462 et
714 2405 985 2459 utilitates
1010 2401 1390 2474 procurandas
1423 2417 1627 2457 arcano
1659 2402 2017 2472 conSpirabat

446 2500 553 2560 ille,
582 2512 746 2571 quem
773 2496 1098 2558 memoravi,
1147 2504 1375 2550 senatus
1410 2496 1668 2565 princeps
1716 2496 1873 2565 regii,
1907 2497 2018 2565 pri-

445 2593 651 2648 marius
700 2590 1148 2646 consiliariorum
1185 2587 1368 2658 regis,
1413 2590 1615 2642 summi
1660 2589 1746 2642 vir
1786 2589 2012 2660 ingenii,

445 2683 920 2742 excellentissima:
963 2681 1228 2736 doctrina:
1252 2721 1265 2742 .
1306 2679 1443 2733 fidei
1482 2695 1633 2746 vero,
1684 2679 1972 2734 industriae
1997 2721 2012 2747 ,

444 2776 789 2835 dexteritatis
833 2775 888 2829 in
937 2777 1102 2829 rebus
1148 2772 1625 2834 administrandis,
1664 2772 2011 2842 prudentini,

443 2871 791 2932 innocentiae,
823 2877 1124 2930 tantarum,
1153 2875 1214 2920 ut
1244 2866 1338 2935 qui
1368 2865 1436 2920 de
1473 2865 1568 2919 illo
1598 2864 2017 2935 incorruptissi-

441 2977 528 3019 me
555 2959 877 3022 censebant,
907 2972 1095 3026 parem
1122 2955 1203 3010 illi
1229 2954 1442 3025 uspiam
1476 2964 1748 3009 terrarum
1782 2957 1838 3008 in
1864 2952 2014 3008 omni

441 3068 643 3127 genere
688 3053 869 3107 laudis
902 3050 1263 3120 desperarent
1316 3062 1475 3116 posse
1514 3045 1768 3117 reperiri.
1810 3047 1865 3099 In
1902 3047 2015 3100 haec

2132 569 2263 661 dum
2311 573 2415 629 deo
2454 590 2468 627 ε
2520 579 2787 649 cogitaret
2814 583 2952 638 nihil
2995 587 3254 658 cuiquam
3289 569 3587 661 pretiosius
3622 612 3707 652 sa-

2124 659 2243 716 lute
2274 678 2395 719 esse
2445 670 2669 749 propria
2718 671 2956 739 debere;
3008 675 3062 730 id
3112 692 3238 732 eum
3290 659 3582 739 commune
3634 687 3705 741 ad

2129 768 2319 809 outnes
2341 768 2555 813 natura:
2577 761 2843 818 dictatum
2876 764 2969 829 sit,
3002 783 3196 837 regum
3230 780 3440 836 tamen,
3464 790 3705 844 quorum

2128 848 2304 917 capite
2355 860 2530 908 status
2568 858 2723 926 regni
2768 858 2997 925 publica
3039 860 3261 916 fortuna
3299 868 3704 930 contineretur,

2128 940 2463 1005 peculiarem
2503 960 2624 999 esse
2665 948 2957 1013 rationem,
3005 955 3076 1005 ob
3108 968 3273 1020 quam
3303 954 3443 1010 bene
3482 959 3708 1026 quidvis

2127 1029 2478 1100 itnpendatur
2523 1052 2716 1093 eorum
2769 1040 3134 1097 incolumitati
3182 1045 3559 1115 conficienda,
3610 1066 3707 1105 ne-

2127 1123 2274 1178 mine
2310 1127 2414 1181 nisi
2463 1130 2730 1186 scelerate
2762 1145 3088 1191 recusaturo
3122 1138 3533 1207 impendentem
3565 1141 3707 1211 ipsis

2126 1225 2334 1283 pestem
2388 1219 2454 1273 ad
2507 1237 2566 1275 se
2621 1225 2898 1278 attrahere
2925 1241 2990 1282 ac
3045 1237 3286 1284 vertere.
3342 1229 3422 1286 Ita
3485 1231 3702 1287 dimissi

2125 1306 2492 1366 brachmanes
2518 1325 2893 1372 recesserunt.

2195 1399 2282 1455 Ill.
2318 1401 2434 1457 Rex
2458 1420 2611 1465 vero.
2639 1408 2963 1478 aegritudine
2994 1412 3161 1466 animi
3188 1415 3435 1470 omnium
3472 1432 3612 1486 quas
3644 1418 3701 1472 in

2122 1491 2235 1546 vita
2272 1495 2537 1550 sensisset
2565 1498 2800 1556 amictus
2835 1503 3180 1572 gravissima,
3207 1508 3492 1575 decubuit,
3515 1509 3699 1565 inedia

2123 1585 2417 1656 vigiliaque
2462 1591 2901 1661 contabeseens,
2951 1604 3206 1668 totasque
3263 1601 3530 1656 continue
3576 1603 3700 1658 dies

2122 1674 2332 1744 pariter
2358 1692 2423 1730 ac
2448 1692 2638 1735 noetes
2661 1693 2843 1739 mente
2866 1689 3341 1756 perturbatissima
3365 1701 3693 1757 retractans,

2122 1780 2249 1819 cum
2301 1768 2573 1825 terrificas
2622 1772 2870 1830 visorum
2920 1778 3211 1849 imagines,
3251 1793 3364 1835 tum
3407 1784 3582 1838 multo
3616 1794 3700 1839 te-

2124 1860 2289 1913 triora
2319 1876 2442 1930 quae
2480 1862 2550 1917 iis
2583 1875 2741 1920 erant
2780 1870 3144 1937 procurandis
3176 1874 3387 1941 piacula
3426 1874 3696 1945 iniuncta.

2120 1948 2614 2009 Percrebrescente
2659 1956 2768 2011 late
2817 1958 2958 2013 fama
3002 1962 3145 2033 regis
3181 1963 3380 2030 morbi,
3426 1964 3529 2020 etsi
3572 1979 3697 2023 erat

2117 2056 2249 2097 vera
2276 2043 2395 2114 ejus
2424 2045 2588 2101 eausa
2614 2046 3022 2119 insuspicabilis
3047 2052 3393 2122 humanitus,
3428 2057 3693 2126 quoniam

2117 2149 2223 2189 nec
2261 2137 2603 2194 somniorum
2626 2181 2641 2204 ,
2675 2158 2780 2199 nec
2815 2158 3142 2213 congressus
3175 2162 3300 2201 cum
3345 2148 3696 2205 brachmani-

2119 2226 2425 2289 busrullum
2457 2231 2686 2287 omnino
2735 2249 2961 2290 suorum
2992 2253 3087 2293 rex
3120 2237 3388 2295 adhibere
3419 2241 3688 2296 arbitrum

2116 2318 2388 2385 voluerat,
2436 2338 2545 2377 non
2583 2323 2778 2380 fefellit
2811 2336 2992 2382 tamen
3039 2329 3238 2386 Palarii
3286 2332 3567 2387 solertiam
3611 2335 3689 2403 (id

2116 2423 2234 2466 erat
2284 2429 2485 2468 nomen
2522 2417 2755 2486 principi
2798 2419 3046 2495 senatus)
3096 2423 3281 2478 animo
3313 2420 3499 2493 magis
3520 2440 3685 2496 quam

2116 2521 2351 2575 corpore
2395 2507 2647 2564 laborare
2698 2526 2905 2581 regem.
2953 2512 3017 2568 Ei
3067 2514 3258 2584 primae.
3301 2517 3471 2571 certis
3519 2529 3689 2588 partas

2115 2594 2449 2661 coniecturis
2476 2594 2696 2652 innixus
2752 2598 2982 2664 notitiae,
3027 2599 3230 2657 institit
3271 2598 3475 2658 deinde
3506 2604 3688 2674 inqui-

2116 2701 2261 2751 rere,
2283 2687 2734 2758 cireumSpicere,
2755 2691 2979 2747 odorari
3001 2702 3164 2764 atque
3185 2694 3443 2765 indagare
3465 2705 3686 2758 cuncta.

2115 2792 2216 2833 suo
2241 2781 2523 2835 acerrima:
2565 2783 2878 2853 sagacitatis
2914 2784 3157 2855 ingenio,
3202 2787 3384 2857 quoad
3419 2787 3581 2857 plane
3620 2788 3678 2841 in

2117 2869 2220 2923 hoc
2246 2870 2456 2941 iudicio
2495 2872 2767 2937 consedit,
2811 2874 3041 2939 deesse,
3084 2887 3145 2932 ut
3190 2892 3278 2933 res
3306 2878 3683 2949 apparebant,

2115 2974 2224 3013 non
2256 2976 2417 3030 posse
2454 2962 2589 3032 quin
2620 2964 2897 3019 somnium
2925 2981 3019 3020 rex
3049 2982 3209 3021 suum
3239 2967 3459 3036 aliquod
3496 2968 3563 3021 ad
3594 2982 3688 3022 ce-

2115 3048 2297 3104 lebres
2326 3051 2513 3105 talium
2538 3052 2884 3122 coniectores
2909 3055 3269 3110 brachmanas
3296 3056 3603 3119 detulisset,
3631 3067 3688 3112 et

441 3148 608 3217 igitur
637 3144 750 3199 duo
779 3139 1055 3197 columina
1093 3135 1475 3208 proSperitatis
1504 3133 1650 3204 regis
1698 3132 2012 3187 invidentes
2036 3148 2081 3211 ρ
2119 3141 2219 3208 iui,
2252 3143 2543 3199 occasione
2576 3145 2733 3200 avide
2766 3155 2984 3216 πτερω
3036 3148 3337 3203 ulciscendi
3385 3150 3685 3221 paganum

436 3239 545 3308 ipsi
585 3233 781 3290 nefarii
810 3230 1126 3304 proditores
1172 3226 1485 3283 machinam
1526 3225 1801 3296 praecipue
1846 3225 2009 3279 istam

434 3327 839 3388 intendebant;
870 3338 992 3378 nam
1040 3321 1187 3390 quod
1225 3319 1365 3375 alios
1392 3318 1599 3389 pariter
1625 3317 1805 3373 occidi
1829 3317 2011 3388 iussos

442 3420 528 3473 his
555 3419 912 3478 miscuerant,
944 3411 1239 3467 artificium
1284 3411 1509 3465 sceleris
1550 3419 1605 3465 et
1654 3407 1885 3463 ultionis
1915 3423 2010 3462 cu-

440 3513 631 3566 mulus
658 3518 798 3574 erat,
834 3505 1108 3579 siquidem
1145 3514 1201 3560 et
1243 3503 1513 3574 adigendo
1543 3516 1670 3572 rege
1702 3500 1772 3554 ad
1802 3499 2009 3555 caedem

441 3602 717 3673 regiorum
754 3598 858 3669 ipsi
886 3597 1343 3652 cbarissimorum
1371 3594 1636 3665 iuvenum
1664 3632 1679 3656 ,
1713 3590 1781 3646 ad
1814 3590 1990 3645 immo

439 3696 702 3749 lationem
761 3690 1116 3761 elephantum
1171 3687 1522 3755 aliorumque
1590 3684 2006 3753 iumentorum,

438 3786 645 3857 quibus
681 3797 807 3839 eum
853 3780 1101 3836 sciebant
1150 3777 1416 3834 delectari
1452 3776 1748 3847 plurimum
1772 3814 1787 3839 ,
1831 3783 2009 3829 tener-

438 3878 609 3933 rimos
640 3876 757 3946 eius
792 3872 1025 3927 affectus
1057 3869 1455 3951 convulnerare
1486 3882 1605 3922 sese
1634 3866 1899 3922 atrociter
1929 3863 2009 3918 vi-

435 3970 662 4030 debant,
685 3977 741 4021 et
763 3965 961 4020 famam
985 3972 1249 4034 praeterea
1273 3960 1427 4016 exosi
1458 3960 1722 4030 principis
1750 3957 2007 4014 incendio

439 4061 599 4129 longe
645 4055 1063 4127 flagrantissimo
1115 4050 1397 4122 popularis
1464 4049 1686 4104 invidiae
1735 4048 2001 4119 obiicere.

443 4152 583 4206 Tum
640 4163 768 4203 vero
792 4147 894 4202 ista
927 4144 1210 4215 inopinata
1245 4143 1635 4213 coniunctione
1674 4150 1754 4195 tot
1779 4152 1894 4196 tam
1926 4141 2010 4195 di-

439 4258 724 4298 versorum
758 4239 1004 4310 capitum
1048 4250 1345 4291 aversuros
1400 4250 1457 4289 se
1499 4233 1800 4304 sperabant
1828 4234 2009 4303 suspi-

384 4380 387 4383 ι
441 4337 630 4391 ciones
653 4349 777 4388 cum
814 4331 959 4400 regis
992 4339 1106 4384 tum
1144 4337 1504 4390 czeterorum,
1546 4325 1614 4380 ab
1661 4326 2009 4380 animadver-

440 4429 595 4484 sione
629 4424 890 4497 praecipui
924 4422 1010 4476 sui
1047 4421 1159 4476 odii
1192 4420 1246 4474 in
1302 4419 1543 4489 reginam
1597 4431 1660 4471 ac
1701 4418 2004 4487 principem

442 4530 685 4583 senatus,
716 4517 863 4587 quod
906 4516 1092 4570 oditnn
1126 4516 1172 4568 si
1212 4522 1560 4567 enoleseerct
1585 4551 1600 4575 ,
1636 4526 1884 4579 magnam
1917 4527 2009 4566 co-

442 4614 663 4668 natibus
682 4620 738 4664 et
762 4607 1123 4664 clandestinis
1153 4605 1532 4661 molitionibus
1558 4620 1749 4658 eorum
1773 4603 2009 4658 securim

443 4702 795 4776 infligendam
840 4698 1226 4771 providebant.
1263 4694 1399 4751 Cum
1432 4695 1622 4765 igitur,
1657 4695 1745 4748 die
1775 4694 2010 4764 septimo

420 4801 648 4869 relapso,
681 4795 908 4850 admissi
958 4808 1155 4864 magno
1186 4791 1395 4845 ambitu
1427 4790 1494 4844 ad
1530 4804 1733 4856 regem,
1772 4798 1920 4842 metu
1954 4797 2011 4843 et

435 4889 847 4961 exspectatione
870 4882 1398 4950 anxium,vaferrimi
1429 4882 1746 4937 seductores
1768 4880 2011 4936 auctori-

446 4993 555 5038 tate
588 4979 839 5050 religiosa
868 4979 1111 5032 edictuin
1145 4975 1276 5029 illud
1323 4989 1484 5029 suum
1534 4973 2003 5042 pronuntiassent,

445 5076 729 5148 perculsus
767 5073 909 5126 ultra
935 5086 1097 5139 quam
1130 5068 1285 5122 credi
1322 5076 1506 5137 posset
1547 5066 1775 5118 horrore
1800 5063 2010 5118 denun-

442 5168 687 5225 t=ationis
724 5166 959 5219 infandae
987 5178 1104 5228 rex,
1135 5160 1342 5231 Egone,
1368 5159 1717 5219 exclanmvit,
1746 5156 2006 5226 Optimam

442 5275 690 5323 uxorem,
726 5271 828 5327 ego
853 5252 1234 5308 dulcissimum
1279 5252 1447 5304 filiutn
1484 5250 1766 5304 occidam!
1797 5251 1857 5301 lit
1884 5248 2007 5302 talia

439 5355 515 5408 dii
559 5350 797 5425 iubent?
834 5347 971 5401 Male
1005 5360 1091 5399 me
1122 5343 1304 5414 potius
1336 5344 1513 5412 ipsum
1561 5341 1836 5425 perdunt;
1869 5340 2002 5410 quid

438 5444 586 5498 enim
622 5438 820 5494 minari
854 5437 1049 5491 saevius
1083 5432 1347 5504 possunt?
1376 5430 1582 5485 Solatio
1614 5430 1698 5484 vel
1730 5440 1844 5483 tum
1872 5429 2005 5482 mihi

439 5534 607 5589 fuerit
634 5544 743 5586 tam
770 5530 954 5585 charis
984 5526 1377 5597 superstitibus
1415 5522 1620 5579 relictis
1650 5524 1845 5587 emori,
1873 5538 2009 5591 quo-

439 5642 560 5680 rum
596 5626 764 5678 vitam
795 5622 957 5690 longe
988 5616 1258 5674 libentius
1288 5630 1407 5670 mea
1446 5624 1623 5669 morte
1652 5612 2003 5677 redemerim,

437 5734 598 5788 quam
639 5717 839 5771 damno
870 5730 933 5767 ac
958 5711 1111 5767 clade
1147 5712 1394 5779 ipsorum
1437 5710 1642 5763 servari
1675 5706 2000 5761 sustineam.

437 5812 533 5865 llis
560 5808 759 5864 auditis
788 5803 1043 5861 scelerati
1068 5802 1429 5859 brachmanes
1455 5799 1709 5855 aﬂ'ectata
1728 5797 1999 5869 gravitate

2113 3250 2337 3289 suorum
2367 3236 2549 3306 iussas
2583 3242 2652 3291 ab
2675 3238 2767 3293 illo
2792 3238 2993 3306 caedes,
3026 3241 3226 3312 unguis
3256 3242 3310 3295 in
3340 3242 3523 3298 ulcere
3551 3243 3688 3298 fuis-

2111 3335 2251 3386 sent.
2281 3327 2737 3401 interpretatione
2762 3330 2864 3385 visi
2894 3332 3151 3386 nocturni
3183 3332 3250 3387 ad
3280 3333 3525 3403 ipsorum
3545 3333 3681 3397 odii,

2113 3418 2293 3488 potius
2333 3434 2496 3488 quam
2544 3419 2611 3474 ad
2654 3422 2790 3476 artis
2816 3432 2913 3478 aut
2955 3422 3301 3494 disciplinae,
3350 3425 3393 3479 si
3442 3441 3552 3496 qua
3599 3438 3685 3483 est

2111 3508 2269 3562 istius
2292 3508 2532 3577 generis,
2554 3509 2799 3565 rationes
2822 3513 3310 3569 accommodanda.
3336 3514 3458 3571 Mox
3485 3516 3553 3570 ab
3577 3520 3683 3573 hoc

2109 3603 2315 3649 statuto
2351 3595 2490 3649 clam
2530 3594 2787 3651 Paladem
2815 3601 3076 3655 convenit
3099 3602 3280 3671 (Palas
3308 3606 3494 3675 regina
3520 3620 3685 3660 voca-

2110 3685 2292 3755 batur)
2316 3696 2371 3739 et
2400 3686 2473 3747 ei,
2498 3686 2606 3742 Ant
2630 3688 2789 3743 valde
2814 3690 2994 3751 fallor.
3023 3690 3223 3760 inquit,
3252 3704 3347 3749 aut
3371 3710 3465 3749 rex
3488 3695 3684 3752 fraude

2112 3777 2506 3832 bracbmanum
2534 3780 2853 3849 gravissime
2884 3782 3247 3851 periclitatur.
3278 3785 3460 3841 Prima
3481 3787 3533 3841 ei
3554 3787 3686 3842 sub-

2112 3867 2364 3922 veniendi
2399 3869 2537 3923 ratio
2569 3880 2673 3933 est,
2703 3871 3001 3928 resciscere
3021 3888 3087 3928 ex
3116 3874 3384 3946 ipsoquid
3410 3893 3539 3932 cum
3564 3880 3683 3935 istis

2108 3960 2281 4029 egerit
2311 3977 2325 4013 :
2359 3960 2463 4015 hoc
2486 3962 2571 4017 vel
2598 3971 2654 4016 tu
2680 4001 2694 4027 ,
2727 3964 2812 4018 vel
2853 3980 3018 4021 nemo
3045 3981 3113 4020 ex
3139 3981 3207 4022 eo
3249 3969 3454 4038 poterit
3498 3972 3684 4040 expri-

2108 4067 2285 4113 mere;
2318 4053 2424 4107 nisi
2453 4061 2634 4108 autem
2677 4057 3038 4125 expresseris,
3070 4068 3253 4113 actum
3278 4059 3347 4115 de
3378 4076 3506 4131 rege
3539 4064 3679 4119 scito

2108 4142 2268 4209 fore;
2306 4159 2458 4207 nam,
2485 4152 2544 4198 ut
2587 4159 2645 4199 se
2674 4145 2808 4199 dant
2856 4146 3079 4215 indicia,
3107 4150 3394 4220 capitalem
3429 4153 3530 4222 ipsi
3564 4171 3683 4210 nta-

2108 4236 2325 4290 chinam
2358 4236 2729 4291 scclestissimi
2763 4239 3074 4296 nebulones
3117 4244 3468 4299 architectati
3524 4259 3674 4301 sunt.

2107 4325 2219 4397 Age
2254 4327 2419 4397 igitur
2442 4343 2551 4397 qua
2596 4329 2687 4393 vi,
2730 4345 2838 4398 qua
2880 4341 3000 4386 arte
3048 4333 3218 4399 vales,
3266 4337 3517 4391 ultimum
3576 4341 3679 4395 hoc

2110 4426 2325 4487 tempus
2363 4428 2492 4488 puta
2527 4433 2647 4474 esse
2682 4428 2786 4474 tua:
2816 4419 2869 4475 in
2904 4421 3086 4477 virum
3122 4423 3412 4481 cbaritatis
3437 4443 3504 4483 ac
3551 4429 3674 4484 tidci

2112 4510 2442 4578 probandae;
2472 4526 2605 4566 cave
2634 4511 2931 4582 quidquam
2967 4514 3034 4569 ad
3066 4532 3284 4571 omnem
3310 4535 3475 4588 quam
3501 4522 3679 4575 emea-

2111 4601 2383 4656 cissimam
2429 4603 2757 4659 industriam
2796 4605 2956 4675 huius
2993 4610 3309 4677 expiscandi
3361 4613 3432 4665 ab
3478 4629 3547 4667 eo
3594 4631 3680 4667 ar-

2112 4699 2234 4753 cani
2287 4700 2385 4754 tibi
2417 4700 2615 4770 reliqui
2666 4701 2883 4756 feceris.
2937 4704 3032 4758 liis
3073 4704 3227 4759 Palas
3280 4707 3485 4762 auditis
3545 4725 3678 4763 sane

2111 4792 2343 4846 sollicita
2392 4795 2534 4862 regis
2582 4792 2897 4848 cubiculum
2953 4797 3283 4864 ingreditur,
3319 4800 3678 4870 assidensque

2110 4884 2253 4939 lecto
2285 4884 2352 4937 atl
2386 4884 2702 4955 languentis
2752 4896 2934 4956 caput.
2990 4889 3071 4943 sic
3115 4898 3200 4943 est
3249 4890 3426 4945 virum
3457 4892 3616 4946 affatu
3660 4911 3675 4947 :

2108 4975 2362 5029 Cumulat
2388 4976 2521 5029 mihi
2549 4977 2812 5043 dolorem,
2846 4994 3010 5047 quem
3044 4995 3108 5033 ex
3143 4982 3336 5038 morbo
3373 4991 3467 5037 tuo
3510 4987 3680 5038 maxi-

2112 5083 2262 5121 mum
2315 5068 2473 5136 capio
2506 5108 2522 5133 ,
2575 5069 2804 5124 molesta
2854 5073 3127 5139 aegritudo
3188 5090 3255 5129 ex
3300 5085 3396 5130 tuo
3441 5077 3677 5146 quodam

2111 5159 2217 5213 mei
2252 5169 2566 5229 contemptu
2595 5203 2609 5226 ,
2647 5162 2795 5231 quod
2827 5179 2942 5217 rem
2971 5205 2986 5229 ,
3021 5175 3081 5218 ut
3107 5179 3355 5236 apparet,
3392 5185 3675 5239 magnam,

2109 5251 2312 5320 quippe
2340 5262 2489 5305 tanto
2519 5262 2694 5306 actam
2723 5256 2929 5310 ambitu
2955 5272 3080 5311 cum
3120 5259 3566 5326 braehmanibus,
3594 5279 3679 5316 nze

2109 5353 2308 5412 praeter
2347 5343 2568 5397 solitum
2601 5345 3027 5415 diligentissime
3084 5350 3313 5415 ceiasti;
3350 5367 3540 5417 quare,
3583 5367 3679 5406 oro

2110 5443 2163 5488 te
2196 5449 2295 5503 per
2329 5433 2461 5487 deos
2503 5451 2721 5500 onmes,
2751 5437 2907 5490 istam
2941 5453 3281 5509 qua-cunque
3314 5450 3397 5494 est
3430 5456 3499 5495 ne
3545 5442 3677 5494 mihi

2108 5524 2359 5580 notitiam
2389 5526 2655 5582 invideas.
2686 5528 2804 5582 Scis
2837 5539 3016 5584 tacere
3047 5546 3133 5584 tne
3171 5547 3349 5599 posse,
3392 5548 3456 5586 ac
3488 5543 3678 5602 pectus

2108 5614 2309 5668 habere
2353 5615 2536 5669 arcani
2580 5631 2772 5684 capax.
2811 5633 2914 5672 nec
2959 5621 3094 5672 rima
3136 5622 3245 5674 ulla
3297 5622 3567 5690 pervium.
3601 5624 3677 5676 Ne

2105 5705 2315 5760 diutius
2344 5721 2477 5761 mea:
2510 5708 2635 5762 ﬁdei
2666 5719 2760 5762 tuo
2812 5712 2985 5765 amori
3015 5713 3180 5766 facias
3217 5714 3500 5784 iniuriam.
3536 5712 3676 5778 Quid

2112 5798 2261 5870 quod
2293 5806 2384 5854 tua
2429 5812 2617 5866 causa,
2651 5801 2870 5871 opinor,
2916 5802 3147 5859 interest
3178 5819 3286 5860 non
3321 5805 3503 5874 ignota
3541 5805 3677 5859 milii
