4016 6536
417 449 558 519 1325

1285 455 1670 519 SPECIMEN
1712 450 2144 514 SAPIENTL—E
2192 450 2552 515 lNDORUM
2593 453 2755 515 VET.

3500 445 3628 510 1°36

410 591 536 641 qua:
563 572 924 627 brachmanes
958 578 1136 625 tecum
1165 585 1357 642 egere;
1385 589 1507 627 nam
1536 571 1662 628 inde.
1689 566 1968 638 languoris
1999 567 2042 622 Λ
2070 568 2177 620 tuis
2207 569 2433 622 somniis
2469 571 2742 624 consulas.
2781 567 2951 621 Recte
2985 564 3269 628 admones,
3301 577 3395 618 rex
3429 562 3630 631 inunt.

413 663 581 730 hujus
621 661 698 716 tui
731 676 950 715 causam
975 661 1238 715 exsistere
1267 678 1457 733 magna
1490 662 1688 716 indicia
1714 662 1968 716 suadent.

415 753 540 806 Ha-c
570 752 821 806 Paladem
856 753 1168 821 loquentem
1216 753 1571 822 interpellans
1613 768 1706 807 rex
1734 791 1748 816 ,
1795 751 1874 807 Ne
1909 760 1972 805 tu

411 859 656 912 quoque,
682 857 887 911 quaeso,
918 842 1116 911 inquit,
1144 843 1387 897 dolorem
1418 860 1596 899 meum
1621 860 1761 899 novo
1784 845 1974 900 dolore

411 936 683 1000 cumules,
716 935 770 988 id
804 951 1056 1006 quaerens
1094 951 1157 991 ex
1187 951 1272 991 me
1305 936 1448 1005 quod
1482 938 1724 992 omnium
1747 937 1972 993 minime

413 1024 511 1077 tibi
545 1025 765 1093 expedit
787 1040 967 1080 nosse.
990 1024 1128 1078 Tum
1163 1025 1446 1092 illa,Esto,
1478 1015 1610 1081 mihi
1633 1028 1704 1082 sit
1725 1029 1969 1094 noxium,

413 1116 508 1177 ait,
546 1116 648 1169 hoc
695 1131 878 1183 nosse,
923 1125 1106 1172 tamen
1141 1119 1266 1188 quia
1306 1119 1404 1173 tibi
1453 1119 1690 1174 salutare
1732 1120 1974 1176 arbitror

414 1207 686 1271 futurum,
742 1225 851 1263 non
908 1208 1152 1264 desinam
1212 1226 1407 1281 urgere
1460 1221 1520 1264 ut
1572 1211 1790 1266 fatearis
1837 1212 1970 1266 mihi

411 1299 782 1369 quodcunque
817 1300 871 1354 id
906 1301 1125 1356 demum
1156 1312 1258 1357 est.
1307 1303 1486 1363 Cum,
1532 1311 1591 1356 ut
1627 1303 1756 1366 scis,
1802 1303 1969 1357 animi

407 1391 715 1445 amicorum
775 1393 1196 1462 participatione
1248 1394 1605 1460 minuuntur;
1644 1409 1820 1463 neque
1869 1395 1971 1449 hac

403 1499 530 1552 qua:
563 1494 613 1538 te
651 1495 756 1538 tam
786 1485 1094 1554 periculose
1126 1487 1277 1556 angit
1303 1488 1629 1557 aegritudine
1669 1488 1838 1542 levari
1874 1503 1971 1557 p0-

407 1574 563 1639 teris,
600 1574 703 1629 nisi
740 1591 956 1630 causam
994 1577 1131 1648 ejus,
1182 1578 1328 1632 istud
1378 1579 1522 1634 haud
1559 1579 1726 1634 dubie
1767 1580 1969 1636 brach-

407 1681 627 1718 manum
655 1666 1012 1734 colloquium,
1044 1668 1211 1723 alicui
1238 1672 1629 1724 communi'ees.
1659 1670 1759 1725 Cui
1786 1680 1966 1725 autem

404 1753 859 1817 communicabis,
910 1754 957 1808 si
1008 1771 1173 1826 neges
1227 1757 1423 1811 uxorii
1463 1768 1556 1813 aut
1589 1759 1712 1828 quis
1749 1759 1846 1814 tibi
1881 1776 1968 1816 me

397 1843 670 1898 amicior?
697 1841 836 1898 Tum
869 1860 965 1900 rex
992 1885 1006 1907 ,
1034 1847 1275 1917 graviter
1309 1850 1612 1918 etISpirans,
1665 1850 1804 1917 Quid
1855 1868 1963 1917 me,

400 1933 602 2003 inquit,
631 1937 826 2007 ronjux
852 1938 1082 2007 Optima,
1110 1939 1177 1994 de
1211 1951 1302 1994 tuo
1323 1941 1492 1994 exitio
1520 1941 1696 2011 deque
1717 1943 1964 1998 omnium

407 2023 538 2077 tnihi
572 2025 1018 2082 charissimorum
1051 2029 1276 2084 interitu
1312 2031 1656 2101 interrogas?
1685 2033 1806 2098 Abi,
1845 2035 1964 2090 sine

401 2132 508 2179 me,
538 2128 597 2172 ut
627 2120 788 2189 cepi,
815 2121 1004 2177 dolore
1038 2139 1157 2179 meo
1176 2129 1454 2191 consumi,
1477 2141 1541 2182 ac
1571 2137 1800 2183 mortem
1829 2145 1967 2198 pra»

401 2223 644 2273 sumere,
669 2227 736 2264 ne
760 2211 973 2267 videam
1017 2228 1142 2284 qum
1198 2219 1437 2292 cogit-are
1485 2218 1677 2274 horret
1724 2221 1960 2276 animus.

395 2294 645 2361 Conlide,
694 2297 766 2352 mi
816 2301 917 2362 vir,
968 2305 1251 2372 reSpondit
1298 2305 1475 2370 Palas.
1524 2309 1762 2380 imagine
1800 2325 1963 2379 quam

400 2385 752 2442 subostenlas
806 2391 914 2445 mei
948 2393 1097 2447 exitii
1154 2411 1263 2448 non
1306 2407 1554 2463 terreor;
1594 2415 1696 2456 nec
1724 2417 1826 2472 ego
1857 2418 1963 2457 nec

397 2475 698 2532 liberorum
734 2489 1045 2536 nostrorum
1079 2486 1366 2556 quisquam
1399 2489 1560 2558 (bene
1585 2506 1776 2547 omnes
1809 2495 1962 2563 novi)

399 2583 497 2636 pro
523 2579 573 2624 te
599 2572 736 2626 mori
772 2575 1170 2634 recusabimus.
1198 2579 1330 2649 Age,
1351 2581 1527 2650 pande
1557 2584 1820 2640 audacter
1842 2602 1962 2656 quae

397 2677 518 2715 sese
549 2663 635 2717 via
669 2665 760 2720 det
799 2667 991 2722 salutis
1025 2678 1128 2724 tuae
1157 2682 1329 2726 morte
1374 2685 1562 2730 nostra
1607 2676 1959 2733 redimendae.

400 2751 514 2807 lloc
549 2755 709 2810 modo
739 2772 767 2810 a
809 2766 859 2813 te
891 2769 1068 2827 petam
1103 2761 1336 2830 pretium
1366 2766 1566 2821 mortis
1595 2766 1832 2823 libenter
1865 2779 1960 2826 tua

395 2859 560 2899 causa
592 2847 775 2913 obice,
815 2866 882 2905 ne
911 2863 1032 2920 post
1077 2853 1190 2908 haec
1224 2856 1320 2910 ulli
1367 2856 1960 2934 brachmanumgncces

397 2937 501 2990 tibi
552 2941 1129 3011 conjunctissimorum
1174 2948 1429 3003 suadenti
1475 2952 1957 3024 credas,‘egoque

399 3028 501 3082 sim
533 3031 722 3085 ultima
753 3050 913 3102 quam
940 3035 1168 3091 istorum
1202 3039 1415 3095 insidia:
1439 3043 1828 3110 perverterint.
1860 3045 1960 3100 Pe~

399 3122 694 3177 rieulcsum
729 3127 890 3181 nimis
925 3139 1008 3182 est
1041 3130 1278 3186 inimicis
1304 3132 1473 3188 liderc
1520 3149 1535 3188 :
1579 3134 1831 3193 dubitare
1862 3153 1959 3192 au-

2078 658 2151 713 ita
2183 659 2362 713 statim
2393 659 2605 714 faciam.
2656 660 2777 713 Mox
2830 673 3031 726 equum
3079 655 3327 726 expediri
3364 652 3628 709 continuo

2071 751 2285 822 jussum
2319 751 2665 815 inscendens,
2701 766 2825 805 cum
2863 747 3306 804 familiarissimis
3337 745 3528 817 paucis
3559 747 3624 797 ad

2074 841 2264 896 cellam
2300 842 2626 896 venerabilis
2653 852 2848 896 ascctze
2871 842 3080 910 aliquot
3103 840 3172 892 ab
3203 837 3336 892 urbe
3372 845 3632 891 remotam

2077 947 2337 1001 passuum
2379 932 2644 990 millibus.
2683 947 2740 986 se
2775 931 2988 985 confert
3018 931 3369 986 festinatione
3396 944 3630 984 summa.

2073 1022 2295 1077 Auditis
2326 1039 2492 1077 senex
2525 1023 2776 1087 somniis,
2807 1023 3017 1093 placide
3049 1022 3160 1093 regi
3192 1021 3471 1091 respondit
3501 1037 3515 1073 :
3543 1019 3634 1071 Est

2075 1114 2224 1184 quod
2260 1115 2356 1168 tibi
2392 1118 2652 1184 gratuler,
2688 1117 2940 1178 domine;
2969 1115 3104 1168 nihil
3140 1117 3312 1180 triste,
3347 1112 3480 1182 quin
3511 1127 3637 1181 pro.-

2071 1220 2227 1274 Spera
2260 1208 2447 1276 potius
2477 1207 2737 1276 pleraque
2772 1216 3040 1260 nocturna
3071 1207 3184 1261 haec
3227 1206 3325 1261 tibi
3359 1205 3473 1260 visa
3511 1220 3636 1274 por-

2074 1297 2326 1352 tendunt.
2358 1297 2492 1351 Nam
2526 1297 2634 1351 duo
2669 1313 2805 1368 quos
2835 1298 3070 1366 primum
3109 1296 3290 1351 vidisti
3326 1295 3504 1365 pisces
3535 1309 3631 1363 per

2073 1395 2331 1439 montana
2365 1387 2699 1455 gradientes,
2745 1386 3055 1456 significant
3107 1395 3395 1440 venturum
3448 1385 3546 1438 tibi
3601 1399 3630 1437 a

2071 1477 2310 1544 quodam
2363 1479 2590 1549 dynasta
2645 1480 2881 1549 legatum
2936 1479 3251 1533 oblaturum
3307 1476 3631 1546 elephantus

2071 1567 2216 1621 duos
2265 1567 2505 1624 mirificus
2541 1569 2932 1638 magnitudinis
2979 1577 3035 1622 et
3073 1567 3280 1622 formae.
3325 1566 3452 1621 Duae
3499 1580 3631 1619 vero

2069 1671 2191 1726 qua:
2227 1656 2325 1710 tibi
2381 1658 2628 1713 volantes
2675 1674 2978 1727 apparuere
3023 1666 3230 1719 anates,
3283 1656 3422 1712 duos
3457 1669 3628 1724 equos

2070 1749 2521 1817 generosiSsimos
2577 1750 2885 1820 designant,
2925 1765 3062 1822 quos
3115 1750 3209 1819 qui
3244 1756 3374 1804 sunt
3420 1747 3625 1802 dudum

2073 1837 2124 1889 in
2182 1837 2379 1891 itinere
2434 1839 2608 1893 Persa:
2667 1856 2921 1908 proceres
2957 1856 2986 1893 a
3047 1855 3170 1909 rege
3211 1853 3336 1892 mox
3374 1852 3474 1891 suo
3531 1836 3627 1889 tibi

2071 1945 2270 1984 munus
2315 1931 2549 1985 amicum
2582 1933 2833 1986 reddent.
2873 1932 2976 1998 Qui
3006 1947 3170 2002 porro
3207 1932 3402 2001 anguis
3428 1945 3627 1986 versus

2068 2027 2119 2072 te
2163 2021 2438 2090 serpebat,
2487 2024 2634 2077 ensis
2673 2024 2775 2077 fuit
2812 2024 3160 2094 praesagium,
3195 2022 3351 2077 brevi
3386 2020 3484 2077 tibi
3520 2021 3625 2075 do-

2065 2110 2254 2176 nandi,
2309 2113 2601 2178 mirabilis,
2657 2123 2714 2170 et
2767 2131 2975 2186 parem,
3036 2114 3278 2168 materiae
3315 2114 3625 2183 praestantia

2064 2203 2146 2255 vel
2197 2204 2352 2268 artis,
2403 2213 2672 2260 terrarum
2707 2208 2958 2275 nuspiam
2995 2206 3266 2261 habentis.
3314 2204 3432 2260 Jam
3477 2205 3624 2274 quod

2063 2309 2294 2365 anguem
2340 2297 2494 2350 illum
2528 2313 2725 2352 cruore
2772 2297 2918 2352 inﬁci
2949 2297 3197 2360 videbas,
3232 2295 3627 2366 designabatnr

2063 2385 2161 2437 tibi
2213 2385 2277 2437 ab
2327 2386 2519 2439 eodem
2571 2386 2770 2453 legato,
2810 2387 2904 2455 qui
2953 2401 3140 2440 ensem
3190 2385 3352 2441 istum
3403 2386 3622 2447 offeret,

2063 2475 2304 2529 oblatum
2339 2475 2404 2529 iri
2436 2489 2696 2545 praetcrea
2738 2478 2969 2532 talarem
3004 2477 3244 2532 tunicam
3289 2493 3623 2547 purpuream

2063 2567 2355 2622 rarissima:
2405 2569 2683 2634 titrcturze,
2733 2570 2936 2639 quippe
2975 2569 3130 2639 cujus
3163 2581 3375 2624 ostrum
3415 2570 3624 2640 fulgeat

2059 2666 2116 2712 et
2153 2659 2324 2712 videri
2357 2675 2453 2728 per
2485 2675 2542 2714 se
2576 2661 2746 2729 possit
2783 2661 2835 2714 in
2872 2661 3138 2737 tenebris.
3167 2661 3374 2727 Quinto
3401 2662 3621 2715 somnio

2060 2751 2334 2806 videbaris
2385 2753 2482 2806 tibi
2528 2753 2678 2806 ablui
2731 2767 2868 2821 aqua
2919 2769 3055 2823 pura
3090 2753 3455 2824 mundarique
3504 2761 3622 2805 toto

2058 2856 2293 2912 corpore
2327 2861 2339 2896 :
2368 2844 2582 2914 signum
2619 2844 2671 2897 id
2701 2855 2819 2898 erat
2854 2845 2998 2898 dono
3029 2855 3079 2899 te
3124 2855 3479 2914 accepturum
3510 2861 3622 2896 Inn-

2059 2950 2217 3004 gnam
2263 2937 2474 3005 copiam
2509 2937 2880 3006 speciosarum
2929 2938 3189 3002 vestium,
3239 2937 3443 3008 quibus
3472 2937 3620 2991 laute

2058 3041 2122 3082 ac
2173 3027 2460 3096 Splendide
2505 3038 2752 3090 ornatus.
2806 3029 2978 3083 nitide
3027 3029 3206 3101 possis
3249 3045 3514 3100 apparere
3564 3029 3616 3082 in

2059 3117 2298 3188 publico.
2349 3118 2572 3174 Sextum
2619 3123 2913 3184 somnium,
2956 3137 3063 3191 quo
3100 3121 3194 3176 tibi
3245 3122 3448 3176 montis
3492 3121 3618 3176 nive

397 3223 506 3268 tem
536 3232 642 3270 non
667 3218 834 3274 debes
857 3222 988 3288 quin
1021 3223 1115 3277 tibi
1144 3225 1256 3278 sint
1289 3225 1643 3282 infcnsissimi
1671 3228 1955 3284 brachma-

2059 3211 2336 3280 conspersi
2365 3213 2588 3266 culmini
2622 3223 2937 3282 superstare
2972 3213 3271 3281 videbaris,
3305 3214 3444 3269 nihil
3481 3230 3612 3284 por-

396 3320 494 3359 ncs
518 3322 584 3360 ex
615 3311 876 3365 memoria
909 3321 1018 3367 non
1048 3314 1119 3368 ita
1169 3318 1335 3370 veteri
1382 3320 1678 3389 gregalium
1712 3321 1950 3391 ipsorum

393 3411 424 3446 a
456 3403 506 3447 te
543 3397 749 3451 meritis
771 3398 1090 3456 aﬂ‘ectorum
1125 3405 1318 3471 poenis.
1350 3406 1529 3470 Quare
1558 3423 1719 3464 causa
1754 3421 1838 3466 est
1868 3414 1954 3480 jn-

397 3485 656 3550 stissima,
681 3504 778 3542 cur
808 3491 851 3543 si
886 3491 1016 3559 quid
1043 3509 1070 3544 a
1099 3503 1203 3547 tam
1233 3499 1569 3563 perturbatis
1593 3502 1794 3557 animis
1817 3519 1952 3558 con-

395 3574 524 3639 silii,
554 3579 855 3645 praesertim
888 3581 1142 3650 ancipitis
1168 3587 1498 3655 suggeritur,
1519 3590 1586 3643 ad
1622 3593 1950 3660 prudentum

394 3671 450 3715 et
512 3676 651 3720 noue
703 3669 1096 3725 moderationis
1143 3674 1428 3730 hominum
1485 3682 1748 3750 (qualium
1815 3685 1949 3754 tibi,

390 3757 558 3810 deum
611 3759 900 3825 bent-licio,
934 3779 1042 3816 non
1079 3764 1231 3819 deest
1265 3769 1440 3841 copia)
1481 3786 1712 3828 examen
1759 3791 1953 3832 censu-

393 3864 621 3918 ramqne
649 3852 942 3909 referatur.

469 3941 554 3994 IV.
601 3942 726 3996 llaec
759 3945 958 4010 regina:
993 3947 1210 4002 Paladis
1238 3950 1404 4005 verba
1438 3953 1655 4009 tandem
1693 3971 1949 4013 excusse-

395 4042 524 4085 runt
566 4033 709 4100 regis
738 4036 919 4089 animo
967 4039 1321 4105 pertinaciam
1355 4043 1836 4102 obstinatissimum
1869 4066 1953 4105 se-

391 4122 552 4175 creti.
583 4123 844 4192 Exposuit
875 4125 973 4194 ipsi
1007 4127 1241 4194 primum
1273 4139 1398 4182 octo
1427 4131 1531 4185 sibi
1567 4148 1664 4202 per
1693 4150 1946 4204 soporem

391 4214 572 4266 oblata
603 4215 832 4277 somnia,
870 4225 980 4268 tum
1013 4217 1142 4286 quid
1178 4220 1244 4272 de
1274 4220 1437 4275 minis
1473 4221 1717 4299 ipsorum
1749 4235 1800 4280 et
1837 4245 1950 4281 mo-

392 4306 463 4357 do
507 4321 599 4358 eas
628 4307 907 4361 avertendi
949 4307 1312 4365 brachmanes
1345 4315 1775 4380 respondissent.
1813 4317 1948 4383 Qni-

390 4397 493 4449 bns
524 4398 674 4451 Palas
720 4399 973 4465 cognitis.
1003 4399 1335 4467 Landabilis,
1373 4405 1470 4470 ait,
1509 4415 1596 4459 tua
1626 4407 1728 4461 fuit
1759 4409 1948 4480 religio

387 4490 663 4557 cupientis
702 4490 886 4545 doceri
923 4492 1053 4561 quid
1107 4493 1184 4547 dii
1236 4497 1622 4563 portenderent
1673 4509 1766 4554 aut
1810 4517 1838 4554 a
1896 4512 1946 4557 te

389 4590 676 4650 poscerent
708 4583 840 4637 visis
874 4583 1095 4647 talibus,
1126 4584 1222 4639 sed
1254 4587 1454 4640 errasti
1485 4587 1696 4642 delectu
1733 4590 1944 4661 impru-

388 4673 536 4726 denti
556 4675 948 4728 consultorunt.
975 4675 1196 4729 Minime
1233 4677 1476 4730 omnium
1505 4679 1686 4734 idonei
1705 4681 1947 4750 juvando

390 4765 445 4818 in
490 4766 591 4818 hoc
640 4765 734 4818 tibi
775 4765 1135 4820 brachmanes
1179 4767 1366 4832 fuere,
1402 4771 1640 4836 printum
1689 4774 1945 4829 scolerati

389 4865 553 4924 atque
587 4856 744 4910 invisi
779 4857 884 4910 diis
919 4857 1188 4918 homines,
1219 4875 1358 4927 quos
1401 4863 1522 4915 ideo
1565 4863 1708 4916 haud
1749 4866 1814 4917 sit
1853 4883 1945 4918 ve-

387 4947 620 5000 risimile
671 4947 980 5002 divinorum
1024 4963 1346 5003 arcanorum
1396 4954 1811 5022 participatione
1858 4958 1946 5010 di-

386 5040 563 5108 gnari,
593 5039 792 5094 deinde
817 5041 969 5095 ferali
1000 5042 1078 5096 tui
1108 5042 1234 5096 odio
1264 5043 1505 5100 instincti
1533 5048 1944 5120 ulciscendiqne

387 5131 521 5198 ipsis
555 5131 999 5186 charissimorum
1054 5133 1256 5188 eadem
1316 5135 1498 5190 furore
1546 5137 1944 5197 immanissima

389 5221 698 5291 ﬂagrantes.
729 5225 943 5289 Quanto
975 5225 1050 5294 ad
1073 5225 1120 5280 id
1147 5229 1610 5282 accommodatior
1637 5241 1816 5286 asceta
1850 5249 1946 5304 no-

386 5323 498 5366 ster
529 5322 644 5377 est,
692 5329 852 5383 quem
904 5316 1074 5369 miror
1106 5319 1231 5372 talia
1265 5319 1530 5387 qnzerenti
1563 5336 1667 5374 non
1705 5324 1940 5392 primum

385 5408 627 5456 omnium
676 5407 840 5458 menti
876 5418 978 5460 tuae
1008 5411 1336 5464 occurrisse.
1375 5409 1670 5466 Meministi
1723 5416 1940 5482 quoties

389 5492 434 5544 is
464 5508 721 5559 responsa
771 5496 930 5552 nobis
973 5498 1278 5552 divinorum
1324 5501 1608 5571 adylorntn
1656 5513 1842 5569 certa,
1889 5513 1940 5557 et

380 5584 598 5636 eventis
648 5585 847 5640 deinde
897 5588 1125 5655 probata
1156 5631 1168 5652 ,
1224 5592 1544 5658 pertulert;
1597 5593 1940 5660 exploratum

385 5674 553 5728 babes
585 5677 750 5729 etiam
786 5694 947 5746 quam
983 5681 1116 5733 casti
1149 5681 1257 5735 sint
1280 5683 1399 5752 ejus
1433 5699 1633 5744 mores,
1662 5698 1822 5747 quam
1859 5688 1940 5737 in-

380 5766 597 5834 culpata
624 5768 743 5820 vitze
769 5768 927 5834 ratio,
957 5785 1116 5838 quant
1145 5783 1369 5839 pacatus
1395 5782 1450 5825 et
1483 5773 1719 5825 ferarum
1747 5789 1939 5842 expers

384 5857 860 5913 uertuzbationum
908 5860 1137 5915 animus.
1189 5862 1344 5917 iltmc
1379 5880 1575 5917 censeo
1607 5863 1686 5917 vel
1720 5879 1840 5919 sero
1871 5867 1936 5920 de

2062 3301 2320 3356 tendebat
2373 3303 2518 3357 aliud
2574 3303 2675 3358 nisi
2739 3315 2813 3368 te,
2866 3304 3013 3374 quod
3062 3320 3204 3374 saepe
3259 3305 3444 3370 soles,
3493 3305 3619 3361 albo

2045 3404 2156 3448 tuo
2208 3395 2495 3464 clephante
2553 3396 2607 3450 in
2661 3413 2854 3468 pompa
2917 3397 3251 3456 vellendum.
3308 3398 3612 3466 Septimum

2043 3485 2178 3542 erat
2218 3489 2412 3550 visum.
2445 3489 2665 3544 ﬂamma
2715 3491 2923 3546 circum
2955 3502 3124 3562 caput
3153 3501 3303 3547 tuum
3355 3493 3614 3558 volitans,

2059 3579 2308 3649 illudque
2338 3581 2584 3636 ambiens
2619 3600 2630 3635 :
2665 3583 2778 3638 lure
2803 3599 3060 3638 coronam
3102 3583 3421 3653 designabat
3450 3601 3613 3654 quant

2061 3669 2161 3723 tibi
2230 3669 2500 3724 maximus
2550 3671 2770 3740 quidam
2827 3689 2922 3727 rex
2980 3673 3405 3742 pulcherrimam
3468 3675 3615 3728 dono

2057 3761 2382 3824 destinavit;
2413 3771 2574 3816 etest
2603 3763 2797 3818 itinere
2831 3763 2895 3816 ad
2949 3774 3020 3818 te.
3086 3763 3352 3818 Octavum
3408 3764 3632 3840 dunta-_

2058 3862 2148 3908 xat
2172 3854 2444 3906 somnium
2488 3854 2768 3922 portendit
2800 3855 3004 3923 aliquid
3027 3855 3248 3912 adversi
3286 3857 3614 3927 quodenar-

2057 3959 2180 3998 rare
2226 3945 2489 4001 disertius
2522 3962 2746 4002 necesse
2794 3963 2900 4001 non
2953 3948 3160 4011 habeo;
3211 3960 3445 4005 eventus
3478 3951 3614 4004 satis

2058 4031 2171 4102 ipse
2201 4033 2521 4100 declarabit,
2554 4049 2609 4089 et
2638 4036 2780 4090 Deus
2803 4037 2945 4091 viam
2973 4038 3227 4107 expediet
3252 4053 3358 4108 qua
3389 4039 3613 4093 innoxie

2055 4123 2120 4177 ad
2173 4133 2475 4179 extremum
2515 4127 2735 4198 defungi
2793 4129 3005 4195 valeas;
3039 4130 3214 4183 dicam
3245 4139 3453 4185 tantum
3486 4131 3612 4184 bre-

2057 4215 2198 4268 viter
2230 4233 2326 4284 per
2380 4216 2544 4278 ictum
2592 4219 2743 4273 illttm
2785 4235 3021 4288 superne
3069 4220 3165 4274 tibi
3216 4221 3521 4276 devolantis
3556 4221 3611 4274 in

2054 4319 2220 4378 caput
2251 4310 2490 4363 volucris
2519 4321 2569 4364 et
2603 4321 2756 4365 tuum
2797 4322 2977 4366 rostro
3013 4314 3297 4369 tondentis
3320 4315 3608 4380 verticem,

2055 4401 2346 4472 signiﬁcari
2381 4403 2748 4457 otl‘ensionem
2798 4405 2895 4458 tibi
2929 4405 3236 4470 molestam,
3271 4415 3326 4462 et
3361 4408 3486 4463 inde
3517 4424 3608 4462 se-

2054 4507 2298 4547 cuturam
2331 4496 2667 4550 aversionem
2697 4513 2725 4551 a
2759 4507 2810 4552 te
2837 4497 3176 4554 charissima:
3206 4515 3475 4569 personae.
3518 4501 3608 4558 Ul-

2055 4586 2246 4640 timum
2280 4587 2383 4640 boc
2431 4596 2516 4643 est
2567 4588 2707 4652 quod
2741 4604 2935 4644 moneo
2986 4605 3093 4642 non
3127 4590 3180 4644 in
3224 4590 3446 4661 longum
3490 4591 3606 4646 haec

2053 4677 2296 4746 prtrdici.
2360 4678 2553 4732 Omnia
2586 4679 2845 4733 evenient
2890 4679 3032 4734 intra
3067 4690 3276 4749 septem
3311 4681 3410 4736 bos
3443 4681 3601 4746 dies;

2049 4770 2160 4833 die,
2212 4771 2456 4839 inquam,
2484 4772 2552 4822 ab
2592 4771 2859 4824 hodierno
2903 4781 3148 4824 vertente
3200 4780 3417 4835 octavo,
3451 4787 3608 4826 vera-

2047 4876 2166 4914 cem
2199 4877 2283 4915 me
2329 4840 2495 4916 rebus
2544 4864 2792 4930 patratis,
2827 4878 2965 4930 quas
2996 4863 3208 4917 futuras
3235 4863 3405 4929 edixi,
3443 4864 3603 4934 plane

2046 4954 2270 5007 senties.

2118 5044 2178 5098 V.
2213 5043 2396 5099 Rediit
2440 5045 2508 5098 ab
2541 5045 2644 5100 hoc
2684 5045 2960 5114 colloquio
3011 5062 3104 5100 rex
3137 5047 3309 5102 multo
3339 5048 3601 5104 sedatiori

2044 5136 2228 5190 animo
2260 5137 2505 5190 dmnum.
2551 5138 2629 5192 Ac
2681 5153 2804 5192 cum
2839 5139 3106 5202 postridie
3137 5141 3312 5209 prima
3341 5157 3409 5194 ex
3461 5157 3601 5211 prte-

2045 5226 2312 5281 nuntiatis
2336 5225 2648 5279 advenisset
2671 5227 2888 5296 legatio,
2917 5237 3233 5298 ceteraeque
3258 5245 3448 5285 omnes
3471 5247 3603 5287 cou-

2046 5316 2194 5366 tinua
2230 5314 2369 5367 intra
2428 5314 2823 5369 hebdomadem
2865 5317 3008 5371 serie
3060 5322 3446 5388 apparuissent
3474 5337 3599 5378 cum

2044 5407 2203 5459 donis
2229 5405 2502 5469 indicatis,
2524 5408 2802 5460 admirans
2825 5407 2983 5461 [idem
3006 5411 3212 5463 oraculi
3248 5427 3341 5464 rex
3365 5413 3601 5467 subinde

2044 5498 2371 5551 audit-batur
2413 5500 2759 5554 exclamare:
2793 5501 2932 5555 Vere
2983 5501 3206 5555 insanus
3233 5505 3437 5573 estqui
3468 5519 3600 5560 con-

2043 5593 2161 5644 silia
2194 5592 2260 5645 de
2289 5593 2452 5646 rebus
2481 5593 2596 5645 suis
2627 5609 2731 5644 non
2761 5611 2788 5646 a
2815 5594 2946 5647 solis
2968 5595 3069 5648 sibi
3104 5596 3377 5651 ﬁdissimis
3403 5602 3600 5668 qua-rit

2042 5692 2092 5736 et
2125 5686 2343 5748 accipit.
2383 5684 2474 5736 Dic
2531 5700 2694 5752 porro
2750 5685 2865 5754 ipso
2922 5688 3153 5755 septitno
3181 5705 3306 5742 cum
3345 5691 3597 5746 ultimum

2041 5775 2310 5828 donorum
2345 5775 2730 5842 praedictorum
2761 5776 2861 5846 ipsi
2905 5789 3050 5833 esset
3099 5781 3364 5844 oblatum,
3395 5798 3598 5838 corona
3636 5819 3638 5821 ›

2041 5865 2297 5918 videlicet
2333 5867 2744 5932 pretiosissima,
2775 5869 2998 5925 dimisso
3048 5887 3139 5925 rex
3187 5873 3483 5929 bonorilicc
3515 5877 3596 5929 lc-
