4016 6538
434 367 569 430 1327
621 445 628 450 ,

424 583 631 629 stantes
653 591 782 632 suos
805 579 908 633 sibi
934 580 1387 642 familiarissimos
1416 589 1584 644 dixit:
1619 589 1760 645 Nihil
1786 594 1979 647 horum

422 667 546 720 volo
581 669 714 722 mihi
751 686 987 737 servare,
1024 678 1116 730 sed
1148 677 1200 731 in
1259 695 1356 734 vos
1407 680 1537 736 mihi
1574 683 1982 739 benevolentis-

423 759 592 815 simos
620 777 899 833 spargere,
931 766 1304 824 dulcissimam
1340 778 1642 842 przesertim
1694 777 1980 846 conjugem

424 850 618 904 Palada
653 855 736 920 (ea
771 862 900 910 tunc
940 857 1149 923 aberat,
1181 859 1248 914 de
1285 877 1438 917 more
1472 880 1725 934 gynmceo
1775 865 1982 932 clausa)

425 951 752 1013 nostrosque
784 946 1010 1011 liberos,
1046 957 1208 1020 teque
1237 951 1436 1018 Palari,
1469 956 1601 1008 mihi
1635 957 1980 1023 chariSsimc;

424 1048 545 1085 nam
579 1049 674 1088 vos
700 1051 892 1091 omnes
924 1039 1004 1093 sic
1056 1040 1110 1094 in
1162 1057 1247 1096 me
1281 1044 1506 1099 affectos
1543 1047 1692 1110 novi,
1719 1057 1774 1100 ut
1801 1049 1982 1118 capita

423 1123 675 1195 vitasque
734 1137 947 1183 vestras
996 1148 1104 1186 non
1140 1134 1260 1188 sitis
1294 1134 1597 1190 dubitaturi
1648 1153 1767 1192 mea
1821 1156 1983 1195 causa

423 1216 525 1269 sub
557 1220 907 1286 quantumvis
937 1220 1231 1279 discrimen
1265 1226 1500 1282 mittere.
1531 1229 1609 1282 Ad
1638 1244 1702 1284 ea
1734 1226 1980 1287 Palarius

425 1309 705 1377 respondit
733 1328 747 1364 :
775 1311 1004 1382 Conjugi
1027 1316 1244 1384 quidem
1275 1328 1379 1373 tuae
1409 1335 1472 1374 ac
1495 1321 1708 1382 liberis.
1735 1321 2010 1390 domine,~

425 1411 569 1456 recte
603 1405 701 1456 ista
731 1404 1010 1473 diviseris,
1045 1423 1143 1463 nos
1178 1425 1309 1464 vero
1365 1413 1615 1467 subditos
1664 1430 1773 1468 non
1825 1416 1985 1468 decet

427 1493 477 1546 in
543 1510 727 1549 rerum
782 1497 970 1552 talium
1027 1503 1470 1557 communionem
1522 1505 1836 1561 admisceri.
1882 1507 1981 1562 Cui

427 1601 540 1648 rex,
568 1586 680 1640 lmo
716 1597 788 1651 te,
827 1590 1020 1660 inquit.
1055 1592 1108 1646 in
1161 1594 1353 1663 primis
1397 1597 1520 1650 volo
1559 1598 1828 1652 bonorum
1868 1615 1982 1653 om-

425 1677 576 1731 nium
645 1695 890 1734 meorum
937 1697 1057 1737 esse
1105 1686 1444 1755 participem,
1499 1705 1730 1756 quorum
1776 1701 1984 1757 partem

427 1769 713 1824 maximam
758 1771 906 1826 curis
940 1788 1039 1843 pro
1081 1790 1166 1830 me
1210 1776 1318 1830 tuis
1349 1787 1401 1832 et
1453 1778 1784 1833 fidelissimte
1817 1779 1986 1835 bene-

1822 393 2226 456 APPENDlX.

426 492 551 548 gato
577 483 669 550 qui
705 483 994 551 detulerat,
1048 491 1203 547 la'tus
1236 502 1290 548 et
1325 499 1606 567 gratulans
1641 499 1705 552 ad
1746 503 1981 554 circum-
2015 525 2056 576 Α

3514 405 3652 470 1328

2161 502 2244 556 Ἠ.
2305 502 2508 558 Eodem
2564 506 2649 561 die
2705 524 2828 563 cum
2876 526 2964 565 rex
3019 511 3272 567 hilariter
3305 530 3403 584 pro
3454 526 3652 569 czrtera

2097 606 2202 648 tam
2239 596 2423 649 fausta:
2456 597 2591 652 lucis
2626 600 2810 655 l:elitia
2845 615 3106 666 cmnaret,
3142 604 3294 658 Palas
3356 609 3564 674 regina,
3595 619 3651 662 ut

2093 698 2242 742 tanto
2284 689 2451 757 magis
2487 690 2834 747 formidatam
2883 695 2985 748 sibi
3026 697 3168 765 regis
3197 712 3263 750 ex
3301 708 3436 750 nutu
3470 701 3649 765 suspi-

2090 780 2305 832 cionem
2340 779 2662 843 discuteret,
2714 793 3088 852 praetereaque
3121 786 3433 838 ostenderet
3465 787 3655 853 quanti

2090 869 2297 922 faceret
2343 883 2604 948 coronam
2655 871 2800 924 dum)
2852 872 2955 925 sibi
2993 877 3196 946 datam,
3227 889 3479 943 gynaaceo
3526 889 3658 941 pro-

2091 957 2270 1022 diens,
2301 974 2423 1012 cum
2454 974 2654 1014 corona
2689 961 2742 1014 in
2781 965 2985 1031 capite,
3017 975 3072 1017 et
3099 975 3296 1017 caetero
3323 982 3485 1034 quam
3531 981 3660 1034 spe-

2090 1049 2400 1104 ciosiSsimo
2431 1062 2648 1114 ornatu,
2681 1052 2891 1106 discunt
2948 1070 3201 1118 aureum,
3239 1070 3398 1124 oryza
3433 1056 3658 1123 plenum

2091 1141 2518 1209 exquisitissime
2565 1143 2805 1207 condita,
2869 1162 3030 1198 manu
3090 1145 3292 1205 ferens.
3323 1148 3552 1199 accessit
3589 1147 3657 1198 ad

2092 1246 2334 1283 mensam
2368 1232 2767 1286 discumbentis
2822 1234 3000 1303 regis:
3039 1235 3231 1288 eodem
3269 1245 3537 1304 tempore,
3573 1237 3660 1287 in-

2092 1330 2304 1376 certum
2337 1332 2530 1392 sponte
2558 1339 2626 1378 an
2661 1335 2909 1388 evocata,
2940 1325 3116 1395 pellex
3160 1326 3227 1379 de
3257 1342 3360 1394 qua
3391 1327 3657 1388 diximus,

2092 1412 2348 1467 cubiculo
2378 1414 2505 1468 item
2543 1431 2760 1485 egressa
2807 1433 2926 1479 suo,
2980 1427 3200 1486 gestans
3246 1418 3443 1486 pallam
3472 1419 3660 1470 cocci—

2091 1520 2249 1559 neam
2287 1521 2449 1575 quam
2483 1522 2510 1560 a
2551 1523 2676 1576 rege
2728 1518 3037 1578 acceperat,
3083 1509 3337 1578 apparuit
3376 1509 3429 1562 in
3485 1509 3610 1562 aula
3644 1527 3658 1571 ;

2090 1604 2147 1650 et
2177 1611 2299 1651 cum
2330 1596 2474 1666 regis
2507 1606 2620 1650 tum
2653 1600 2948 1653 astantium
2992 1611 3318 1654 cunctorum
3343 1600 3410 1653 ad
3443 1618 3502 1655 se
3528 1617 3661 1654 ocu—

2091 1689 2174 1743 los
2209 1689 2502 1744 convertit.
2560 1689 2725 1744 Movit
2753 1691 2898 1744 enim
2947 1706 3140 1746 omnes
3174 1692 3308 1745 mira
3342 1707 3450 1754 res,
3480 1692 3662 1761 fulgor

2092 1780 2309 1834 nativus
2366 1781 2812 1851 exquisitissima:
2870 1783 3017 1837 illius
3070 1795 3127 1838 et
3196 1800 3477 1854 nunquam
3528 1785 3664 1838 visa:

425 1860 679 1915 volentia:
720 1872 1000 1931 acceptam
1037 1865 1170 1920 fero.
1201 1865 1294 1922 llis
1327 1868 1488 1924 dictis
1517 1869 1581 1923 ad
1632 1871 1979 1939 partitionem
2011 1873 2058 1932 B
2089 1887 2365 1942 purpurae,
2407 1887 2530 1942 quae
2558 1889 2622 1928 ex
2661 1874 2779 1942 ipso
2821 1874 3012 1929 limine
3043 1883 3213 1929 vastae
3241 1875 3401 1940 aulae,
3433 1890 3546 1944 quo
3569 1875 3663 1928 fu-

425 1967 713 2005 nmnernm
768 1970 1057 2024 aggressus
1093 1972 1212 2022 rex,
1270 1959 1374 2014 sibi
1409 1961 1632 2031 quidem
1683 1961 1988 2018 reservavit

424 2047 767 2114 elephantem
802 2049 1119 2113 candidum,
1147 2067 1256 2121 quo
1295 2052 1461 2107 etiam
1495 2053 1741 2109 invectus
1794 2053 1988 2110 eodem

425 2136 512 2190 die
551 2154 650 2208 per
691 2140 881 2196 urbem
924 2141 1126 2212 regiam
1165 2158 1224 2197 se
1269 2143 1562 2200 videndum
1625 2146 1893 2215 przebuit;
1924 2145 1988 2199 fi-

426 2227 500 2280 lio
545 2243 648 2283 suo
687 2245 852 2305 unum
906 2245 1175 2299 equorum
1209 2231 1379 2297 ded;t,
1429 2233 1678 2304 privigno
1708 2235 1939 2288 alterum
1972 2253 1987 2301 ;

427 2316 638 2373 Palario
687 2319 947 2374 eximium
1006 2324 1162 2378 illum
1215 2340 1404 2379 ensem
1465 2326 1730 2393 donavit;
1781 2344 1991 2395 pannos

425 2416 676 2470 attalicos
727 2424 1011 2485 vestesque
1058 2418 1374 2487 peregrinas
1433 2419 1672 2489 ingentis
1724 2421 1882 2489 pretii
1923 2422 1986 2476 ad

428 2507 731 2560 solitarium
785 2509 1125 2562 somniorum
1166 2511 1524 2580 interpretem
1587 2512 1756 2576 misit,
1808 2524 1986 2583 togam

429 2613 758 2668 purpuream
789 2609 846 2654 et
877 2615 1134 2655 coronam
1175 2602 1386 2656 Palario
1413 2603 1689 2657 commisit
1717 2605 1770 2658 in
1811 2622 1990 2675 ωηιξη-

426 2703 584 2741 cenm
643 2688 990 2753 deferendas,
1039 2706 1150 2760 quo
1202 2703 1258 2746 et
1286 2692 1400 2762 ipse
1436 2709 1559 2746 mox
1593 2694 1878 2763 inopinato
1909 2696 1989 2750 ire

431 2781 621 2837 voluit.
678 2782 944 2852 Ingressis
993 2785 1262 2839 ambobus
1315 2786 1368 2838 in
1423 2786 1739 2840 cubiculum
1775 2786 1991 2841 Paladis

387 2881 390 2884 ’
430 2874 650 2941 reginze,
705 2875 898 2928 eodem
942 2875 1195 2931 advocari
1257 2861 1346 2930 rex
1395 2877 1558 2946 jussit
1607 2889 1676 2932 et'
1715 2879 1986 2948 pellicem,

428 2981 590 3032 quam
638 2967 948 3035 deperibat,
995 2967 1378 3022 dissimulante
1411 2969 1626 3039 injurize
1661 2981 1824 3024 tantm
1866 2986 1992 3025 sen-

429 3071 549 3109 sum
587 3057 806 3121 Palade,
841 3072 942 3128 pro
990 3074 1088 3114 sua
1139 3072 1332 3114 cattera
1390 3059 1765 3113 moderatione
1795 3075 1860 3114 ac
1903 3075 1988 3113 sa-

428 3147 657 3214 pientia,
706 3164 812 3217 qua
868 3149 1042 3203 fretus
1101 3165 1194 3203 rex
1249 3150 1475 3205 minime
1527 3152 1754 3205 curabat
1788 3151 1854 3205 de
1887 3151 1990 3205 hac

2091 1963 2296 2017 naliun
2333 1964 2425 2018 lux
2473 1980 2583 2018 non
2633 1965 2738 2021 nisi
2774 1965 3002 2020 remissa
3034 1965 3399 2036 pertingebat,
3434 1967 3664 2035 proprio

2091 2055 2388 2124 splendens
2434 2055 2663 2121 lumine,
2718 2057 2891 2110 aciem
2931 2058 3301 2126 spectantium
3333 2058 3662 2112 suavissime

2091 2141 2432 2210 perstrinxit.
2484 2143 2618 2208 Rex,
2671 2142 2877 2198 dudum
2934 2144 3110 2198 forma
3165 2155 3358 2215 captus
3415 2148 3661 2200 mulieri:
3726 2182 3731 2186 -

2089 2233 2257 2296 illius,
2281 2249 2404 2290 cum
2450 2235 2557 2314 jam
2595 2235 2739 2289 illam
2785 2245 2892 2290 tam
2933 2238 3178 2306 speciose
3227 2239 3531 2291 radiantem
3560 2239 3662 2291 mi-

2089 2324 2190 2377 stis
2219 2323 2330 2377 oris
2370 2337 2432 2377 ac
2485 2332 2622 2394 tegze
2661 2325 2974 2396 fulguribus
3021 2325 3260 2392 videret,
3291 2327 3478 2397 gestiit
3514 2327 3660 2380 haud

2091 2413 2259 2469 dubie
2289 2416 2342 2468 in
2380 2415 2580 2470 indicia
2612 2417 2935 2471 naturaliter
2968 2432 3035 2471 ex
3065 2418 3238 2472 oculis
3268 2419 3543 2472 exstantia
3577 2428 3660 2473 te-

2090 2509 2316 2562 nerrimi
2343 2509 2564 2572 amoris,
2583 2525 2703 2578 qua:
2722 2525 2818 2563 cor
2834 2509 3067 2568 Paladis.
3094 2509 3430 2579 triumphum
3449 2511 3660 2563 aemula:

2092 2600 2393 2665 cernentis,
2452 2602 2560 2654 alte
2617 2601 3111 2656 convulnerarunt.
3144 2600 3519 2663 Exacerbabat
3550 2601 3664 2668 pla-

2091 2709 2212 2764 gam
2247 2693 2404 2748 dolor
2456 2694 2712 2748 conscius
2754 2709 2909 2748 srevze
2959 2694 3327 2755 necessitatis.
3373 2709 3479 2763 qua
3529 2710 3662 2748 eoa-

2091 2797 2232 2841 ctam
2260 2802 2317 2840 se
2357 2789 2682 2842 meminerat
2707 2803 2896 2842 errare
2951 2787 3005 2841 in
3057 2787 3348 2849 electione,
3381 2797 3534 2842 tanto
3565 2787 3662 2841 ad-

2090 2879 2496 2933 versariae'suai
2542 2879 2850 2933 commodo.
2883 2877 2994 2934 llos
3035 2879 3203 2933 animi
3253 2888 3419 2933 testas
3471 2880 3663 2933 incen-

2091 2968 2256 3022 debat
2286 2985 2498 3022 morsus
2549 2971 2732 3024 acrior
2771 2985 2984 3025 arcana:
3031 2971 3339 3040 zelotypiaz,
3369 2987 3500 3040 qua,
3549 2969 3657 3023 etsi

2095 3076 2311 3114 summo
2355 3077 2574 3130 semper
2623 3061 2962 3116 dissimulata
2992 3062 3196 3122 studio,
3232 3061 3427 3116 intime
3477 3071 3658 3114 tamen

2093 3149 2299 3204 dudum
2333 3152 2602 3206 muliebre
2629 3152 2890 3206 urebatur
2922 3162 3134 3221 pectus.
3186 3151 3400 3220 Adjecit
3465 3166 3662 3205 cumu-

429 3252 524 3290 sna
559 3238 706 3290 illam
740 3238 1162 3308 intemperantia
1198 3240 1398 3294 celare.
1437 3241 1704 3294 Adductis
1753 3256 1885 3311 ergo
1935 3240 1988 3294 in
2020 3239 2062 3298 C
2094 3242 2206 3295 lum
2263 3249 2342 3297 tot
2388 3243 2592 3298 furoris
2625 3244 2831 3308 causis,
2882 3253 2937 3297 et
2995 3244 3150 3313 quasi
3195 3243 3374 3296 oleum
3430 3241 3661 3296 flamma:

431 3331 574 3398 regis
608 3341 964 3399 conspectum
1001 3346 1170 3384 uxore
1202 3333 1364 3386 simul
1399 3340 1453 3386 et
1482 3333 1694 3402 pellice,
1729 3349 1821 3386 rex
1855 3349 1992 3387 con-

427 3441 620 3480 versus
666 3429 729 3478 ad
777 3426 1046 3496 reginam,
1079 3427 1228 3496 Elige
1277 3426 1420 3494 quod
1464 3425 1656 3488 mavis,
1690 3423 1892 3494 inquit,
1925 3439 1991 3477 ex

429 3519 533 3572 hac
567 3528 684 3587 toga
717 3534 993 3588 purpurea
1023 3527 1076 3573 et
1125 3533 1361 3582 corona;
1393 3518 1536 3588 quod
1579 3527 1632 3570 tu
1676 3515 1990 3584 reliqueris,

431 3613 546 3666 haec
585 3612 756 3665 tollet.
798 3610 1105 3666 Cunctante
1135 3611 1186 3665 in
1237 3610 1594 3664 deliberando
1644 3609 1864 3673 Palade,
1892 3608 1994 3662 Pa-

433 3703 602 3756 larins
631 3711 836 3766 astans,
863 3712 919 3756 et
953 3711 1298 3772 compertum
1331 3699 1562 3764 habens,
1593 3700 1768 3752 multo
1796 3699 1997 3768 pretio-

429 3793 629 3847 siorem
671 3806 871 3846 corona
924 3801 1134 3846 vestem
1190 3805 1335 3853 esse,
1391 3789 1538 3843 uictu
1588 3789 1733 3843 oculi
1791 3788 1994 3842 furtivo

432 3886 631 3956 reginae
670 3885 870 3948 innuit,
905 3892 966 3938 ut
996 3893 1172 3954 togam
1205 3883 1450 3953 eligeret.
1484 3881 1810 3938 Obervavit
1841 3881 1993 3934 illum

433 3982 625 4024 nutum
659 3986 774 4036 rex,
809 3979 865 4025 et
901 3972 1004 4025 hoc
1051 3971 1229 4040 ipsum
1261 3987 1387 4026 cum
1422 3971 1667 4026 Palarius
1697 3981 1810 4025 tum
1838 3969 1998 4024 Palas

432 4063 952 4129 animadvertentes,
1008 4065 1125 4134 pari
1165 4066 1326 4120 ambo
1374 4081 1506 4120 cura
1557 4075 1876 4122 restuarunt.
1919 4064 1997 4120 Ita

432 4156 510 4211 illi
562 4161 628 4210 ad
669 4157 1010 4226 procuranda
1058 4157 1203 4227 regis
1259 4173 1323 4212 ac
1376 4159 1526 4228 regni
1585 4158 1872 4212 commoda
1927 4172 1995 4210 ex

433 4249 607 4302 multo
641 4248 751 4318 jam
783 4256 1032 4317 tempore
1062 4249 1470 4318 conspirabant,
1497 4257 1555 4304 ut
1578 4249 1995 4320 diligentissime

434 4350 713 4406 caverent,
765 4356 835 4395 ne
901 4342 1066 4395 ullam
1117 4343 1262 4396 inter
1309 4357 1406 4396 eos
1457 4357 1578 4396 esse
1638 4341 1991 4395 consiliorum

435 4434 878 4488 communionem
929 4434 1194 4505 suspicari
1236 4435 1523 4504 quisquam
1578 4442 1792 4503 posset;
1827 4449 1996 4502 quare

441 4526 495 4577 in
549 4533 683 4578 nutu
719 4524 812 4578 illo
850 4533 977 4578 tunc
1027 4524 1376 4592 deprehensi,
1411 4524 1570 4578 tacite
1609 4541 1708 4594 pro
1737 4540 1794 4579 se
1845 4525 1997 4592 quis-

436 4632 542 4686 que
578 4616 947 4671 decreverunt
984 4619 1114 4670 dare
1151 4617 1396 4672 sedulam
1451 4631 1673 4686 cperam
1707 4633 1775 4670 ne
1812 4626 1996 4686 posset

442 4722 533 4761 rex
578 4707 682 4760 isto
714 4721 777 4759 ex
819 4706 974 4776 signo
1007 4706 1311 4776 intelligere
1344 4707 1488 4776 quod
1541 4707 1790 4776 ignorare
1844 4706 1996 4760 illum

438 4799 673 4852 maxime
709 4798 988 4852 volebant.
1022 4798 1152 4852 Eam
1186 4798 1253 4852 ad
1292 4813 1404 4852 rem
1445 4798 1705 4868 deinceps
1743 4798 1996 4853 Palarius

437 4889 713 4944 affectavit
739 4891 972 4944 similem
999 4889 1143 4944 oculi
1176 4890 1382 4944 uictum
1411 4889 1854 4960 frequentissime
1879 4891 1996 4946 sine

436 4997 596 5036 causa
631 4981 817 5048 edere,
844 4997 953 5052 quo
988 4998 1081 5036 rex
1132 4981 1326 5035 vitiu'tn
1368 4981 1418 5035 id
1484 4983 1625 5038 oculi
1677 4999 1786 5037 non
1823 4993 1995 5037 artem

436 5075 807 5138 existimaret;
842 5074 1098 5143 incoque
1149 5082 1253 5127 tam
1295 5083 1551 5128 constans
1587 5075 1706 5137 fuit,
1757 5085 1818 5127 ut
1865 5089 2000 5142 qua-

435 5165 682 5235 draginta
713 5166 838 5219 totis
877 5163 1058 5226 annis,
1083 5174 1216 5232 quot
1265 5163 1464 5218 deinde
1511 5165 1810 5234 permansit
1853 5165 1997 5234 apud

438 5274 616 5327 regem
665 5258 937 5320 assiduus,
999 5257 1195 5311 nictari
1245 5256 1476 5312 subinde
1525 5258 1684 5311 oculo
1724 5258 1999 5326 similiter,

443 5362 501 5405 ut
541 5359 671 5403 tunc
721 5349 949 5410 fecerat,
999 5364 1108 5402 non
1161 5349 1453 5404 destiterit.
1490 5347 1694 5419 Regina
1746 5366 1900 5415 vero,
1934 5367 2002 5407 ne

441 5445 603 5499 istum
653 5452 848 5496 nutum
897 5441 979 5495 Vc]
1019 5441 1352 5497 intellexisse
1396 5443 1480 5497 vel
1523 5453 1766 5499 secutam
1794 5460 1853 5500 se
1881 5461 2002 5502 esse

437 5533 705 5604 suspicari
760 5549 855 5588 rex
908 5543 1112 5603 posset,
1160 5535 1227 5589 de
1276 5535 1546 5590 industria
1601 5545 1790 5593 contra
1838 5553 2000 5609 quam

440 5626 530 5678 ille
576 5625 914 5679 monstrabat
970 5626 1124 5692 fecit,
1155 5642 1416 5680 coronam
1461 5628 1670 5694 eligens
1720 5646 1827 5698 prze
1858 5631 1999 5700 palla

437 5719 530 5771 illa
560 5733 854 5787 purpurea,
892 5717 1016 5774 licet
1057 5719 1200 5774 hanc
1244 5735 1351 5775 non
1390 5720 1666 5791 ignoraret
1711 5722 2001 5792 pretiosio-

437 5825 552 5864 rem
585 5826 726 5865 ‘5SSC.

2093 3332 2326 3398 addidit,
2384 3349 2487 3386 vox
2539 3343 2670 3388 tunc
2724 3335 2910 3388 audita
2965 3334 3348 3404 compellantis
3403 3334 3660 3388 Paladem

2092 3426 2257 3496 regis,
2295 3425 2379 3479 his
2410 3426 2704 3479 admodum
2739 3427 2958 3481 verbis:
2991 3427 3219 3495 Semper
3247 3437 3296 3482 te
3344 3427 3660 3496 prudentis-

2090 3517 2304 3578 simam,
2332 3533 2449 3572 mea
2491 3518 2662 3581 Palas,
2699 3518 3040 3573 adverteram
3076 3535 3090 3580 ;
3121 3534 3268 3572 nunc
3293 3533 3460 3586 cogor
3491 3533 3660 3586 agno-

2093 3625 2249 3665 scere
2285 3611 2468 3664 minus
2501 3610 2662 3664 hodie
2690 3611 2937 3680 sapuisse
2976 3621 3027 3666 te
3056 3626 3182 3664 cum
3225 3611 3365 3664 hanc
3398 3626 3660 3665 coronam

2093 3700 2172 3754 illi
2223 3708 2358 3770 toga:
2392 3700 2703 3769 przeoptasti
2734 3716 2749 3766 ;
2780 3716 2846 3753 en
2901 3709 2955 3753 ut
3010 3711 3194 3770 spreto
3251 3717 3280 3753 a
3331 3712 3381 3754 te
3437 3715 3662 3753 munere

2095 3794 2269 3846 amica
2310 3809 2455 3847 nunc
2486 3792 2746 3863 prazcellit
2773 3807 2913 3849 mea.
2946 3793 3042 3847 llic
3074 3792 3235 3862 quasi
3263 3791 3492 3846 ultimus
3520 3792 3665 3844 arie-

2095 3881 2166 3935 tis
2194 3882 2461 3950 impulsus
2480 3882 2534 3935 in
2563 3897 2779 3935 murum
2809 3883 2862 3936 in
2891 3883 3102 3936 ruinam
3120 3897 3374 3952 pronum,
3410 3883 3662 3936 conside—

2097 3970 2385 4024 ratissimm
2413 3971 2545 4024 alias
2571 3981 2833 4025 matrona:
2863 3971 3226 4025 constantiam
3249 3970 3470 4024 evertit.
3501 3969 3662 4023 Passa

2094 4063 2352 4133 quiddam
2409 4063 2742 4123 humanitus,
2805 4079 2931 4118 cum
2994 4064 3155 4117 etiam
3199 4063 3460 4119 insultare
3520 4063 3662 4116 ultro

2092 4155 2199 4210 sibi
2241 4170 2419 4225 regem
2454 4155 2796 4223 opinaretur,
2845 4171 3008 4225 quam
3041 4172 3203 4209 manu
3257 4157 3503 4226 gestabat
3548 4156 3663 4208 lan-

2097 4262 2214 4302 cem
2251 4257 2400 4302 recta
2431 4248 2483 4302 in
2515 4249 2635 4318 ejus
2661 4257 2824 4318 caput
2855 4249 3098 4319 impegit,
3121 4248 3193 4301 ita
3230 4260 3288 4302 ut
3316 4249 3435 4318 ejus
3458 4247 3662 4302 cidaris

2096 4357 2159 4396 ac
2200 4350 2374 4396 totum
2429 4343 2875 4411 paludamentum
2927 4343 3102 4396 ctfuso
3155 4358 3219 4396 ac
3269 4342 3412 4396 finde
3472 4356 3662 4410 sparso

2091 4435 2216 4504 jure
2271 4434 2674 4503 inquinaretur,
2710 4449 2944 4501 moxque
2975 4442 3231 4486 avertens
3261 4433 3420 4485 abiit.
3449 4433 3663 4486 Excan-

2031 4564 2070 4619 Β
2100 4525 2220 4578 duit
2261 4540 2373 4587 rex,
2422 4538 2678 4593 prorercs
2728 4524 3156 4576 exhorruerunt.
3200 4522 3384 4577 Pellex
3440 4523 3495 4576 in
3537 4523 3659 4576 sinu

2100 4615 2303 4685 gavisa,
2340 4624 2394 4668 et
2426 4616 2673 4684 proxime
2733 4631 2792 4670 se
2831 4615 3109 4669 admotam
3143 4615 3257 4684 spei
3317 4615 3468 4684 regni
3500 4615 3662 4668 tacite

2099 4709 2396 4779 gratulans,
2435 4708 2499 4761 iis
2530 4723 2710 4778 regem
2747 4708 2920 4762 oculis
2949 4709 3178 4774 aspexit,
3215 4706 3306 4776 qui
3336 4707 3546 4760 aemula:
3577 4706 3663 4759 in-

2102 4801 2322 4854 teritum
2377 4801 2571 4870 quavis
2629 4801 2903 4854 ctlicacius
2933 4799 3281 4852 accusatione
3320 4808 3662 4868 perorarent.

2101 4892 2265 4960 Regis
2300 4901 2423 4962 post
2473 4891 2744 4946 intentum
2780 4901 2834 4946 et
2865 4892 3015 4946 varie
3061 4891 3354 4945 sollicitum
3383 4891 3662 4943 silentium

2101 4986 2373 5038 universa:
2397 4984 2534 5038 anim.
2577 4984 2849 5038 sententia
2892 4983 3174 5037 intonuit:
3207 4983 3452 5036 Tollatur
3481 5000 3512 5035 e
3544 4998 3660 5035 me-

2101 5072 2192 5126 dio
2214 5088 2334 5142 quae
2358 5083 2568 5127 tantum
2587 5088 2715 5128 ausa
2739 5081 2842 5137 est;
2871 5076 3024 5127 nefas
3041 5081 3125 5125 est
3147 5073 3332 5125 vivere
3361 5082 3468 5124 tam
3491 5073 3664 5125 licen-

2105 5173 2186 5219 ter
2215 5174 2412 5234 spreue
2440 5180 2586 5217 ream
2619 5175 2821 5220 nostra:
2854 5165 3172 5234 majestatis.
3225 5161 3364 5215 Tum
3405 5162 3472 5215 ad
3521 5163 3668 5215 Pala-

2103 5258 2245 5312 rium
2299 5272 2596 5312 conversus
2646 5258 2713 5312 de
2768 5273 2920 5312 more
2959 5266 3267 5311 astantem:
3302 5255 3428 5318 Abi,
3459 5253 3664 5315 Palari,

2104 5366 2197 5404 rex
2228 5350 2323 5413 ait,
2360 5349 2465 5404 fide
2498 5350 2632 5404 mihi
2670 5349 2828 5404 solita
2863 5360 2918 5405 et
2942 5349 3046 5403 hoc
3073 5347 3378 5414 obsequere
3405 5364 3419 5402 :
3448 5362 3582 5399 cura
3606 5360 3665 5399 ut

2105 5442 2248 5497 diem
2290 5443 2588 5496 crastinum
2625 5441 2782 5495 Palas
2826 5455 2934 5494 non
2973 5439 3170 5493 videat.
3219 5437 3312 5490 llis
3347 5436 3510 5490 dictis
3537 5452 3664 5505 per-

2105 5534 2536 5598 turbatissimus,
2591 5534 2828 5602 abrupto
2871 5530 3146 5594 convivio,
3195 5545 3252 5583 se
3295 5528 3553 5583 cubiculo
3586 5531 3669 5580 in-

2103 5624 2289 5679 clusit.
2320 5625 2396 5678 lbi
2429 5634 2643 5678 noctem
2696 5623 2841 5678 illam
2900 5623 3058 5692 plane
3101 5621 3410 5674 insomnem
3442 5631 3497 5672 ct
3529 5620 3667 5673 duos

2107 5728 2284 5772 tresve
2314 5718 2593 5772 insecutos
2638 5717 2756 5770 dies
2804 5715 3112 5770 miserrimc
3159 5713 3351 5766 anxios
3381 5711 3556 5775 duxit,
3583 5726 3667 5764 re-

2105 5801 2512 5881 ciprocantibus
2575 5809 2916 5880 intcmpcriis
2983 5804 3354 5876 agitatissimae
3428 5802 3665 5858 mentis:
