4016 6528
365 356 497 417 13⁸2³)

1240 330 1622 419 srscinuu
1674 361 2101 423 sariev’rte
2152 368 2508 429 ixoonuu
2558 372 2720 432 ver.

3454 356 3514 417 Γ.
3536 354 3587 407 5.0

356 468 657 524 sa'vissimc
710 468 1013 538 prazsertim
1056 468 1411 524 cruciabatur
1464 480 1786 541 recurrente
1831 487 1964 541 per,

2068 477 2295 531 ttcntius
2350 489 2683 548 reputasset,
2736 476 3008 532 intellexit
3068 474 3415 527 innocentem
3456 486 3482 518 a
3540 484 3600 518 se

360 562 526 624 vices,
557 570 682 631 post
708 570 1034 630 evaporatas
1068 561 1164 615 irae
1206 561 1399 626 furias,
1440 564 1708 617 memoria
1757 562 1928 615 meri-

361 663 540 705 torum
573 654 900 721 ingentium,
930 652 1205 708 verissimi
1240 652 1443 707 amoris
1499 664 1554 709 et
1600 653 1933 723 perspectis-

360 744 513 797 sima:
553 744 676 797 ﬂdei
716 744 958 797 Paludis.

434 834 543 887 Vll.
594 834 816 887 Interim
877 832 1125 887 Palarius
1174 832 1468 888 abductam
1514 836 1696 888 statim
1725 849 1755 888 e
1788 833 1935 902 regia

365 927 647 989 Paludem,
683 926 840 996 quasi
867 926 933 979 ad
970 927 1178 995 iussum
1225 929 1368 997 regis
1401 927 1836 996 exsequendum,
1882 927 1935 979 in

366 1020 576 1072 intimis
630 1018 868 1089 gynmcei
901 1018 985 1071 sui
1019 1018 1315 1072 domestici
1354 1019 1578 1073 latebris
1622 1016 1936 1079 abscondit,

368 1110 598 1164 multum
643 1111 826 1163 obiter
863 1109 1171 1164 incusatum
1205 1110 1351 1177 quod
1384 1111 1438 1163 in
1471 1110 1636 1164 istum
1688 1110 1934 1162 furorem

365 1205 661 1272 erupisset.
718 1202 798 1258 Ad
839 1218 959 1271 qua:
1000 1202 1129 1256 illa:
1164 1201 1481 1263 Peccatum,
1516 1202 1716 1269 inquit,
1747 1216 1933 1254 meum

369 1298 549 1351 subita
582 1296 763 1351 statim
804 1295 1129 1365 ptenitentia
1191 1294 1494 1349 damnavit.
1532 1293 1614 1347 Tu
1667 1294 1752 1347 fac
1793 1290 1941 1361 quod

369 1388 561 1451 debes,
596 1397 652 1441 et
686 1387 800 1456 regi
855 1387 1204 1455 obsequere;
1256 1403 1363 1440 non
1420 1394 1725 1440 merentem
1778 1385 1943 1440 modo

372 1494 482 1541 me,
541 1479 634 1533 sed
685 1487 742 1533 et
794 1480 1072 1533 volentem
1123 1479 1211 1533 his
1247 1478 1376 1532 vitae
1408 1478 1669 1531 ﬂuctibus
1716 1477 1945 1547 eripies.

369 1573 471 1627 Cui
507 1571 778 1635 Palarius,
805 1572 954 1626 Bona
980 1572 1169 1637 verba,
1194 1572 1393 1640 inquit,
1423 1586 1604 1640 regem
1631 1572 1945 1640 perderem,

373 1668 417 1718 si
455 1665 503 1719 ei
536 1679 687 1720 nunc
716 1665 1177 1734 obtemperarem.
1225 1662 1355 1717 Sine
1401 1678 1487 1717 me
1525 1662 1603 1716 uti
1645 1663 1781 1717 meis
1816 1664 1950 1717 arti-

375 1759 501 1820 bus,
532 1758 669 1812 alias
706 1757 815 1811 vidi
867 1757 1083 1825 vicique
1109 1764 1500 1825 tempestates;
1551 1756 1691 1810 hanc
1726 1772 1948 1825 quoque

2035 572 2323 640 conjugem
2371 571 2507 625 falso
2558 572 2787 626 crimine
2843 583 3192 639 oppressam,
3254 563 3397 617 unde
3449 562 3601 613 illum

2037 672 2219 717 tantus
2248 663 2446 717 invasit
2475 664 2634 718 dolor
2672 674 2731 717 ut
2760 662 2911 715 brevi
2945 656 3330 727 exspiraverit.
3366 654 3609 719 Subjun-

2036 770 2158 824 gain
2197 764 2251 808 et
2306 755 2474 808 alium
2531 755 2661 809 huic
2711 754 3045 824 apologum:
3080 749 3288 802 Simius
3344 744 3606 813 pugillum

2036 845 2424 899 lenticularum
2462 861 2491 901 e
2520 861 2679 901 sacco
2730 844 2955 897 viatoris
2995 843 3097 898 sub
3137 856 3235 894 sua
3295 837 3612 892 recubantis

2039 939 2236 992 arbore
2270 939 2503 1000 furatus,
2553 940 2680 991 dum
2709 955 2738 992 e
2774 938 2965 1006 rapina
3013 952 3110 989 sua
3144 936 3413 993 vescitur,
3449 928 3613 982 lentis

2042 1030 2142 1099 ipsi
2172 1031 2473 1097 granellum
2504 1030 2647 1085 forte
2702 1045 2869 1083 unum
2901 1029 3128 1083 excidit.
3158 1026 3273 1081 Hoc
3306 1026 3395 1079 ille
3440 1032 3498 1076 ut
3526 1037 3615 1076 rc-

2041 1124 2251 1191 ciperet
2277 1139 2495 1176 manum
2529 1121 2851 1184 extendens,
2902 1121 3191 1175 lenticulas
3222 1134 3360 1188 quas
3397 1132 3456 1170 ea
3485 1130 3617 1168 cons

2042 1214 2251 1267 tiuebat
2281 1229 2469 1269 omnes
2497 1214 2699 1268 eﬂ'udit
2731 1229 2793 1268 ac
2825 1212 3105 1283 perdidit;
3142 1226 3242 1265 nec
3267 1210 3414 1262 illam
3450 1222 3615 1260 unam

2045 1306 2216 1373 ipsam
2252 1322 2414 1375 quam
2443 1322 2606 1361 avare
2662 1307 2916 1374 captabat
2943 1311 3251 1359 assecutus.
3285 1302 3358 1354 De
3410 1311 3461 1354 te
3490 1314 3619 1352 nar-

2047 1404 2219 1449 ratam
2253 1396 2414 1460 hanc,
2439 1396 2684 1459 domine,
2704 1396 2943 1450 fabulam
2971 1403 3122 1464 puta.
3149 1393 3429 1448 Mulierem
3456 1405 3620 1443 unam

2049 1488 2355 1557 perdidisti,
2391 1490 2521 1558 quid
2556 1489 3029 1544 inconsolabiliter
3064 1485 3304 1542 maeres?
3328 1499 3428 1549 cur
3464 1492 3514 1536 te
3540 1482 3625 1535 lu-

2050 1588 2137 1633 ctu
2163 1582 2442 1635 consumis
2464 1580 2486 1633 ?
2512 1582 2589 1633 En
2615 1580 2787 1634 habes
2816 1595 2914 1648 pro
2941 1595 3050 1633 una
3076 1578 3424 1632 innumeras:
3458 1589 3623 1644 quam

2051 1686 2309 1725 revocare
2342 1674 2536 1741 nequis
2585 1672 2890 1732 desideras,
2935 1686 3073 1740 quas
3113 1668 3268 1724 vides
3292 1668 3515 1722 aﬂluere
3545 1666 3627 1719 fa-

2051 1761 2233 1817 stidis.
2268 1763 2349 1819 An
2381 1773 2636 1819 constare
2694 1764 2906 1820 ratione
2956 1762 3057 1817 tibi
3114 1760 3337 1816 videtur
3371 1760 3475 1815 ista
3530 1758 3629 1814 tri-

376 1864 561 1916 spero,
589 1848 693 1901 diis
718 1846 846 1901 huic
873 1862 1039 1916 regno
1062 1843 1315 1915 propitiis
1336 1843 1677 1913 juvantihus,
1698 1852 1752 1896 et
1776 1843 1950 1913 ipsam
1985 1839 2023 1892 Β
2055 1855 2245 1909 stitia?

376 1939 777 2008 tranquillitate
841 1936 1306 1992 commutandam.
1336 1934 1561 1988 Conﬂde
1599 1943 1655 1989 et
1685 1942 1833 1989 tace:
1866 1935 1947 1989 la-

378 2032 547 2085 tuisse
594 2030 743 2085 salus
795 2029 984 2093 fuerit,
1039 2026 1327 2096 resipiscet
1378 2041 1508 2079 rex:
1543 2040 1702 2079 serva
1736 2033 1787 2079 te
1840 2039 1955 2077 me-

380 2121 505 2176 Iiori
553 2120 808 2191 tempori.
857 2119 969 2174 Nec
1023 2119 1179 2188 plura
1234 2118 1454 2179 eﬂ‘atus,
1502 2117 1726 2187 proviso
1766 2126 1827 2169 ut
1861 2116 1952 2170 illa

382 2216 528 2284 regie
565 2216 880 2277 haberetur,
926 2212 1023 2268 sed
1073 2212 1177 2267 sub
1219 2211 1660 2281 impenetrabilis
1684 2210 1833 2264 clave
1867 2225 1955 2263 ar-

382 2309 526 2369 cani,
578 2307 857 2361 consuetis
906 2306 1022 2360 suis
1065 2305 1117 2359 in
1169 2306 1314 2375 regis
1378 2304 1581 2373 palatio
1632 2303 1956 2357 ministeriis

386 2418 443 2454 se
474 2399 730 2454 reddidit.
766 2399 848 2453 ibi
881 2389 1006 2453 cum
1042 2414 1137 2452 rex
1172 2398 1265 2451 diu
1308 2397 1625 2451 admitteret
1654 2395 1955 2459 neminem,

388 2493 606 2547 tandem
635 2494 699 2547 a:l
728 2508 854 2547 eum
888 2506 987 2561 pro
1017 2492 1139 2561 jure
1169 2488 1557 2543 familiaritatis
1595 2489 1822 2550 intimis,
1855 2501 1959 2541 nec

390 2594 636 2647 vocatus,
669 2583 919 2639 Palarius
952 2592 1266 2653 penetrans,
1296 2582 1434 2646 Quo,
1465 2580 1707 2643 domine,
1737 2578 1835 2642 ait,
1868 2577 1959 2631 hic

390 2678 573 2730 luctus
627 2686 733 2729 tam
772 2662 1073 2745 pertinax?
1100 2690 1200 2728 cur
1249 2682 1299 2728 te
1334 2688 1396 2727 ac
1427 2688 1526 2725 nos
1556 2687 1747 2725 omnes
1779 2679 1959 2724 tecum

392 2768 645 2821 occidis?
674 2766 805 2821 Sera
864 2766 1187 2835 pmnitentia
1222 2780 1323 2819 nec
1355 2764 1573 2818 laudem
1628 2778 1729 2817 nec
1777 2776 1958 2824 usum,

392 2872 460 2910 ne
500 2857 714 2909 veniam
751 2856 971 2925 quidem
1017 2855 1217 2909 habet:
1250 2854 1382 2924 quin
1432 2863 1487 2907 et
1534 2853 1851 2923 gravissime
1884 2851 1964 2904 vi-

395 2958 682 3016 tuperatur
730 2961 759 2999 a
795 2946 1161 3014 sapientibus,
1214 2942 1443 2997 insania:
1477 2942 1754 2996 ascribere
1787 2940 1964 2995 solitis

393 3039 639 3093 dolorem
669 3038 736 3093 de
764 3053 894 3092 casu
941 3036 1314 3099 irrevocabili,
1354 3051 1463 3107 quo
1491 3044 1546 3089 et
1578 3034 1795 3088 animus
1831 3032 1966 3104 deji-

2122 1947 2261 2001 Vlll.
2327 1946 2425 2000 llic
2487 1960 2603 2009 rex,
2652 1962 2816 2012 quem
2874 1961 2999 2016 spes
3052 1945 3321 2000 hactenus
3378 1942 3627 2012 quredam

2053 2038 2348 2092 lactaveiat
2393 2038 2549 2092 dilati
2592 2055 2622 2092 a
2675 2038 2893 2092 Palario
2939 2035 3193 2105 supplicii
3243 2034 3483 2097 Paludis,
3538 2031 3630 2085 ubi

2055 2126 2327 2180 contraria
2378 2124 2713 2180 indicantem
2762 2124 2943 2193 ipsum
2994 2123 3180 2177 verbis
3221 2122 3384 2175 modo
3424 2120 3632 2173 auditis

2056 2216 2467 2282 animadvertit,
2494 2233 2602 2286 quo
2636 2216 2844 2271 certius
2869 2213 3088 2284 aliquod
3119 2214 3339 2268 eliceret
3366 2212 3631 2265 indicium

2058 2308 2185 2362 facti
2238 2308 2305 2362 de
2367 2322 2476 2377 quo
2519 2307 2810 2370 azsmabat,
2867 2305 3011 2371 Uno,
3076 2304 3277 2373 inquit,
3329 2301 3633 2356 ‘cxcidcnte

2059 2400 2191 2452 Inibi
2214 2414 2312 2468 per
2336 2398 2471 2451 iram
2510 2398 2825 2468 ﬂagrantem
2852 2397 3016 2451 verbo
3041 2397 3232 2466 ingens
3251 2403 3331 2449 est
3357 2393 3634 2463 piaculum

2059 2492 2379 2545 admissum.
2448 2489 2530 2544 Ad
2591 2490 2739 2560 quod
2802 2490 3047 2544 Palarius
3102 2489 3390 2556 reposuit:
3454 2486 3633 2541 Unum

2061 2582 2349 2652 prudentis
2384 2582 2614 2637 verbum
2659 2582 3083 2635 immutabiliter
3135 2579 3304 2632 ﬁxum
3344 2588 3447 2632 est.
3481 2577 3636 2631 Tunc

2061 2692 2157 2729 rex
2198 2678 2342 2729 clare
2380 2674 2490 2744 jam
2539 2674 2918 2743 paenitentiam
2973 2671 3258 2742 proﬂtens,
3291 2671 3446 2724 Dolet
3481 2669 3638 2734 mihi,

2064 2767 2275 2828 Palari,
2324 2768 2437 2829 ait,
2484 2766 2681 2821 orbato
2729 2782 2851 2821 esse
2901 2765 3219 2819 ﬁdelissima
3269 2763 3537 2832 conjuge;
3584 2773 3640 2814 et

2066 2856 2313 2910 Palarius
2337 2897 2351 2919 ,
2383 2857 2570 2919 Duos,
2609 2857 2809 2924 inquit,
2846 2856 3114 2925 quosdam
3148 2854 3335 2908 dolere
3366 2860 3587 2921 oportet
3624 2870 3635 2904 :

2065 2950 2217 3003 illum
2257 2947 2349 3018 qui
2387 2951 2527 3003 bene
2560 2963 2841 3017 nunquam
2871 2947 3023 3012 fecit,
3075 2956 3128 3000 et
3168 2961 3292 3000 eum
3321 2945 3413 3014 qui
3447 2944 3511 2995 de
3541 2958 3639 2997 sua

2066 3044 2256 3097 ultima
2308 3043 2395 3097 die
2434 3040 2658 3113 cogitat.
2713 3042 2850 3095 Tum
2908 3057 3045 3094 rex:
3086 3039 3142 3093 Si
3197 3039 3384 3093 videre
3437 3039 3641 3091 iterum

395 3134 564 3195 θίῑυτν
592 3140 648 3187 εί
684 3146 885 3200 corpus
922 3140 1251 3194 maceratur.
1303 3138 1357 3183 ει
1404 3128 1605 3181 malum
1644 3125 2038 3231 immedica'c
2069 3137 2319 3192 Paladcm
2370 3151 2606 3205 possem,
2663 3134 2801 3187 nihil
2861 3148 3149 3197 curarem,
3205 3130 3347 3186 nihil
3396 3130 3641 3184 dolerem

397 3223 505 3276 bile
536 3221 841 3275 infortunio
885 3220 1047 3290 longe
1097 3219 1306 3273 tetriori
1338 3220 1674 3273 cumulatur.
1703 3217 1807 3284 Qui
1837 3217 1967 3271 huic

398 3314 643 3383 indulget
692 3313 911 3367 aﬂ‘ectui
949 3312 1224 3367 hoinicida
1270 3312 1353 3368 sui
1383 3312 1555 3382 ipsius
1598 3320 1703 3376 est,
1735 3310 1968 3365 annulus

398 3406 644 3461 stultitiae
696 3407 937 3461 columbi
999 3406 1093 3475 qui
1148 3408 1327 3460 occisa
1388 3420 1485 3473 per
1538 3403 1969 3473 imprudentiam

400 3512 678 3566 compare,
710 3500 948 3551 mmrore
999 3496 1115 3565 ipse
1160 3496 1395 3550 interiit.
1428 3495 1630 3549 Fabula
1664 3510 1773 3547 non
1807 3494 1969 3564 longa

401 3588 481 3642 sic
514 3598 809 3641 narratur:
837 3588 1140 3643 Columbus
1184 3596 1239 3641 et
1283 3588 1535 3641 columba
1566 3588 1688 3640 vita:
1714 3586 1848 3639 inita
1878 3599 1970 3639 so-

402 3680 619 3743 cietate,
650 3678 837 3748 granis
892 3678 1126 3731 humore
1164 3676 1397 3745 turgidis
1426 3677 1559 3730 satis
1592 3691 1786 3745 magna
1812 3675 1973 3744 copia

402 3771 678 3839 congestis
717 3770 771 3824 in
825 3768 1364 3831 cavumtamiliare,
1418 3767 1695 3823 communi
1744 3767 1975 3821 consilio

403 3869 785 3928 decreverant,
818 3879 883 3917 ex
932 3878 998 3917 eo
1052 3860 1273 3915 cumulo
1323 3860 1459 3914 nihil
1512 3874 1760 3927 carpere,
1795 3857 1975 3927 quoad

404 3976 503 4030 per
537 3966 780 4011 aestatem
823 3960 1138 4023 suppeteret
1198 3951 1456 4021 pabulum
1499 3952 1552 4004 in
1585 3951 1728 4021 agris
1757 3966 1771 4015 ;
1806 3964 1979 4004 anno-

406 4068 534 4105 nam
563 4050 764 4119 quippe
796 4046 944 4100 illam
977 4047 1029 4100 in
1061 4046 1294 4099 hiemem
1341 4043 1716 4113 providerant.
1751 4043 1975 4097 Interim

404 4144 571 4199 ardor
610 4142 731 4196 εαξιί
785 4139 1091 4194 solstitialis
1125 4139 1232 4192 late
1290 4137 1475 4190 omnia
1531 4151 1866 4204 excoquens,
1921 4136 1978 4189 in

408 4238 668 4290 horreum
726 4248 948 4302 quoque
1005 4230 1151 4285 istud
1204 4228 1585 4284 columbinum
1623 4228 1976 4297 penetravit;

406 4328 573 4397 hujus
606 4326 654 4378 vi
686 4325 888 4393 granis,
922 4322 1150 4375 humido
1196 4320 1249 4373 in
1286 4335 1518 4389 vapores
1550 4318 1861 4379 exhalante,
1891 4317 1982 4372 de-

408 4416 866 4480 tnmeseentibus,
901 4412 1241 4483 singulisque
1277 4412 1388 4481 jam
1425 4413 1478 4465 in
1525 4411 1721 4464 molem
1751 4409 1980 4465 dimidio

2070 3228 2323 3297 amplius.
2376 3227 2456 3279 Ad
2505 3226 2609 3279 hoc
2668 3224 2954 3279 Palarius:
3010 3223 3158 3278 Duos
3212 3221 3464 3275 homines
3511 3236 3642 3275 cura

2070 3330 2125 3376 et
2177 3318 2365 3372 dolore
2423 3331 2618 3371 vacare
2663 3315 2748 3371 fas
2787 3324 2909 3370 est:
2958 3330 3084 3369 eum
3122 3313 3216 3384 qui
3270 3313 3410 3367 bene
3460 3313 3644 3366 multis

2072 3411 2267 3467 fecisse
2311 3410 2413 3463 sibi
2468 3408 2724 3464 conscius
2769 3415 2875 3470 est.
2928 3415 2985 3462 et
3038 3408 3192 3461 illum
3230 3407 3323 3476 qui
3360 3422 3643 3474 nunquam

2074 3506 2339 3575 peccavit.
2369 3504 2523 3557 Rex:
2560 3502 2679 3557 Urit
2710 3519 2794 3557 me
2819 3501 3157 3556 desiderium
3190 3500 3425 3563 Paladis,
3457 3516 3643 3567 quam,

2076 3598 2181 3651 heu
2214 3612 2297 3649 me
2325 3596 2337 3649 ι
2378 3609 2658 3663 nunquam
2682 3593 2917 3662 amplius
2947 3592 3166 3645 videbo.
3204 3591 3453 3645 Palarius
3481 3609 3494 3644 :
3531 3589 3646 3642 Duo

2076 3694 2207 3741 sunt
2242 3684 2336 3755 qui
2389 3700 2498 3737 non
2531 3684 2739 3747 vident,
2794 3698 2971 3737 caecus
3015 3690 3071 3736 et
3101 3682 3342 3736 stultus:
3398 3692 3456 3735 ut
3501 3681 3645 3735 enim

2076 3777 2201 3833 caeli
2234 3777 2413 3831 lucem
2445 3789 2624 3829 CICCUS
2658 3789 2766 3828 non
2803 3774 3059 3843 percipit,
3102 3788 3206 3827 nec
3240 3788 3361 3843 qutc
3397 3782 3519 3827 ante
3554 3782 3648 3825 aut

2076 3870 2222 3926 circa
2277 3884 2336 3923 se
2394 3874 2523 3922 sunt
2569 3867 2771 3932 cernit,
2818 3866 2899 3921 sic
2950 3866 3155 3920 Stultus
3206 3880 3317 3919 non
3381 3864 3649 3918 discernit

2078 3964 2283 4019 bonum
2315 3975 2345 4015 a
2376 3960 2540 4018 malo.
2576 3958 2918 4028 sequendum
2963 3972 2993 4010 a
3026 3957 3272 4012 vitando.
3310 3956 3421 4011 Rex
3452 3972 3465 4008 ι
3499 3954 3649 4007 Nun-

2078 4064 2242 4119 quam
2296 4062 2381 4100 me
2446 4047 2669 4101 satietas
2729 4046 2944 4100 Paladis
2998 4047 3160 4115 cepit.
3188 4045 3465 4099 Palarius:
3536 4045 3650 4096 Duo

2080 4140 2631 4210 suntqninunquam
2679 4138 2975 4203 satiantur,
3021 4138 3649 4192 avarusetluxuriosus.

2080 4232 2231 4287 Rex:
2304 4232 2544 4286 Revocat
2608 4231 2742 4284 mihi
2806 4230 2887 4284 tui
2945 4239 3273 4300 conspectus
3328 4229 3647 4284 memoriam

2082 4324 2319 4389 Paladis,
2368 4338 2536 4393 quare
2572 4323 2762 4392 procul
2820 4335 2871 4378 te
2922 4337 2950 4375 a
2987 4338 3074 4378 me
3119 4322 3419 4391 abjungcre
3458 4318 3651 4375 suadet
3690 4314 3691 4317 “

2082 4415 2320 4469 animus.
2402 4414 2680 4468 Palarius:
2766 4413 3019 4479 Quatuor
3098 4413 3384 4467 hominum
3453 4424 3651 4480 genera

409 4512 677 4563 minorem
710 4507 1041 4568 extenuatis,
1075 4504 1306 4575 contigit
1349 4520 1605 4557 acervum
1636 4502 1861 4573 quoque”
1892 4503 1973 4573 ip-
2002 4515 2054 4572 Ι)
2084 4507 2271 4578 procul
2325 4524 2350 4558 a
2406 4516 2455 4559 te
2504 4506 2721 4576 abjungi
2779 4505 2977 4561 decet:
3029 4504 3250 4575 impios.
3306 4502 3649 4573 insipientes,

407 4619 527 4654 sum
562 4601 675 4669 pari
706 4601 1059 4668 proportione
1089 4598 1433 4652 decrescere.
1470 4595 1603 4657 lloc,
1636 4595 1861 4649 rediens
1890 4594 1982 4649 die

422 4695 645 4763 yuadam
686 4694 830 4747 circa
877 4692 1319 4761 :equinuctialem
1353 4691 1659 4754 cardinem,
1695 4689 1984 4743 columbus

411 4790 465 4841 in
506 4786 717 4851 nidum,
760 4784 852 4837 ubi
915 4784 1410 4845 animadvertisset,
1466 4794 1668 4836 temere
1727 4798 1793 4835 ex
1846 4797 1983 4835 vana

410 4875 723 4945 suspicione
746 4873 1004 4942 judicans
1034 4873 1342 4925 columbam
1397 4882 1509 4923 tum
1559 4870 1678 4923 ovis
1718 4870 1985 4923 incuban-

412 4978 544 5031 tem,
576 4976 764 5020 contra
790 4963 1155 5017 communiter
1184 4963 1427 5022 decreta.
1452 4960 1725 5014 vescendo
1758 4976 1823 5012 ex
1857 4962 1985 5013 hor-

414 5077 507 5113 reo
563 5058 851 5112 hiemalem
916 5055 1297 5123 intempestiva
1370 5054 1671 5106 voracitate
1719 5052 1983 5106 minuisse

413 5160 801 5214 munueatum,
844 5164 964 5202 eam
996 5159 1177 5201 rostro
1218 5157 1272 5199 et
1305 5146 1579 5213 unguibus
1611 5146 1782 5198 iratus
1815 5160 1982 5213 appe-

415 5245 518 5305 tiit,
563 5244 930 5310 miseramque
964 5238 1151 5292 tandiu
1190 5238 1438 5306 repetitis
1480 5238 1680 5290 ictibus
1730 5236 1984 5290 contudit

414 5334 590 5403 quoad
624 5344 841 5387 mortua
868 5332 1203 5385 concideret.
1236 5331 1696 5399 Supervenerunt
1732 5329 1873 5381 haud
1908 5329 1981 5382 ita

417 5426 588 5476 multo
625 5435 745 5493 post
783 5423 988 5476 imbres
1018 5424 1386 5487 autumnales,
1410 5431 1463 5474 et
1510 5420 1859 5475 humeiacrus
1889 5436 1984 5473 aer

414 5530 601 5584 grana,
664 5514 964 5575 insinuato,
1024 5515 1297 5585 ut.sole'.,
1354 5513 1577 5566 madore
1637 5512 1982 5576 distendens,

416 5623 646 5661 massam
682 5608 926 5676 congesti
956 5606 1126 5660 tritici
1156 5608 1220 5659 ad
1268 5606 1702 5674 magnitudinem
1738 5606 1787 5659 ei
1816 5620 1979 5673 quam

416 5714 587 5753 verno
624 5707 868 5767 tempore
922 5700 1261 5767 prmtulerat,
1294 5716 1477 5769 parem
1516 5698 1746 5753 inﬂavit.
1782 5698 1990 5753 Obser-

414 5792 555 5844 vavit
583 5789 635 5845 id
663 5790 972 5856 columbus,
1000 5791 1234 5857 primum
1283 5790 1595 5847 admirans:
1624 5790 1821 5845 deinde
1856 5806 1978 5846 cum

2086 4614 2194 4652 non
2242 4598 2565 4651 conliteutes
2603 4596 2873 4666 judicium
2932 4604 2987 4650 et
3048 4595 3489 4656 retributionem,
3543 4609 3650 4646 non

2086 4690 2432 4743 dominantes
2495 4688 2785 4743 aﬂ'ectibus
2834 4698 2891 4744 et
2942 4688 3340 4759 cupiditatibus
3394 4686 3649 4755 prepriis.

2088 4784 2246 4837 Rex:
2301 4784 2390 4836 Va:
2438 4782 2613 4836 mihi!
2658 4782 2856 4838 domus
2906 4797 3026 4836 mea
3067 4782 3275 4851 privata
3320 4789 3402 4834 est
3434 4779 3651 4833 l‘alade.

2086 4876 2370 4929 l’alarius:
2427 4874 2675 4939 Quatuor
2732 4889 2820 4929 res
2873 4883 3003 4928 sunt
3036 4873 3361 4928 necessariis
3391 4873 3653 4942 privatae,

2086 4968 2288 5022 ﬂuvius
2344 4983 2482 5036 aqua
2534 4981 2760 5030 carens,
2812 4974 2956 5020 terra
3013 4982 3124 5020 non
3173 4966 3382 5021 habens
3434 4981 3652 5035 regem,

2087 5062 2285 5114 tnulicr
2303 5060 2563 5112 destituta
2588 5058 2691 5111 viri
2711 5058 3012 5123 consortio,
3029 5058 3194 5112 homo
3215 5073 3321 5113 non
3339 5057 3655 5113 discernens

2090 5152 2289 5203 bonum
2319 5167 2346 5201 ει
2377 5149 2538 5202 malo.
2573 5148 2725 5202 Rex:
2776 5148 3007 5217 lnjuste,
3058 5162 3091 5201 ο
3123 5134 3324 5215 Palari,
3368 5157 3651 5217 perempta

2088 5242 2245 5296 Palas
2276 5250 2400 5305 est;
2451 5251 2507 5294 et
2540 5249 2595 5294 tu
2628 5239 2719 5309 qui
2774 5238 3059 5309 peremisti
3099 5239 3289 5294 multis
3318 5241 3654 5295 cruciatibus

2085 5333 2285 5402 dignus
2311 5347 2389 5385 es.
2420 5330 2703 5385 Palarius:
2750 5330 2885 5384 Tres
2916 5338 3045 5384 sunt
3088 5331 3235 5401 digni
3272 5330 3651 5386 cruciatibus:

2088 5422 2397 5479 innocentis
2421 5427 2733 5482 accusator,
2758 5436 2868 5475 non
2894 5430 3123 5475 vocatus
3139 5421 3396 5475 convivio
3417 5422 3651 5483 irruens,

2087 5524 2141 5568 ct
2173 5525 2359 5582 raptor
2400 5514 2731 5569 alienorum.
2778 5513 2937 5568 Rex:
2994 5513 3273 5569 Debueras
3304 5529 3411 5567 non
3454 5506 3653 5581 reprzc-

2087 5616 2303 5661 sentare
2337 5616 2444 5660 tam
2475 5606 2670 5661 festine
2704 5605 3035 5675 supplicium
3064 5606 3300 5671 Paladis,
3334 5606 3427 5661 sed
3463 5606 3514 5658 in
3555 5606 3649 5657 tali

2088 5716 2251 5757 causa
2299 5699 2768 5769 longanimitatem
2826 5697 3110 5753 adhibere.
3171 5700 3458 5754 Palarius:
3514 5697 3650 5750 Tres

2089 5789 2351 5847 adhibere
2398 5789 2867 5861 longanimitatcm
2919 5788 3161 5847 debent:
3213 5791 3304 5850 aui
3355 5789 3651 5844 maximum
