4016 6580
368 332 498 395 i331

1761 290 2176 398 APRENDlX.

3478 341 3615 407 i312

363 446 642 517 negotium
661 444 1045 516 adoritur.qui
1073 447 1126 502 in
1149 458 1389 501 montem
1413 446 1648 502 arduum
1671 448 1939 511 ascendit,
1973 454 2013 509 Α
2046 454 2245 513 suum,’
2282 455 2339 502 et
2368 462 2581 504 summa
2635 450 2687 505 in
2727 448 2997 505 'eumdem
3045 449 3332 505 eharitate.
3370 450 3471 506 ilic
3518 466 3613 505 rex

363 537 456 605 qui
505 535 682 605 pisces
726 535 986 590 comedit.
1038 537 1151 593 Rex
1178 556 1192 594 :
1223 537 1450 593 Multum
1486 554 1571 593 me
1602 537 1932 602 contemnis,

363 624 591 690 Palari,
652 625 827 679 serius
893 635 1124 694 questus
1188 641 1340 681 meos
1407 626 1719 681 istiusmodi
1775 624 1934 697 nugis

362 713 663 784 excipiens.
718 713 1002 771 Palarius:
1058 714 1161 781 Qui
1215 725 1581 770 contemnunt
1638 732 1819 786 regem
1878 714 1933 768 hi

364 814 490 861 sunt
518 825 530 860 :
559 810 651 876 qui
697 822 879 861 coram
907 824 973 862 eo
1003 808 1174 878 garrit
1216 807 1334 863 sine
1374 807 1603 879 judicio,
1653 808 1742 878 qui
1770 809 1838 861 ab
1868 823 1934 862 eo

365 897 432 951 de
458 896 785 966 quibusdam
812 897 1209 967 interrogatus,
1254 898 1321 952 de
1349 900 1470 953 aliis
1495 899 1808 967 respondet.
1837 898 1932 967 qui

366 989 512 1057 apud
552 989 806 1043 eumdem
872 989 941 1045 de
992 989 1059 1044 iis
1101 990 1324 1044 disserit
1357 1007 1478 1060 qua:
1513 1005 1621 1044 non
1655 989 1930 1058 intelligit,

364 1088 417 1131 et
444 1078 677 1133 libertus
698 1079 1068 1148 locupletatus
1090 1090 1383 1149 patronqu
1413 1095 1611 1133 vexans
1642 1078 1934 1133 calumniis

366 1178 530 1238 atque
564 1170 618 1224 in
660 1171 749 1242 jus
800 1171 1048 1225 trahens.
1083 1171 1233 1225 Rex:
1283 1173 1514 1238 Deliras,
1560 1171 1758 1236 Palari,
1805 1171 1932 1225 talia

365 1259 634 1330 gari-iens.
649 1242 923 1315 Palariusi
943 1261 1248 1333 Deliratqui
1266 1262 1681 1327 docetstultum,
1698 1261 1791 1331 qui
1804 1276 1937 1316 con-

369 1349 586 1404 tradicit
614 1350 871 1418 sapienti,
897 1350 993 1420 qui
1020 1351 1198 1405 credit
1229 1351 1527 1414 meretrici,
1552 1353 1646 1422 qui
1672 1365 1933 1406 arcanum

366 1456 523 1494 suum
540 1440 707 1496 inﬁdo
720 1442 1109 1497 communicat.
1133 1443 1249 1497 Rex
1267 1443 1414 1498 :Non
1432 1454 1578 1499 recte
1601 1442 1776 1498 feciin
1790 1443 1935 1499 occi-

365 1534 501 1587 dens
515 1532 793 1589 Paladem.
810 1534 1056 1590 Palarius
1072 1555 1081 1588 :
1100 1535 1219 1590 Non
1238 1544 1385 1591 recte
1398 1536 1530 1606 agit,
1544 1536 1930 1606 quimentitur;

366 1624 457 1691 qui
494 1638 606 1677 non
639 1624 776 1678 vivit
822 1634 886 1679 ut
911 1625 1201 1695 loquitur;
1239 1626 1336 1696 qui
1364 1634 1524 1681 aetate
1576 1626 1934 1697 prastervidus

365 1718 462 1769 ira:
502 1715 873 1785 obsequitur;
909 1719 1000 1786 qui
1046 1719 1180 1776 sinit
1230 1734 1288 1776 se
1336 1719 1606 1790 implicari
1651 1721 1934 1778 amoribus

366 1809 617 1877 pellicis;
653 1811 746 1879 qui
799 1826 896 1865 sua
946 1812 1373 1882 intemperantia
1406 1814 1597 1869 volens
1638 1815 1925 1882 vincitur;

364 1902 603 1971 denique
629 1919 725 1957 rex
757 1905 853 1973 qui
889 1906 1149 1959 momenti
1200 1907 1423 1960 maximi
1455 1921 1568 1961 rem
1607 1906 1933 1978 aggrediens

364 1995 597 2049 consilia
619 1995 930 2067 sapientum
954 2013 1061 2051 non
1085 1999 1347 2068 exquirit.
1384 1999 1501 2054 Rex
1526 2017 1539 2053 :
1569 1999 1689 2054 Non
1722 1998 1931 2055 vereris

364 2100 568 2155 regem,
599 2096 705 2140 tam
738 2086 909 2142 libere
943 2088 1269 2159 ubloquens,
1312 2089 1654 2145 homuncio?
1684 2090 1932 2156 Quatuor

363 2188 490 2230 sunt
523 2178 617 2248 qui
648 2194 756 2233 non
805 2190 1069 2235 verentur
1124 2199 1310 2253 regem
1339 2201 1353 2238 :
1390 2184 1723 2254 gallinaceus
1755 2185 1932 2255 gallus

365 2269 495 2324 dum
573 2270 629 2325 in
701 2286 804 2326 suo
870 2273 1224 2343 resupinatus
1290 2276 1639 2346 sterquilinio
1698 2276 1933 2346 pedibus

367 2359 595 2416 intentis
621 2363 868 2418 occurrit
896 2366 1046 2419 velut
1069 2367 1283 2421 ruituro
1305 2369 1444 2424 caelo
1470 2385 1485 2432 ;
1520 2385 1648 2439 grus
1674 2369 1933 2424 insistens

379 2453 482 2507 uni
549 2454 774 2523 pedum,
826 2455 982 2525 quasi
1034 2466 1244 2514 metuat
1300 2476 1367 2514 ne
1416 2460 1463 2515 si
1521 2461 1695 2515 altero
1725 2462 1933 2531 pariter

361 2545 933 2618 innitaturdeprimat
964 2558 1169 2604 terram
1200 2551 1371 2608 nimio
1412 2554 1657 2621 pondere
1684 2571 1700 2617 ;
1728 2554 1932 2610 vermis

362 2640 642 2708 pulverem
676 2656 839 2709 parce
873 2657 1089 2706 vorans,
1132 2642 1278 2711 quod
1308 2655 1515 2698 metuat
1540 2661 1609 2699 ne
1641 2661 1774 2699 suns
1803 2662 1930 2700 eum

362 2728 522 2783 cibus
545 2728 782 2794 deﬁciat,
821 2740 879 2785 et
906 2723 1230 2800 vespertilio
1260 2743 1424 2788 noctu
1466 2743 1681 2789 tantum
1712 2736 1931 2802 volans,

363 2839 433 2879 ne
462 2823 507 2879 si
544 2839 642 2895 per
667 2823 812 2880 diem
842 2835 1154 2895 appareret,
1193 2843 1291 2883 sua
1319 2827 1735 2896 pulchritudine
1765 2847 1933 2885 vena-

363 2925 548 2968 torum
606 2914 675 2968 ad
733 2914 819 2970 sui
879 2916 1129 2986 rapinam
1189 2918 1521 2987 cupiditates
1584 2922 1930 2977 accenderet.

362 3004 516 3059 Rex:
574 3003 688 3058 Heu
712 3006 733 3059 l.
792 3021 1071 3075 nunquam
1123 3008 1333 3076 uspiam
1393 3007 1592 3062 videbo
1644 3009 1929 3066 mulierem

1957 1781 2006 1841 B

2038 539 2311 595 Palarium
2380 540 2621 604 intuens,
2689 543 3047 609 Immensum,
3112 543 3210 608 ait,
3271 541 3426 598 cordi
3492 558 3615 596 meo

2036 628 2285 684 insevisti
2385 631 2639 697 luctum,
2689 632 3018 688 immensum
3074 634 3204 688 item
3259 634 3339 687 tui
3397 634 3611 698 odium,

2036 719 2237 781 Palari,
2289 735 2410 775 mea
2458 721 2776 776 dulcissima
2806 721 3110 777 occidenda
3155 721 3377 777 Palade.
3423 722 3506 777 Ad
3556 722 3612 776 id

2034 814 2227 864 contra
2285 810 2566 867 Palarius:
2622 811 2824 889 Verum
2875 820 2931 866 et
3001 811 3367 867 irrevocabile
3421 812 3612 865 odium

2035 899 2181 954 inter
2213 900 2317 957 hos
2346 911 2540 958 mutuo
2583 903 2771 974 viget:
2826 903 3014 975 lupum
3072 913 3129 959 ct
3166 918 3318 968 oves,
3365 903 3525 958 felem
3555 912 3615 957 et

2034 1006 2247 1046 murem
2280 1031 2295 1053 .
2359 995 2684 1063 accipitrem
2759 1002 2816 1050 et
2896 995 3200 1066 perdicem,
3263 1009 3488 1049 corvum
3555 1003 3615 1047 et

2035 1093 2312 1148 noctuam,
2344 1100 2606 1140 cancrum
2645 1095 2700 1140 et
2744 1102 3017 1157 anguem:
3052 1087 3258 1157 quibus
3282 1086 3613 1143 accensendi

2036 1180 2185 1236 sunt,
2208 1176 2325 1243 qui,
2347 1189 2539 1245 magna
2559 1185 2615 1230 et
2637 1178 2810 1232 veteri
2836 1177 3084 1232 amicitia
3102 1176 3393 1246 dirempta,
3427 1190 3615 1245 cmpe-

2034 1262 2147 1316 rint
2174 1265 2394 1318 tandem
2427 1264 2615 1320 odisse
2648 1266 2909 1321 invicem.
2951 1265 3091 1321 Tum
3122 1281 3261 1321 rex:
3288 1262 3442 1320 Oculi
3473 1264 3609 1327 mei,

2034 1353 2250 1417 Palari,
2305 1355 2657 1424 requirentes
2733 1369 2953 1427 semper
3002 1356 3254 1411 miseram
3307 1353 3606 1419 Paladem,

2034 1458 2314 1514 nunquam
2360 1435 2623 1516 deinceps
2656 1461 2909 1501 somnum
2952 1446 3241 1502 videbunt.
3292 1445 3428 1500 Octo
3453 1455 3606 1509 sunt,

2036 1535 2285 1604 reposuit
2325 1534 2597 1602 Palarius,
2641 1535 2844 1605 quibus
2898 1551 3029 1590 cura
3087 1550 3340 1591 somnum
3392 1533 3607 1604 eripit:

2035 1626 2204 1681 multa
2263 1628 2554 1697 possidens
2614 1643 2715 1683 nec
2774 1626 2983 1683 habens
3045 1626 3260 1683 ﬁdelem
3325 1641 3605 1687 servum;

2036 1714 2360 1769 machinans
2386 1731 2577 1771 necem
2605 1716 2784 1770 amico
2815 1724 2909 1769 aut
2941 1715 3294 1780 adversario;
3316 1714 3613 1785 deperieus

2034 1808 2364 1873 mulierem;
2399 1809 2656 1863 conscius
2697 1824 2756 1863 se
2799 1806 2998 1862 falsum
3048 1808 3258 1862 crimen
3311 1807 3610 1877 impcgisse

2034 1898 2222 1953 ulcisci
2273 1897 2478 1952 valenti
2514 1914 2530 1963 ;
2567 1913 2778 1969 pauper
2813 1914 2841 1951 a
2879 1912 2989 1968 quo
3038 1897 3278 1968 exigitur
3316 1896 3464 1966 quod
3497 1913 3610 1951 non

2032 1989 2238 2054 habet;
2296 2004 2441 2058 aeger
2496 1988 2690 2043 morbo
2742 1988 3080 2043 decumbens
3144 1987 3298 2058 gravi
3348 1986 3469 2041 sine
3504 2002 3611 2055 ope

2032 2082 2228 2158 medici
2263 2099 2278 2139 :
2331 2083 2568 2137 maritus
2597 2081 2862 2137 adultcrte
2892 2081 3087 2145 ;dives
3135 2096 3335 2150 parcus
3367 2080 3609 2148 inopiam

2033 2184 2328 2237 metuens;
2392 2172 2599 2242 quibus
2644 2171 2938 2227 addendus
2985 2181 3072 2228 est
3119 2187 3234 2226 rem
3290 2170 3611 2226 desiderans

2032 2278 2197 2334 quant
2225 2262 2491 2332 consequi
2533 2277 2644 2317 non
2691 2271 2891 2332 potest.
2944 2263 3043 2318 llis
3068 2279 3164 2317 rex
3192 2261 3341 2317 eludi
3374 2278 3431 2317 se
3466 2259 3614 2316 indi-

2033 2372 2245 2427 gnans,
2296 2354 2471 2411 iratus
2525 2354 2707 2413 dixit:
2771 2355 3063 2427 Nunquam
3125 2355 3363 2424 amplius
3423 2362 3604 2408 tecum

2033 2449 2357 2518 colloquar,
2408 2447 2611 2503 Palari.
2658 2450 2723 2502 At
2772 2447 3063 2503 Palarius:
3139 2445 3353 2516 indigni
3397 2444 3492 2515 qui
3536 2445 3606 2497 ad

2032 2545 2375 2614 colloquium
2422 2542 2871 2597 admittanturhi
2902 2547 3053 2594 sunt:
3102 2540 3196 2607 qui
3221 2537 3449 2591 fratrem
3490 2534 3609 2590 odit

2031 2650 2098 2691 ex
2129 2633 2261 2689 falsa
2294 2648 2457 2689 causa
2486 2649 2501 2700 ;
2530 2633 2696 2687 homo
2720 2639 3021 2703 arrogans;
3055 2630 3149 2701 qui
3182 2629 3401 2683 divitias
3424 2627 3606 2682 anima

2030 2726 2256 2799 pr0pria
2316 2726 2439 2795 plus
2516 2725 2790 2791 aestimat,
2848 2724 2944 2794 qui
3014 2720 3347 2777 contradicit
3407 2734 3609 2775 servus

2032 2819 2279 2883 domino,
2309 2817 2617 2888 discipulus
2643 2817 2926 2889 magistro.
2957 2815 3071 2871 Sub
3096 2815 3215 2871 haec
3248 2830 3364 2879 rex,
3395 2822 3453 2866 nt
3487 2821 3610 2865 erat

2032 2927 2301 2983 suspenso
2336 2911 2521 2966 animo
2569 2926 2761 2980 parum
2802 2918 3048 2964 attentus
3087 2910 3155 2962 ad
3182 2908 3394 2972 audita,
3426 2905 3606 2975 inopi-

2031 3016 2159 3075 nate
2209 3005 2574 3061 exclamavit:
2614 3004 2784 3059 Nemo
2827 3012 2912 3058 est
2958 3002 3014 3055 in
3073 3002 3338 3056 omnibus
3400 3001 3612 3068 peccati

361 3095 545 3149 Paladi
592 3096 853 3151 similem.
911 3096 1192 3152 Palarius:
1226 3097 1472 3164 Quatuor
1519 3108 1649 3154 sunt
1681 3100 1931 3155 inemen-
1961 3118 2003 3174 ρ
2034 3112 2251 3167 expers,
2280 3105 2336 3152 et
2368 3097 2534 3151 homo
2561 3097 2841 3167 perfectus
2870 3094 3019 3149 omni
3062 3109 3126 3148 ex
3156 3103 3310 3164 parte
3332 3110 3603 3161 nusquam

359 3186 614 3243 debilia:
693 3185 897 3240 mulier
958 3186 1136 3256 palam
1200 3196 1418 3255 assueta
1477 3189 1806 3258 prostituere
1868 3203 1929 3244 se

362 3278 649 3348 plurimis;
727 3278 924 3347 loquax
999 3278 1196 3334 solitus
1259 3280 1530 3346 mentiri;
1608 3281 1931 3350 imprudens

359 3370 621 3441 opinione
666 3370 752 3426 sui
807 3369 1075 3434 tumidus,
1125 3378 1181 3424 et
1235 3372 1604 3426 calumniator
1653 3371 1932 3429 insidiosis

363 3461 869 3517 machinationibus
895 3477 1115 3533 semper
1140 3464 1408 3518 intentus.

336 3598 341 3603 .
433 3551 526 3610 ιχ.
583 3553 696 3608 Hoc
746 3554 941 3607 ultimo
993 3569 1183 3624 parum
1229 3555 1282 3609 in
1334 3554 1572 3622 speciem
1623 3555 1933 3610 colitercnlc

362 3661 627 3716 responso
660 3645 905 3702 Palarius
957 3648 1070 3717 regi
1116 3648 1431 3718 desperanti
1474 3648 1660 3703 videre
1692 3662 1931 3717 unquam

362 3736 598 3804 amplius
627 3736 906 3801 Paladem,
935 3753 1035 3808 per
1056 3739 1316 3809 ambages
1349 3738 1636 3804 innuebat,
1680 3738 1824 3793 haud
1859 3738 1934 3792 ita

362 3842 526 3898 esse;
593 3844 773 3905 neque
838 3831 986 3886 enim
1055 3832 1122 3886 ad
1191 3847 1377 3887 rerum
1446 3831 1935 3887 inemendabiiium

361 3921 601 3980 classem.
648 3937 899 3978 errorem
960 3938 1024 3977 ea
1085 3922 1209 3979 neci
1275 3922 1577 3978 addiccnda
1634 3922 1934 3977 admissum

362 4013 666 4081 pertinere.
762 3997 1029 4086 Deinceps
1102 4011 1267 4086 porFo
1339 4031 1434 4069 rex
1501 4015 1554 4069 id
1615 4031 1725 4070 non
1783 4015 1937 4071 visus

362 4103 697 4175 intelligere.
744 4106 949 4163 clarius
996 4115 1267 4178 expressit
1317 4109 1527 4165 doloris
1572 4119 1629 4164 et
1674 4109 1938 4165 desiderii

368 4193 795 4263 magnitudinem
863 4198 971 4262 sui,
1043 4198 1194 4255 hunc
1243 4199 1298 4255 iu
1372 4200 1594 4254 modum
1664 4199 1943 4269 loquens;

364 4281 654 4338 [Etcrnum
678 4285 952 4342 exsulabit
968 4304 998 4343 e
1022 4289 1189 4345 corde
1214 4306 1337 4345 meo
1361 4291 1643 4361 gaudium,
1670 4290 1935 4345 aeternum

2030 3190 2362 3262 reperietur.
2392 3189 2492 3245 Sic
2516 3189 2711 3245 relicto
2761 3186 3015 3243 Palarius
3055 3203 3181 3258 rege
3211 3186 3373 3256 pleno
3397 3187 3609 3251 luctus,

2031 3283 2087 3338 iu
2115 3283 2423 3338 miserrima
2450 3281 2831 3352 desperatione
2870 3280 3118 3335 videnda:
3167 3295 3406 3349 unquam
3432 3279 3610 3332 dilec-

2034 3376 2260 3432 tissima:
2311 3374 2596 3446 conjugis,
2652 3375 2816 3445 paulo
2846 3382 2969 3442 post
3029 3370 3205 3426 adfuit
3249 3381 3531 3426 evocatam
3576 3386 3607 3425 e

2031 3466 2281 3533 latebris,
2330 3475 2386 3521 et
2414 3482 2541 3522 cum
2591 3476 2794 3521 caetero
2835 3462 2987 3533 regio
3020 3463 3197 3524 cultu.
3252 3472 3367 3516 tum
3401 3477 3607 3516 corona

2035 3555 2127 3610 illa
2161 3556 2534 3626 pulcherrima
2566 3565 2821 3610 ornatam
2857 3554 3139 3610 adducens
3166 3552 3442 3609 Paladem.
3473 3551 3604 3605 Eant

2034 3663 2147 3719 quo
2214 3647 2414 3718 gaudio
2481 3663 2576 3702 rex
2632 3646 2858 3710 viderit.
2914 3644 3121 3717 quibus
3172 3644 3380 3698 amoris
3436 3641 3611 3712 signis

2033 3740 2335 3810 exceperit,
2391 3739 2649 3811 subiiciet
2704 3738 2810 3794 sibi
2881 3738 3136 3809 quisque,
3190 3734 3272 3790 uti
3301 3743 3357 3790 et
3403 3732 3611 3803 quibus

2033 3831 2290 3888 laudibus
2334 3831 2535 3886 Palarii
2580 3830 2928 3901 prudentiam
2987 3827 3291 3893 extulerit;
3340 3834 3609 3893 quantum

2037 3923 2106 3981 ad
2170 3924 2409 3995 priorem
2465 3926 2521 3978 in
2568 3923 2744 3994 ipsum
2803 3921 3078 3978 addiderit
3146 3919 3607 3980 benevolentiam,

2038 4031 2201 4088 quam
2247 4016 2469 4086 quidem
2524 4013 2937 4086 pretiosissimis
2986 4012 3174 4068 statim
3222 4009 3385 4066 donis
3434 4009 3611 4063 voluit

2042 4116 2319 4163 testatum.
2364 4106 2733 4162 Brachmanas
2766 4119 2931 4175 porro
2970 4103 3317 4159 insidiatores
3345 4101 3608 4170 perﬁdos,

2041 4208 2102 4255 et
2154 4199 2368 4254 consilii
2424 4200 2765 4269 sanguinarii
2823 4197 3281 4253 sceleratissimos
3312 4187 3631 4259 auctores,

2042 4299 2403 4361 congregatos
2455 4290 2745 4345 universos
2793 4303 2977 4344 coram
3033 4303 3091 4343 se
3140 4288 3303 4358 jussit
3350 4286 3610 4341 interﬁci.

367 4374 704 4473 ineo-dolor
742 4376 1083 4434 domicilium
1135 4381 1382 4444 habebit,
1413 4399 1447 4438 o
1478 4384 1655 4438 Palari
1716 4392 1939 4453 propter
1970 4419 2013 4473 υ
2046 4378 2159 4434 Hoc
2182 4380 2434 4450 exemplo
2483 4388 2653 4450 patet.
2700 4379 2811 4449 regi
2845 4378 2911 4433 ad
2946 4393 3099 4434 suam
3143 4375 3399 4430 tuendam
3445 4390 3613 4444 paca-

365 4462 642 4520 Paladcm.
697 4465 781 4521 Ad
829 4468 944 4523 hare
996 4469 1247 4525 Palarius
1296 4472 1585 4541 reposuit:
1624 4471 1937 4528 iustissima

363 4553 585 4609 dolendi
641 4570 805 4611 causa
856 4569 938 4612 est
986 4559 1208 4614 amissio
1265 4549 1514 4618 mulieris
1560 4563 1646 4618 his
1694 4561 1935 4633 praedita:

362 4644 624 4700 dotibus:
690 4646 979 4716 pudicitia,
1036 4648 1352 4718 prudentia,
1415 4653 1750 4721 parcimonia
1808 4669 1932 4705 ver-

360 4736 585 4804 borum,
618 4735 927 4804 nobilitate,
956 4737 1154 4807 forma,
1186 4729 1553 4799 submissione
1587 4760 1715 4815 erga
1750 4742 1927 4799 virum

2044 4481 2152 4525 tatu
2203 4481 2368 4542 atque
2426 4471 2760 4527 incolumem
2796 4470 3019 4524 domum
3076 4479 3132 4522 et
3192 4465 3609 4534 rempublicam.

2041 4564 2406 4620 instrumenta
2481 4563 2819 4618 ellicacitatis
2903 4560 3194 4631 praecipua:
3245 4562 3358 4614 haec
3439 4572 3599 4612 esse:

2039 4645 2410 4728 prudentiam,
2437 4659 2777 4728 patientiam,
2827 4656 3107 4726 sapientes
3140 4653 3506 4718 consiliarios,
3550 4658 3613 4707 et

2036 4748 2322 4803 mulierem
2354 4747 2656 4803 cordatam.

1362 4962 1890 5032 DISSERTATIO
1913 4971 2419 5033 PARABOLICA
2446 4971 2616 5031 Vll‘l‘.

365 5084 701 5148 Cautioncs
726 5084 1104 5167 fprccscribit
1136 5089 1433 5151 tenendas
1472 5097 1543 5152 in
1576 5093 1874 5154 amicitiis
1914 5097 2301 5174 qumtuosz‘s,
2334 5096 2631 5176 temporis
2669 5093 2869 5157 solum
2907 5102 2963 5156 et
2997 5095 3198 5156 mutui
3238 5112 3387 5154 usus
3423 5112 3611 5155 causa

1802 5176 2165 5237 contractis.
3093 5191 3097 5194 ’

428 5287 547 5342 Alia
594 5285 684 5342 die
726 5288 974 5359 poscenti
1018 5288 1381 5347 Abessalomo
1426 5295 1540 5364 regi
1623 5294 1816 5348 audire
1867 5293 1937 5348 de

360 5379 622 5435 amicitiis
676 5381 944 5450 temporis
1003 5396 1167 5438 causa
1236 5384 1289 5438 in
1356 5385 1636 5440 communi
1692 5387 1939 5456 periculo

364 5470 665 5527 contractis
699 5510 715 5536 ,
784 5470 1046 5528 disseruit
1106 5473 1165 5528 in
1222 5474 1371 5529 hunc
1430 5475 1651 5529 modum
1706 5490 1936 5545 gymno-

363 5566 633 5637 sophista.

439 5663 481 5718 l.
511 5662 629 5719 Non
659 5678 853 5720 omnes
895 5665 1151 5733 amicitiae
1196 5682 1370 5721 aevum
1416 5668 1620 5733 ferunt,
1671 5683 1771 5721 nrc
1807 5681 1939 5722 vero

370 5754 524 5814 scias
551 5756 655 5812 alia
680 5773 919 5828 unquam
955 5758 1097 5813 inire
1137 5775 1301 5828 quam
1353 5771 1555 5816 zelerna
1586 5761 1812 5815 foedera.
1847 5761 1940 5817 Est

2041 5313 2167 5353 cum
2202 5297 2366 5353 etiam
2396 5298 2555 5368 probi
2588 5314 2653 5353 ac
2687 5297 2963 5366 sapientes
2997 5311 3105 5350 non
3151 5303 3407 5349 recusant
3429 5294 3615 5349 conci.

2043 5388 2322 5443 liationem
2370 5404 2495 5443 cum
2541 5388 2784 5452 inimico,
2819 5387 2990 5441 vicem
3041 5396 3250 5440 tantum
3311 5401 3376 5440 ac
3419 5385 3612 5440 condi-

2047 5483 2251 5536 tionem
2297 5481 2640 5536 induciarum
2691 5480 3023 5535 habituram.
3070 5479 3179 5534 Res
3210 5477 3314 5533 hoc
3356 5479 3611 5547 exemplo

2047 5574 2439 5630 declarabitur.
2512 5572 2654 5627 Felis
2710 5571 2763 5625 in
2839 5580 3031 5624 trunco
3102 5580 3331 5623 vetustae
3397 5569 3611 5623 arboris

2041 5668 2382 5722 domicilium
2428 5666 2679 5730 habebat,
2720 5679 2822 5718 nec
2847 5662 3008 5731 longe
3055 5661 3185 5715 hinc
3238 5676 3372 5714 cavo
3414 5664 3612 5732 cx'guo

2042 5756 2323 5812 habitabat
2378 5774 2515 5811 mus.
2574 5755 2741 5810 Nocte
2804 5751 3038 5816 quadam
3087 5752 3311 5811 ambiyit
3357 5755 3617 5806 arieti-nx
