4016 6594
390 396 527 458 1333

1278 392 1662 456 SPECIMEN
1702 387 2132 453 SAPIENTLE
2174 385 2531 447 [NDOiiUiI
2574 387 2743 447 VET.

3480 378 3635 440 Ἥξει-ξ

382 507 595 562 retibus
636 517 881 571 venator,
926 516 979 561 ct
1021 506 1207 577 ignara
1253 509 1576 562 insidiarum
1612 515 1739 558 ante
1775 503 1955 556 lucem
1991 510 2029 561 Α
2061 498 2385 567 Increpabat
2443 499 2521 554 sic
2573 508 2923 555 cunctantem
2973 500 3130 555 felis:
3189 494 3329 562 Quid
3392 492 3634 547 dubitas.

383 598 508 651 f‘elis
552 597 761 663 exiens,
810 598 1084 666 implicata
1126 598 1337 667 laqueis
1379 605 1481 651 est.
1525 594 1673 648 Vidit
1715 607 1833 646 eam
1882 590 1958 643 ita

384 689 621 741 vinctam
668 703 963 758 erumpens
1005 703 1140 741 cavo
1190 703 1290 741 suo
1336 685 1616 741 musculus
1646 692 1701 735 et
1740 682 1961 752 gavisus

382 788 488 844 est,
539 777 633 832 sed
687 778 903 831 brevem
944 779 994 832 ei
1042 777 1291 831 lattitiam
1339 776 1601 844 ingruens
1633 772 1840 840 duplici
1892 784 1957 823 ex

385 869 627 937 periculo
691 876 869 923 metus
930 883 1135 935 anceps
1199 866 1347 921 fecit.
1426 864 1744 932 Suspiciens
1806 861 1952 914 enim

383 962 723 1015 insistentem
760 961 968 1024 arbori,
1003 968 1055 1013 et
1099 960 1280 1013 facere
1330 959 1385 1012 in
1420 974 1478 1011 se
1513 956 1777 1024 impetum
1821 968 1957 1006 noc-

384 1063 531 1105 tuam
562 1060 866 1120 parantem,
915 1065 1039 1105 eum
1082 1049 1350 1119 refugere
1385 1049 1437 1100 in
1482 1063 1633 1102 suam
1665 1059 1954 1098 cavernam

381 1142 563 1203 vellet,
596 1143 923 1197 subeuntem
976 1156 1042 1196 eo
1076 1142 1367 1210 nympham
1415 1137 1818 1193 animadvertit.
1860 1136 1960 1190 llic

379 1232 662 1286 enimvero
698 1241 1082 1287 consternatus
1126 1232 1468 1295 discrimine,
1519 1239 1574 1284 et
1608 1230 1767 1283 anxie
1818 1229 1958 1282 deli-

381 1322 734 1376 berabundus
786 1322 1047 1387 hazrebat,
1113 1321 1254 1388 Quid
1309 1321 1511 1391 agam?
1561 1327 1653 1373 aut
1703 1334 1812 1387 quo
1870 1333 1956 1372 me

383 1412 628 1465 vertam?
658 1428 845 1467 secum
902 1412 1077 1467 aiens.
1124 1411 1182 1465 Si
1216 1427 1408 1465 cavum
1442 1425 1621 1464 meum
1659 1409 1959 1480 ingrediar,

379 1502 669 1557 devorabit
726 1519 813 1558 me
861 1503 1126 1574 nympha;
1179 1504 1223 1557 si
1255 1513 1440 1556 autem
1497 1502 1587 1555 hic
1642 1502 1958 1570 persistam,

380 1600 475 1645 aut
513 1591 707 1646 dextra
754 1594 1049 1647 sinistrave
1105 1593 1290 1661 fugere
1336 1591 1646 1660 aggrediar,
1692 1590 1957 1644 involabit

383 1680 436 1735 in
484 1697 569 1736 me
617 1691 857 1747 noctua;
890 1683 935 1737 si
985 1682 1075 1736 feli
1116 1698 1201 1736 me
1249 1680 1597 1741 admoveam,
1643 1679 1821 1748 prmda
1879 1679 1959 1732 illi

2068 590 2244 653 aiens,
2278 602 2382 643 tam
2410 591 2518 645 cito
2546 592 2690 646 redis
2712 592 2777 645 ad
2806 594 3022 662 genium
3047 593 3068 645 ?
3095 592 3166 643 ita
3190 588 3372 642 brevis
3394 595 3476 638 est
3505 584 3636 635 fides

2066 685 2321 739 amicitire
2358 686 2590 753 iuratae?
2623 686 2859 741 Sincera:
2903 688 3046 753 (mus
3074 685 3170 747 ait)
3203 681 3459 749 equidem
3501 678 3633 730 mihi

2065 777 2325 830 conscius
2355 778 2654 831 voluntatis
2699 793 2816 832 sum
2867 780 2920 832 in
2953 777 3159 832 findere
3194 776 3338 827 inter
3369 788 3467 825 nos
3499 772 3636 823 inito

2064 868 2356 930 servando,
2385 868 2477 920 sed
2528 884 2637 935 quo
2682 878 2738 923 tu
2770 870 2949 922 futura
2996 870 3072 921 sis
3113 867 3298 920 animo
3344 846 3432 917 ubi
3463 878 3547 915 me
3578 862 3631 914 in

2066 968 2338 1029 potestate
2368 960 2625 1014 habueris
2656 977 2880 1024 vereor;
2912 977 3036 1014 nam
3064 958 3329 1013 naturalis
3351 955 3634 1008 inclinatio

2066 1067 2175 1106 non
2205 1064 2468 1109 mutatur.
2494 1062 2588 1106 aut
2610 1053 2652 1105 si
2681 1066 2787 1121 qua
2812 1052 2862 1105 ei
2890 1052 2970 1104 vis
2993 1050 3241 1112 affertur,
3264 1062 3371 1100 non
3397 1052 3633 1114 perstat;

2066 1155 2378 1216 propterea,
2420 1162 2545 1200 cum
2589 1146 2728 1200 nihil
2768 1154 2981 1214 urgeat,
3034 1144 3205 1198 tutius
3233 1154 3432 1195 censeo
3470 1138 3637 1191 relin-

2022 1253 2235 1313 7quere
2289 1247 2340 1290 te
2392 1238 2572 1290 adhuc
2623 1253 2732 1290 uno
2789 1238 3151 1290 constrictam
3202 1232 3424 1285 vinculo
3457 1270 3473 1293 ,
3532 1230 3636 1281 hoc

2065 1344 2284 1400 quoque
2310 1338 2571 1396 rupturus
2598 1346 2720 1381 cum
2747 1338 3020 1381 maturum
3046 1328 3173 1380 erit.
3204 1324 3295 1378 Sic
3315 1320 3633 1391 aliquandiu

2066 1420 2307 1492 perstitit
2340 1435 2590 1473 mussans
2632 1419 2805 1487 quoad
2852 1418 2966 1471 sole
2992 1418 3103 1486 jam
3145 1424 3355 1480 exorto,
3380 1423 3435 1468 et
3466 1427 3634 1465 vena-

2067 1513 2204 1567 toris
2231 1511 2578 1565 adventantis
2627 1510 2858 1576 strepitu
2899 1516 3077 1576 eoepto
3114 1506 3311 1566 audiri,
3352 1503 3632 1558 residuum

2066 1614 2390 1672 tempestive
2419 1602 2685 1669 confregit
2718 1600 2889 1662 filum,
2928 1598 3222 1667 proculque
3250 1596 3432 1650 statim
3461 1593 3629 1663 fugit;

2065 1696 2156 1749 feli
2187 1696 2399 1755 solutae,
2446 1694 2533 1747 vel
2577 1694 2618 1747 si
2666 1692 2880 1745 deesset
2928 1692 3082 1749 lides,
3128 1688 3405 1744 venatoris
3454 1695 3630 1739 tamen

385 1774 531 1828 ﬁam.
572 1773 687 1827 Non
721 1772 1145 1842 despondendus
1190 1782 1368 1826 tamen
1406 1783 1490 1825 est
1530 1771 1779 1823 animus:
1807 1770 1954 1839 inge-

2064 1787 2321 1841 instautis
2355 1796 2533 1841 metus
2568 1784 2894 1853 insequendi
2927 1782 3100 1835 muris
3144 1779 3434 1833 consilium
3470 1792 3635 1831 excu-

381 1864 535 1917 nium
583 1864 637 1917 in
691 1864 958 1933 angustiis
1015 1863 1280 1927 cernitur,
1338 1861 1663 1932 excogitabo
1718 1861 1955 1929 aliquam

380 1956 573 2011 salutis
603 1957 768 2011 viam.
807 1957 881 2010 Ea
916 1955 1334 2024 circumspectis
1364 1955 1580 2008 cunctis
1607 1968 1712 2006 non
1738 1952 1959 2007 aliunde

380 2062 541 2114 quam
586 2062 618 2102 e
673 2046 780 2100 fele
828 2046 1179 2101 ostenditur:
1227 2046 1481 2115 experiar
1522 2060 1657 2103 eam,
1696 2044 1955 2112 alloquio.

381 2134 471 2189 Sic
520 2135 787 2190 accedens
839 2144 1103 2205 quantum
1154 2143 1271 2188 luto
1318 2135 1499 2203 potuit
1547 2135 1611 2187 ad
1646 2134 1956 2187 intricatam

381 2224 485 2279 reti
530 2226 702 2291 felim,
732 2225 927 2291 Satin',
970 2225 1168 2294 inquit,
1205 2225 1367 2278 salva:
1410 2239 1496 2277 res
1539 2233 1669 2277 sunt
1723 2224 1862 2277 tuae?
1890 2223 1958 2276 Et

381 2318 524 2383 felis,
583 2317 802 2373 Gaudes
851 2320 1081 2381 scilicet,
1153 2320 1249 2378 ait,
1315 2332 1401 2369 me
1466 2317 1833 2385 deprehensa,
1893 2329 1957 2370 ac

381 2409 589 2463 miserae
625 2410 878 2464 insultas.
921 2410 1057 2463 Tum
1113 2424 1275 2463 mus:
1310 2408 1642 2473 Gauderem,
1690 2418 1750 2462 ut
1796 2408 1953 2472 dicis,

381 2500 425 2554 si
455 2515 681 2554 securus
707 2515 907 2563 essem,
940 2515 1087 2555 nunc
1118 2501 1343 2569 propria
1367 2500 1499 2553 mihi
1540 2499 1788 2568 pericula
1814 2500 1957 2553 cala-

380 2593 587 2646 mitatis
617 2593 809 2647 alienae
839 2592 1079 2647 fructum
1115 2592 1424 2647 excutiunt.
1460 2592 1628 2647 Vides
1657 2592 1954 2661 nympham

381 2685 688 2751 pervasisse
744 2699 925 2737 meum
980 2699 1198 2749 cavum,
1250 2678 1953 2752 simulque'imminentem

382 2777 434 2829 in
472 2777 577 2831 mei
602 2776 850 2845 rapinam
878 2791 1118 2845 superne
1163 2784 1441 2830 noctuam.
1472 2775 1623 2827 Nunc
1654 2788 1770 2842 age,
1807 2774 1953 2842 quod

378 2869 745 2922 communiter
786 2862 1027 2937 expedit,
1062 2869 1423 2923 conciliemur
1453 2867 1707 2931 invicem,
1739 2881 1957 2935 pacem-

379 2977 486 3029 que
518 2962 804 3024 faciamus,
839 2961 925 3016 bis
954 2961 1188 3031 legibus,
1226 2970 1284 3015 ut
1312 2976 1433 3030 ego,
1465 2960 1667 3029 quibus
1706 2958 1949 3021 vinciris,

382 3069 632 3123 rumpam
686 3054 936 3123 laqueos,
991 3029 1047 3107 tu
1080 3053 1405 3130 nympham
1464 3052 1683 3106 occidas
1738 3029 2022 3120 praeda-C

383 3147 572 3201 tricem
604 3161 803 3202 meam.

450 3239 515 3294 ll.
556 3237 1080 3306 Probavitimpense
1110 3235 1286 3291 muris
1330 3234 1760 3304 propositionem
1806 3230 1949 3294 fclis,

377 3336 432 3379 et
476 3342 683 3395 magna:
726 3327 996 3381 mercedis
1042 3325 1445 3396 propositiones
1496 3323 1719 3393 adjecit,
1753 3322 1800 3376 si
1832 3322 1952 3391 ejus

378 3418 648 3472 beneficio
673 3433 731 3471 se
759 3418 897 3471 solvi
921 3419 1283 3486 contingeret.
1314 3417 1452 3486 Ergo
1478 3416 1658 3470 foedus
1682 3415 1948 3477 inierunt,

377 3520 433 3564 ct
483 3525 605 3564 mus
652 3511 791 3563 citra
854 3525 1061 3564 moram
1115 3509 1284 3577 coepit
1328 3509 1417 3562 ﬁla
1468 3509 1601 3562 retis
1644 3506 1952 3560 arrodendo

378 3601 649 3671 frangere.
684 3601 864 3658 Unum
896 3618 961 3656 ex
1008 3601 1094 3655 bis
1137 3609 1316 3654 tamen
1364 3599 1587 3668 reliquit
1628 3614 1735 3667 quo
1771 3596 1951 3649 adhuc

380 3696 503 3748 fctis
546 3705 867 3761 teneretur;
904 3710 1013 3748 non
1059 3695 1205 3749 enim
1242 3694 1401 3762 plane
1452 3691 1653 3745 fidebat
1701 3686 1947 3743 reconci-

378 3785 523 3841 liatae
568 3789 760 3857 gratia:
798 3788 908 3845 nisi
941 3789 1167 3858 pignore
1218 3786 1322 3841 sibi
1369 3784 1594 3841 certiori
1643 3789 1946 3836 caveretur.

2065 1890 2223 1935 teret.
2265 1879 2408 1947 Ergo
2456 1877 2695 1949 nympha
2742 1875 2922 1929 obiter
2965 1872 3252 1933 exterrita,
3281 1872 3354 1931 fet
3380 1885 3444 1924 ex
3475 1878 3635 1921 antro

2060 1970 2233 2025 muris
2277 1971 2474 2039 ejecta,
2526 1969 2667 2021 saltu
2715 1964 3042 2021 conscendit
3083 1963 3357 2015 arborem.
3410 1959 3637 2013 Mmstus

2059 2070 2285 2115 venator
2315 2062 2545 2114 fractqu
2585 2069 2700 2112 rete
2731 2056 3230 2111 reeonciunaturus
3260 2052 3508 2106 abstulit.

2129 2152 2215 2206 IlI.
2258 2152 2421 2206 Pauci
2453 2166 2517 2205 ex
2554 2151 2658 2204 hoc
2702 2149 2819 2203 dies
2852 2144 3137 2210 fiti‘iteraut,
3173 2162 3297 2200 cum
3354 2146 3633 2214 prodeun-

2060 2249 2189 2301 tem,
2226 2249 2410 2308 pastus
2440 2254 2598 2292 causa
2635 2238 2937 2306 quaerendi,
2970 2253 2997 2291 e
3030 2253 3128 2291 sua
3154 2251 3385 2290 caverna
3420 2250 3631 2287 mut-em

2059 2333 2250 2402 procul
2309 2332 2429 2385 felis
2487 2331 2724 2389 intuens,
2775 2330 2890 2396 Quo
2930 2346 2959 2383 a
2998 2345 3106 2391 me,
3161 2329 3377 2388 clamat,
3418 2341 3634 2394 semper

2058 2424 2393 2478 vitabundus
2452 2422 2774 2489 digrederis,
2826 2421 3029 2474 oblitus
3089 2419 3343 2473 amicitiae
3395 2417 3635 2488 juratae?

2056 2516 2189 2585 Age,
2238 2515 2399 2573 aude.
2462 2514 2660 2567 accede
2713 2512 2778 2567 ad
2809 2527 2917 2575 me,
2974 2510 3223 2579 amplecti
3259 2517 3309 2562 te
3357 2524 3420 2562 ac
3450 2524 3634 2560 remu—

2057 2623 2251 2662 nerare
2290 2624 2389 2676 pro
2428 2606 2640 2660 meritis
2677 2604 2840 2673 cupio
2879 2601 3154 2657 libertatis
3191 2608 3246 2655 et
3282 2598 3472 2653 salutis
3513 2598 3627 2650 vin-

2057 2699 2236 2753 dicem
2274 2714 2427 2751 uicae.
2466 2696 2564 2751 Cui
2604 2712 2724 2750 mus
2760 2710 3049 2765 parumper
3108 2692 3430 2753 subsistens,
3469 2690 3638 2742 inter-

2056 2793 2198 2845 vallo
2257 2801 2438 2844 tamen
2494 2788 2626 2842 satis
2668 2803 2863 2858 magno
2924 2785 3123 2849 medio,
3162 2784 3378 2844 Nostra,
3430 2781 3634 2849 inquit.

2055 2886 2293 2940 amicitia
2323 2883 2636 2952 complexus
2666 2896 2775 2934 non
2799 2878 3045 2948 requirit,
3077 2892 3176 2931 nec
3202 2875 3437 2929 libenter
3471 2887 3632 2925 oscu-

2057 2977 2200 3031 larer
2239 2976 2385 3029 labra
2416 2974 2670 3042 contigua
2700 2970 2960 3025 dentibus
2988 2968 3248 3023 mandere
3283 2967 3389 3020 mei
3428 2965 3636 3019 similes

2053 3069 2250 3125 solitis.
2280 3069 2537 3121 Amemus
2596 3082 2627 3120 c
2687 3064 2985 3133 longinquo
3025 3076 3243 3115 censeo.
3299 3058 3410 3113 Nec
3474 3057 3635 3111 aliter

2054 3159 2187 3215 fecit
2235 3174 2475 3227 unquam
2529 3172 2651 3211 mus
2712 3155 3003 3223 providus,
3048 3151 3190 3204 haud
3232 3150 3416 3203 ntinus
3470 3164 3632 3217 quam

2055 3261 2182 3305 ante
2208 3250 2398 3304 scdulo
2449 3249 2629 3301 vitans
2675 3262 2741 3299 ne
2778 3260 2834 3299 se
2870 3244 2961 3297 fcli
2996 3242 3388 3304 committeret,
3423 3248 3515 3293 aut
3543 3255 3635 3292 ex-

2055 3343 2333 3413 periunda:
2389 3356 2490 3394 suo
2524 3340 2723 3394 damno
2792 3336 3032 3406 perfidite
3083 3334 3424 3388 occasionem
3482 3331 3637 3385 daret

2054 3436 2200 3490 hosti
2233 3435 2584 3488 recouciliato
2608 3447 2793 3487 secum
2827 3439 3133 3499 qua‘stuosa
3161 3427 3394 3481 ratione.
3429 3424 3632 3480 Fabula

2052 3529 2215 3584 docet
2262 3526 2436 3603 fluxas
2475 3542 2595 3580 esse
2625 3541 2687 3579 ac
2732 3522 2855 3577 ﬁdei
2892 3522 3147 3576 sublesta:
3175 3517 3443 3573 amicitias
3495 3531 3633 3586 quas

2054 3622 2264 3675 utilitas
2307 3628 2360 3672 et
2414 3616 2715 3672 necessitas
2759 3613 3162 3683 conglutinant,
3215 3610 3374 3681 genio
3427 3617 3480 3663 et
3532 3622 3632 3661 na.

2059 3722 2183 3766 tura
2215 3712 2536 3764 reluctante.

2449 3798 2463 3831 \

1412 3990 1947 4062 DISSERTATIO
1982 3995 2496 4061 PARABOLICA
2544 3996 2654 4056 ιχ.

458 4122 741 4182 Deterret
770 4139 807 4178 α
836 4118 1084 4198 ﬁdendo
1107 4118 1618 4219 ‘reconciliationt’
1647 4128 1870 4201 gratiae
1900 4128 2122 4191 oblatw
2151 4148 2187 4189 α
2216 4127 2503 4207 principe
2537 4142 2710 4205 quem
2726 4122 3094 4203 gravissime
3127 4121 3262 4202 quis
3294 4120 3540 4181 (mserit.

452 4257 759 4329 Aliquando
824 4268 995 4309 vacuo
1055 4254 1204 4308 curis
1259 4254 1558 4323 majoribus
1593 4257 1948 4317 Abessalomo

374 4354 487 4424 regi
541 4347 954 4420 superveniens,
993 4345 1184 4413 ctipse
1214 4345 1433 4412 negotio
1464 4348 1677 4403 solutus
1715 4349 1949 4405 familia-

375 4449 454 4501 ris
509 4440 975 4515 gymnosophista,
1049 4436 1559 4507 interrogatusque,
1622 4446 1683 4494 ut
1757 4456 1951 4495 cavere

375 4550 649 4607 quemque
705 4538 954 4599 oporteat
1010 4526 1079 4581 ab
1131 4543 1198 4581 eo
1231 4527 1345 4595 qui,
1412 4544 1603 4597 magna
1661 4530 1824 4585 laesus
1867 4531 1951 4584 in-

371 4628 536 4699 juria,
598 4621 1099 4678 reconciliationem
1140 4620 1316 4683 offert,
1367 4621 1649 4688 respondit
1696 4622 1750 4676 in
1801 4623 1947 4678 hunc

375 4719 547 4770 ferme
575 4713 817 4766 modum.

448 4809 491 4861 l.
550 4807 662 4859 Rex
713 4804 936 4873 quidam
1006 4805 1297 4871 psittacum
1350 4804 1547 4857 habuit
1601 4820 1712 4860 non
1767 4807 1947 4863 minus

374 4897 557 4967 Specie
595 4910 659 4949 ac
711 4895 1021 4963 plumarum
1062 4892 1375 4945 versicolori
1436 4893 1698 4947 varietate
1746 4894 1951 4949 formo-

375 5005 496 5044 sum
526 5001 686 5056 quam
719 5000 851 5039 voce
876 4984 1163 5047 disertum,
1191 4991 1266 5045 et,
1301 4981 1443 5051 quod
1472 4992 1554 5036 est
1581 4984 1946 5052 potissimum,

374 5097 538 5135 sensu
596 5094 659 5132 ac
689 5092 875 5130 rerum
910 5091 1008 5127 usu
1054 5074 1380 5144 prudentem
1418 5074 1470 5126 in
1526 5075 1736 5144 paucis.
1790 5077 1947 5131 llunc

373 5172 583 5241 pullum
643 5168 822 5221 adhuc
862 5174 1109 5220 tenerum
1168 5165 1407 5216 alentem
1466 5165 1671 5218 versari
1731 5166 1947 5220 assidue

374 5279 471 5317 rex
500 5260 720 5315 videbat
770 5272 894 5311 cum
944 5255 1189 5324 principe
1220 5253 1463 5337 suodilio
1504 5257 1724 5323 paulum
1754 5274 1941 5326 super-

372 5368 559 5425 gresso
604 5350 909 5412 infantiam,
952 5346 1283 5408 oblectandi,
1314 5346 1433 5415 ejus
1487 5348 1680 5416 gratia.
1712 5347 1950 5405 Coaluit—

373 5463 480 5516 que
522 5444 883 5504 familiaritas,
943 5443 1105 5496 etiam
1139 5442 1391 5496 convictu
1420 5443 1654 5511 quodam
1687 5445 1948 5508 exercita,

372 5554 545 5608 usque
579 5537 645 5591 ad
667 5535 1125 5590 necessitudinem
1159 5534 1408 5586 humana:
1436 5550 1604 5603 prOpe
1633 5535 1944 5601 cbaritatis;

371 5646 497 5687 nam
559 5639 616 5684 ut
674 5644 809 5695 puer
856 5642 1018 5693 supra
1076 5625 1296 5678 modum
1332 5626 1607 5694 ;delectari
1665 5629 1951 5683 videbatur

370 5726 616 5795 psittacis
665 5722 901 5783 duobus,
945 5722 1025 5775 sic
1058 5721 1270 5773 illorum
1326 5722 1543 5789 utrique
1595 5724 1950 5778 cliarissimus

370 5830 506 5885 erat,
542 5818 678 5874 adeo
712 5824 769 5868 ut
802 5827 1077 5882 nunquam
1111 5812 1296 5865 senior
1329 5830 1357 5866 e
1410 5812 1665 5869 felicibus
1700 5817 1853 5870 silvis
1880 5817 1943 5869 ad

2054 4279 2191 4334 quas
2218 4258 2467 4331 quotidie
2516 4255 2751 4319 volabat,
2800 4253 2952 4309 mitia
2984 4268 3140 4322 poma
3174 4253 3321 4321 pullo
3373 4267 3473 4305 suo
3500 4268 3626 4320 por—

2056 4363 2198 4407 taret
2252 4350 2388 4420 quin
2440 4362 2632 4402 eorum
2689 4352 2897 4414 partem
2957 4345 3041 4399 vel
3091 4344 3351 4412 optimam
3409 4343 3625 4412 pusioui

2056 4445 2207 4515 regio
2250 4450 2560 4512 seponeret.
2594 4440 2696 4493 Per
2730 4453 2903 4492 annos
2949 4437 3064 4492 haec
3089 4438 3300 4506 aliquot
3339 4436 3623 4497 durarunt,

2053 4538 2273 4609 jamque
2321 4535 2506 4605 pullus
2536 4532 2751 4603 psittaci
2789 4532 3011 4600 plenum
3052 4546 3225 4584 :evunt
3266 4530 3539 4599 attigerat,
3572 4541 3628 4585 et

2049 4627 2191 4697 regis
2217 4627 2363 4680 filius
2396 4625 2714 4680 adoleverat
2741 4623 2793 4677 in
2838 4624 3207 4692 pubertatem,
3232 4637 3355 4675 cum
3385 4622 3472 4675 die
3496 4638 3627 4690 qua—

2048 4721 2171 4775 dam
2200 4718 2421 4778 accidit,
2469 4732 2767 4780 passerem,
2802 4714 3027 4769 delicias
3072 4712 3436 4766 adolescentis
3468 4714 3623 4780 regii,

2048 4811 2164 4864 rixa
2199 4827 2323 4865 cum
2367 4810 2587 4880 juniore
2645 4809 2874 4876 psittaco
2909 4814 3206 4868 contracta,
3257 4805 3395 4857 male
3429 4803 3494 4855 ab
3531 4805 3628 4857 illo

2049 4898 2290 4963 multari,
2338 4908 2501 4967 atque
2535 4897 2603 4951 ab
2648 4898 2947 4950 ulciscente
2999 4894 3182 4947 dilecti
3233 4893 3469 4961 passeris
3504 4894 3620 4961 pla-

2048 5004 2140 5058 cas
2170 4991 2371 5060 juvene
2421 4989 2613 5042 harum
2658 4994 2938 5039 auctorem
2988 4983 3243 5037 interfici.
3294 4984 3623 5051 Supervenit

2047 5081 2188 5136 facto
2221 5088 2276 5134 e'.
2326 5080 2457 5135 caedi
2504 5079 2672 5148 prolis
2702 5093 2813 5130 suze
2857 5078 3042 5131 senior
3072 5076 3356 5144 psittacus,
3412 5077 3621 5144 procul-

2048 5190 2177 5243 que,
2206 5174 2333 5226 dum
2364 5186 2591 5241 peregre
2623 5170 2851 5230 revolat,
2900 5168 3122 5221 intuens
3154 5167 3385 5236 jugulari
3415 5184 3441 5218 a
3474 5166 3622 5235 regio

2049 5268 2268 5320 alumno
2304 5275 2490 5318 natum
2536 5277 2719 5323 suum,
2752 5276 2878 5315 eum
2938 5258 3110 5313 sensit
3157 5258 3342 5311 animo
3377 5259 3621 5311 dolorem

2050 5374 2213 5428 quem
2289 5359 2531 5411 excitare
2601 5352 2915 5423 spectaculo
2983 5352 3073 5405 tali
3136 5352 3365 5406 aﬂ‘cctus
3413 5351 3623 5419 patrius

2052 5456 2228 5516 potest
2260 5448 2577 5500 maximum.
2629 5444 2707 5498 Ae
2752 5457 2936 5497 secum
2988 5442 3176 5495 iuli'ne
3227 5442 3447 5511 ringens
3480 5441 3625 5493 fren-

2051 5541 2314 5608 densque,
2338 5538 2381 5591 0
2411 5551 2610 5596 mores,
2641 5535 2841 5604 inquit,
2873 5530 3247 5589 intolerabiles
3277 5548 3485 5601 regum,
3507 5533 3618 5601 jus,

2050 5631 2163 5690 fas,
2228 5628 2501 5689 oflicium,
2575 5625 2759 5689 fidem,
2794 5623 3289 5685 necessitudinem,
3322 5622 3618 5675 amicitiam

2052 5722 2190 5779 inf-ra
2237 5736 2389 5775 suam
2442 5719 2715 5771 fortunam
2771 5714 3203 5785 dignitatemque
3255 5712 3613 5766 ducentium!

2052 5816 2095 5872 0
2115 5814 2544 5871 infelicissimam
2569 5812 2653 5867 bis
2676 5810 3105 5875 ministrantium
3136 5816 3361 5873 sortem,
3380 5818 3616 5875 quorum
