4016 6574
440 347 585 412 i335

1877 353 2286 418 APPENDIX.

3558 357 3579 420 ι
3592 357 3697 424 335

428 464 508 519 ilii
559 465 789 521 sudores
850 476 903 522 et
934 468 1400 525 aerumnosissima
1442 469 1707 541 obsequia
1756 469 2007 539 neglectu
2041 474 2082 529 Α
2113 468 2293 539 quoad
2343 467 2581 533 licuerit.
2617 471 2893 540 prmtarita
2944 476 3189 540 paratus.
3239 469 3351 526 Nec
3391 473 3696 533 timendum

425 555 541 612 fere
570 569 1022 630 contemptuque,
1052 575 1322 634 non.raro
1352 563 1518 616 etiam
1546 561 1715 617 exitio
1749 574 2007 616 remune-

426 649 652 703 rantur!
686 650 875 705 deberi
906 651 1008 705 sibi
1037 652 1107 707 ab
1154 654 1409 708 erunibus
1443 654 1542 707 rati
1571 652 1774 717 omnia,
1807 653 2008 707 debere

425 754 485 793 se
509 739 810 809 quidquam
840 741 1099 812 cuiquam
1128 758 1230 798 nec
1271 744 1517 814 cogitare
1559 744 1877 814 dignantur,
1906 759 2009 800 nec

425 831 534 886 dici
564 834 855 890 sustinent.
890 834 1144 892 Libidine
1174 845 1371 892 cuncta
1417 838 1741 904 metiuntur,
1778 853 1843 893 ex
1904 852 2035 916 usu.

424 938 489 979 ac
529 924 710 980 fructu
762 929 1001 998 propriis
1068 940 1264 985 cuncta
1304 932 1615 997 aestimant;
1652 945 1710 986 se
1741 947 1881 986 unos
1922 931 2008 985 in-

422 1027 674 1085 tuentur,
713 1022 819 1075 sibi
857 1024 981 1078 unis
1038 1023 1289 1094 placent;
1343 1026 1427 1080 sui
1464 1028 1624 1080 unice
1672 1042 2006 1099 suarumque

420 1111 744 1167 deliciarum
771 1115 1037 1169 rationem
1061 1116 1507 1188 haberi,aequum
1525 1129 1772 1175 censent.
1802 1119 2007 1190 Exspe-

420 1213 537 1258 ctes
568 1203 638 1258 ab
672 1204 793 1259 istis
823 1206 1052 1276 gratiam
1086 1208 1285 1263 merito
1313 1208 1745 1265 misericordiam
1772 1210 2008 1267 infortu-

419 1294 535 1356 nio,
573 1294 669 1362 qui
705 1311 808 1350 nec
852 1296 1070 1352 veniam
1116 1311 1322 1367 errato,
1360 1317 1461 1355 nec
1489 1303 1761 1372 supplicio
1797 1321 2004 1360 moram

419 1386 704 1456 indulgere
764 1404 1005 1459 unquam
1072 1403 1297 1458 norunt;
1377 1393 1676 1448 multorum
1733 1410 2005 1451 annorum

418 1476 657 1531 servitus
684 1486 741 1531 et
764 1477 1198 1535 laboriosissima
1250 1481 1554 1537 ministeria
1597 1498 1706 1538 uno
1730 1484 1864 1555 ipsis
1892 1500 2010 1541 mo-

416 1575 603 1620 mento
638 1566 772 1620 levis
803 1567 1217 1625 oﬁ'ensiuncula:
1239 1570 1646 1627 oblitterantur.

487 1652 554 1708 ll.
596 1654 721 1711 llaec
774 1656 953 1712 obiter
998 1674 1344 1728 conquerens
1398 1660 1723 1717 admovebat
1773 1678 1832 1719 se
1885 1663 2007 1721 loco

415 1746 666 1816 prOpius;
701 1757 756 1803 at
814 1749 906 1804 ubi
959 1751 1073 1822 jam
1123 1766 1153 1806 e
1202 1752 1386 1807 vicino
1441 1752 1759 1810 distinctius
1817 1755 2002 1812 hausit

2114 574 2266 633 puta,
2298 577 2367 619 ne
2399 565 2494 634 qui
2519 564 2786 620 offensam
2815 564 2891 620 tui
2922 572 3071 619 tanta
3096 579 3256 635 pasna
3279 564 3503 631 luimus,
3532 569 3699 638 quid-

2111 638 2278 722 quam
2319 654 2372 709 in
2405 664 2459 710 tc
2493 654 2777 727 deinceps
2825 657 3170 711 committere
3207 655 3529 723 audeamus,
3584 675 3699 730 quo

2112 741 2298 808 istius,
2345 759 2510 813 quam
2539 761 2665 801 vere
2704 745 2993 816 praedicas,
3023 746 3274 803 Nemesis
3302 749 3607 817 graviorem
3640 752 3699 807 in

2111 851 2213 890 nos
2234 836 2578 893 concitemus
2614 836 2980 894 iracundiam.
3020 839 3098 894 Ad
3140 855 3208 894 ea
3261 842 3701 912 psittacus,Non

2109 926 2329 988 faciam.
2382 926 2582 998 inquit;
2629 938 2856 984 monent
2893 929 3042 986 enim
3095 931 3420 1002 prudentes,
3476 950 3702 1005 semper

2109 1019 2159 1072 ci
2192 1020 2287 1089 qui
2318 1018 2579 1074 damnum
2626 1021 2810 1074 intulit
2852 1020 2923 1075 ab
2976 1021 3299 1077 adversario
3361 1023 3698 1083 incommodi

2109 1112 2319 1180 accepti
2350 1126 2593 1165 memore
2623 1110 2954 1176 cavendum,
2994 1127 3173 1181 eoque
3208 1113 3382 1183 magis
3411 1116 3698 1169 vitandum

2109 1202 2229 1272 ejus
2278 1215 2560 1257 accessum
2594 1217 2703 1271 quo
2753 1201 2845 1256 ille
2885 1201 3203 1257 invitaverit
3241 1203 3557 1259 instantius.
3589 1206 3704 1260 Au-

2110 1293 2218 1348 divi
2281 1305 2339 1349 et
2397 1293 2531 1348 illud
2586 1295 2655 1350 ab
2705 1293 2923 1349 idoneis
3003 1294 3364 1357 auctoribus,
3417 1296 3702 1365 genitores

2108 1384 2342 1455 sapienti
2412 1385 2717 1441 amicorum
2780 1386 2908 1441 loco
2963 1386 3269 1452 habendos,
3333 1388 3536 1444 fratres
3600 1406 3702 1454 pro

2111 1479 2408 1534 comitibus
2441 1479 2675 1544 itineris,
2715 1494 2942 1535 uxorem
2976 1495 3075 1549 pro
3110 1480 3518 1547 contubernali,
3556 1479 3703 1537 ﬁlios

2109 1585 2209 1641 pro
2241 1570 2539 1627 tabellariis
2568 1573 2891 1627 memoriam
2935 1572 3108 1642 patris
3146 1570 3215 1626 ad
3242 1580 3494 1642 posteros
3523 1573 3705 1642 perla-

2111 1662 2269 1729 turis,
2303 1661 2446 1719 ﬁlias
2491 1672 2553 1718 ut
2596 1664 2942 1719 adversaries
2996 1663 3054 1719 in
3101 1664 3198 1721 lite
3247 1663 3700 1730 considerandas,

2109 1768 2390 1825 cognatos,
2429 1765 2490 1811 ut
2536 1755 2881 1812 feneratores
2907 1756 3108 1811 acriter
3147 1763 3462 1826 repetentes
3491 1756 3699 1821 debita,

416 1839 597 1893 oculis
626 1840 800 1895 diram
835 1842 1075 1911 speciem
1111 1845 1383 1900 cruentati
1414 1845 1727 1917 abjectique
1755 1861 1821 1902 ac
1870 1864 2001 1903 cru-
2032 1825 2071 1881 Β
2103 1864 2161 1904 se
2192 1848 2392 1918 ipsum,
2417 1856 2479 1905 ut
2518 1850 2825 1904 solitarium
2846 1850 3004 1907 omni
3053 1847 3350 1904 aﬁ‘ectuum
3391 1849 3696 1903 necessitu~

415 1929 614 1985 deliter
639 1932 709 1986 ab
741 1933 884 1988 irato
941 1935 1118 1991 ultore
1165 1937 1359 1992 calcati
1399 1937 1709 2005 charissimi
1761 1940 1996 2010 capitis,

415 2020 472 2076 in
509 2037 600 2077 eas
635 2023 806 2080 furias
840 2018 1081 2092 'exarsit,
1125 2037 1185 2082 ut
1219 2029 1275 2082 in
1330 2030 1540 2100 regium
1581 2030 1836 2086 involans
1866 2046 2000 2101 pue—

414 2129 537 2167 rum
588 2127 772 2171 rostro
815 2118 868 2173 ei
926 2128 1093 2189 atque
1126 2114 1428 2192 'unguibus
1466 2122 1723 2178 eﬁ'oderit
1787 2124 1997 2191 oculos,
2046 2118 2053 2124 ’

415 2204 586 2270 Habe,
618 2208 892 2277 inquiens,
925 2213 1071 2280 quod
1121 2222 1172 2268 te
1218 2214 1441 2284 dignum
1484 2224 1587 2279 est,
1627 2215 1784 2279 dure,
1816 2215 2000 2270 immi-

413 2299 671 2364 sericors,
724 2300 1095 2371 ingratissime
1138 2322 1151 2359 :
1207 2307 1346 2360 tanti
1387 2308 1654 2378 temporis
1701 2309 2002 2364 contuber-

415 2390 591 2454 nium,
640 2400 747 2445 tam
795 2390 1081 2450 familiaris
1114 2395 1338 2467 hospitii
1371 2399 1855 2466 necessitudinem,
1892 2408 2001 2456 tam

418 2491 620 2538 tenerae
671 2485 926 2540 amicitiae
970 2488 1092 2558 jura
1139 2488 1456 2544 dulcissima
1508 2505 1614 2545 non
1646 2491 1871 2562 impune
1920 2493 2004 2548 in-

352 2575 358 2580 ’
416 2573 576 2626 lands
611 2567 950 2631 humanitate
981 2578 1259 2647 pollueris.
1299 2579 1418 2633 Sub
1454 2579 1570 2635 lucc
1606 2580 1832 2637 audacis
1874 2598 2005 2639 con-

414 2664 564 2719 scius
592 2664 726 2720 facti
751 2667 807 2720 in
834 2682 1046 2722 summa
1082 2670 1212 2740 regii
1248 2671 1492 2726 viridarii
1514 2672 1708 2728 arbore
1729 2674 2000 2741 consedit,

417 2757 607 2811 lruens
663 2756 793 2812 inde
826 2761 1140 2829 spectaculo
1173 2761 1559 2816 tumultuantis
1614 2764 1749 2818 anhe
1800 2764 1867 2818 ad
1904 2780 2004 2820 ca-

416 2865 541 2903 sum
590 2850 1009 2906 acerbissimum
1057 2854 1210 2923 pueri
1244 2854 1529 2923 principis.
1582 2856 1830 2910 Accurrit
1863 2856 2007 2912 inter

414 2942 651 3011 ejulatus
715 2946 1071 3001 nutritiorum
1137 2956 1194 3001 ct
1257 2948 1599 3003 cursationcs
1637 2948 2004 3018 satagentium

415 3034 621 3089 frustra
649 3037 947 3091 satellitum
980 3039 1324 3093 exanimatus
1379 3054 1509 3094 rex:
1550 3047 1607 3095 et
1665 3040 1837 3094 ﬁlium
1886 3055 2006 3093 am-

2104 1940 2233 1995 dine
2258 1940 2521 1995 solutum.
2546 1942 2640 1997 llis
2672 1958 2774 2013 ego
2805 1941 3140 2013 praescriptis
3165 1942 3497 2012 obsequens,
3546 1954 3705 1996 rece-

2105 2032 2236 2086 dere
2269 2031 2326 2086 in
2360 2032 2716 2088 solitudinem
2750 2037 2943 2090 statui.

2178 2120 2269 2176 Ill.
2325 2121 2612 2178 Adversus
2656 2138 2722 2179 ea
2762 2140 2857 2178 rex
2889 2141 2904 2178 :
2957 2124 3014 2181 Si
3043 2138 3075 2179 a
3110 2132 3164 2180 te
3206 2121 3513 2193 profectum
3553 2128 3703 2177 esset

2109 2216 2240 2270 rixa:
2267 2230 2332 2272 ac
2365 2231 2520 2272 noxas
2548 2216 2790 2283 initium,
2824 2217 2947 2289 jure
2981 2216 3146 2272 nobis
3181 2215 3350 2272 ﬁdere
3396 2224 3697 2279 metueres;

2109 2322 2259 2362 nunc
2299 2321 2424 2362 cum
2475 2308 2640 2378 hujus
2697 2307 2843 2376 quod
2890 2308 3088 2363 incidit
3146 2306 3484 2363 incommodi
3543 2306 3701 2376 origo

2108 2411 2159 2455 et
2208 2402 2371 2471 culpa
2424 2401 2604 2470 (quod
2660 2400 2859 2456 dolens
2894 2400 3292 2472 ,pmnitensquc
3340 2399 3547 2462 fateor)
3601 2411 3701 2452 no-

2116 2502 2229 2546 stra
2264 2490 2356 2551 sit,
2408 2490 2540 2560 quid
2566 2491 2750 2546 obstat
2782 2493 3078 2560 quominus
3116 2490 3310 2545 credas
3335 2489 3700 2545 invitantibus

2086 2568 2313 2640 'nobis?
2332 2584 2411 2639 Ad
2442 2600 2505 2639 ca
2530 2585 2798 2657 psittacus
2823 2601 2837 2639 :
2865 2584 3126 2640 Memoria
3167 2585 3496 2639 damnorum
3544 2598 3702 2638 acce-

2112 2690 2333 2750 ptorum
2391 2679 2499 2733 alta
2553 2679 2815 2734 cordibus
2863 2678 3039 2750 inﬁgit
3069 2680 3321 2743 vulnera,
3370 2676 3701 2747 neclingna:

2111 2787 2329 2840 semper
2349 2786 2511 2825 veros
2541 2773 2807 2826 mentium
2831 2772 3148 2841 exprimunt
3175 2785 3408 2834 sensus;
3434 2770 3698 2839 quocirca

2111 2863 2280 2916 verba
2318 2874 2411 2916 tua
2440 2862 2601 2917 ﬁdem
2653 2862 2799 2933 apud
2851 2879 2938 2918 me
2988 2878 3100 2917 non
3149 2861 3376 2916 habent.
3426 2862 3698 2930 Reposuit

2114 2954 2200 3009 his
2232 2971 2371 3009 rex;
2404 2954 2541 3010 Male
2570 2954 2639 3009 de
2692 2969 2778 3009 me
2817 2955 3083 3026 opinaris,
3138 2953 3389 3024 psittace,
3415 2954 3512 3024 qui
3554 2954 3701 3010 scias

2115 3046 2422 3116 sapientem
2469 3046 2651 3100 virum
2725 3061 2944 3101 omnem
3006 3045 3275 3100 adbibere
3341 3058 3568 3114 operam
3638 3058 3701 3099 ut

415 3129 630 3199 Ριειιιεν
700 3130 995 3200 ablulaque
1047 3133 1420 3202 nequidquam
1500 3134 1695 3201 patriis
1750 3135 2005 3206 lacrymis
2032 3176 2073 3231 ο
2114 3151 2352 3209 acceptae
2380 3140 2592 3208 injuria:
2621 3140 2939 3192 memoriam
2966 3153 3031 3192 ex
3054 3139 3240 3191 animo
3267 3137 3531 3207 stirpitus
3550 3136 3700 3191 evel-

413 3224 669 3280 excmcati
705 3223 865 3294 pueri»
900 3224 1129 3295 prop-rio
1157 3225 1353 3279 fwtlata
1386 3240 1580 3278 cruore
1633 3224 1791 3288 facie,
1849 3224 2003 3280 fene-

413 3324 541 3370 stra:
591 3330 649 3370 se
706 3316 1024 3379 adtttOvens,
1076 3332 1142 3370 ex
1197 3330 1259 3371 ea
1327 3316 1685 3384 conspicuum
1722 3328 2004 3373 auctorem

413 3392 587 3461 cladis
641 3407 897 3461 simulata
951 3407 1271 3477 ignoscendi
1297 3407 1666 3477 promissione
1691 3407 1759 3461 ad
1826 3423 1885 3462 se
1948 3416 2006 3464 ut

413 3500 686 3555 revolaret
748 3499 950 3554 institit
1012 3500 1245 3554 hortari.
1317 3499 1419 3555 Cui
1477 3501 1762 3569 psittacus,
1819 3500 2008 3570 fugere

358 3604 365 3605 '
414 3601 599 3648 certus
629 3593 756 3647 inde
785 3608 949 3663 quam
1002 3592 1342 3663 longissime,
1397 3593 1486 3647 ubi
1541 3609 1607 3645 ea
1634 3602 1751 3647 tuto
1791 3592 2009 3647 aﬁlictis

414 3687 669 3742 hostibus
722 3686 1016 3751 insultans,
1050 3686 1326 3756 explesset
1382 3686 1623 3739 animum
1661 3701 1801 3739 saeva
1850 3688 2012 3740 satie-

414 3787 525 3834 tate
543 3777 824 3846 vindictze,
847 3780 1113 3848 Agnosce,
1151 3794 1265 3841 rex,
1291 3777 1385 3840 ait,
1417 3778 1647 3848 justam.
1672 3778 1781 3831 vim
1810 3778 2012 3832 Nemc-

414 3870 493 3925 sis
522 3870 759 3935 ultricis,
819 3870 978 3941 cujus
1004 3870 1316 3940 exemplum
1364 3870 1421 3924 in
1456 3866 1713 3924 familiari
1746 3870 1841 3924 tibi
1865 3867 2013 3939 capi.

416 3969 470 4016 te
492 3961 666 4018 habes
720 3961 1113 4018 domesticum.
1176 3961 1399 4016 Nullum
1444 3962 1537 4015 illa
1582 3963 1739 4016 nefas
1773 3962 2014 4032 impuni-

416 4063 532 4107 tum
560 4051 716 4118 sirit,
765 4067 990 4107 veretur
1020 4051 1318 4119 nemiuem,
1352 4052 1557 4107 nullius
1591 4068 1725 4123 epes
1761 4052 2016 4108 reformi-

415 4147 503 4201 dat
536 4161 551 4212 ;
583 4161 653 4200 ne
683 4156 865 4201 vestra
900 4146 1123 4215 quidem
1146 4146 1511 4215 superborum
1553 4162 1738 4217 regum
1769 4129 2016 4216 superci-

417 4241 552 4295 liosa
584 4241 871 4311 majestate
916 4240 1234 4294 deterretur
1261 4254 1330 4294 ne
1379 4239 1651 4309 supplicia
1707 4240 2014 4294 sceleribus

415 4314 663 4403 adaeqne‘t
696 4331 839 4386 natis
865 4332 1029 4386 etiam
1062 4331 1119 4385 in
1153 4346 1416 4402 purpura.
1469 4331 1662 4385 Serius
1686 4346 1858 4401 ocyns
1886 4343 2013 4384 suas

414 4422 614 4493 cuique
646 4422 796 4477 vices
825 4422 1025 4487 reddit,
1053 4437 1154 4476 nec
1183 4422 1423 4491 pessima
1442 4420 1687 4474 conditio
1706 4436 1896 4473 eorum
1930 4425 2015 4472 est

2107 3230 2185 3287 lat
2235 3246 2357 3287 suo.
2395 3230 2601 3286 Contra
2649 3230 2765 3284 hrcc
2832 3230 3119 3300 psittacus,
3156 3229 3252 3285 Est
3304 3232 3555 3294 omnino,
3611 3239 3697 3284 est

2107 3325 2211 3390 ita,
2254 3334 2316 3379 ut
2358 3323 2519 3388 dicis,
2550 3338 2667 3388 rex,
2696 3309 2969 3393 velimque
2995 3332 3086 3377 tua
3116 3337 3281 3377 causa
3316 3322 3570 3385 credere,
3620 3332 3695 3388 te,

2108 3420 2277 3482 prout
2309 3409 2577 3481 sapientis
2602 3410 2757 3481 jubet
2808 3410 3070 3475 oﬁicium,
3105 3411 3295 3467 conari
3322 3412 3509 3467 damni
3545 3412 3693 3481 quod

2108 3519 2301 3575 passus
2329 3519 2388 3559 es
2414 3503 3048 3573 ohlitterareimaginem
3078 3521 3144 3561 ex
3176 3515 3397 3569 mente;
3429 3516 3688 3560 cartorum

2108 3610 2176 3650 an
2203 3596 2346 3666 quod
2377 3595 2597 3650 conaris
2620 3596 2694 3649 sis
2724 3594 3070 3664 perfecturus
3093 3594 3307 3658 dubito,
3342 3604 3399 3648 et
3437 3612 3544 3649 non
3573 3595 3695 3650 sine

2110 3704 2277 3745 causa
2303 3704 2496 3744 vereor
2534 3698 2591 3742 ut
2625 3688 2801 3758 possis
2827 3706 2841 3741 :
2869 3703 3040 3758 quare
3084 3688 3203 3742 sine
3235 3701 3319 3739 me
3358 3686 3413 3739 in
3443 3686 3547 3738 ista
3578 3700 3695 3738 am-

2113 3780 2279 3850 biguo
2329 3779 2466 3834 mihi
2520 3779 2833 3835 consulere.
2873 3776 3030 3832 Multi
3089 3776 3255 3832 nimis
3299 3774 3445 3830 facili
3498 3775 3695 3829 alienas

2113 3870 2515 3927 moderationis
2557 3870 2760 3926 ﬁducia
2796 3870 3107 3941 perierunt,
3139 3868 3270 3924 dum
3325 3883 3392 3922 ex
3430 3882 3532 3922 sua
3564 3883 3696 3921 con-

2112 3962 2343 4018 scientia
2398 3962 2674 4018 aestimant
2699 3962 2857 4027 alios,
2892 3961 3037 4032 passi
3097 3959 3245 4031 quod
3301 3958 3693 4029 elephanlibus

2113 4056 2397 4111 indomitis
2427 4055 2742 4126 frequenter
2789 4054 3015 4117 accidit,
3045 4068 3185 4123 quos
3214 4052 3452 4117 cicures,
3499 4063 3694 4120 sapere

2114 4164 2239 4205 cum
2292 4148 2426 4219 ipsis
2472 4148 2624 4218 paria
2661 4147 2882 4213 crediti,
2917 4148 2971 4202 in
3014 4145 3241 4201 insidias
3270 4143 3691 4214 pertrahentes,

2114 4241 2367 4297 servituti
2428 4238 2714 4294 hominum
2774 4240 3117 4308 mancipant.
3169 4237 3374 4292 Contra
3416 4236 3536 4291 hac
3574 4250 3691 4298 rex,

2118 4334 2233 4398 Vir,
2274 4334 2373 4397 ait,
2432 4333 2706 4403 ingenuus
2727 4342 2785 4388 et
2828 4332 3075 4387 liberalis
3125 4328 3327 4384 indolis
3364 4344 3474 4383 non
3516 4336 3695 4383 mutat

2118 4426 2173 4479 in
2203 4426 2357 4496 pejus
2404 4440 2613 4489 mores,
2652 4439 2755 4478 nec
2779 4422 3036 4477 amicitia:
3061 4422 3151 4492 jus
3179 4421 3364 4486 violat,
3398 4418 3692 4475 nec-ﬁdem

413 4530 554 4587 quos
606 4514 858 4569 celeriter
892 4513 1196 4579 ulciscitur,
1230 4529 1261 4568 e
1302 4514 1505 4583 quibus
1566 4522 1651 4566 est
1679 4522 1804 4566 tnus
1861 4512 2002 4564 ﬁlius
2036 4515 2079 4569 ο
2109 4517 2249 4572 fallit
2277 4518 2458 4571 datam
2486 4514 2858 4586 :abjectarum
2882 4514 2999 4567 hrec
3029 4514 3162 4567 vitia
3191 4521 3510 4567 naturarum
3542 4523 3693 4569 sunt.

415 4609 472 4664 in
529 4605 783 4678 ﬂagranti
841 4605 1070 4675 perﬁdia
1117 4619 1454 4675 oppressus;
1503 4604 1766 4657 dilatione
1813 4614 2005 4671 pinnas

413 4712 621 4775 auget,
654 4715 718 4755 ac
748 4698 938 4774 fenore
988 4707 1384 4753 tormentorum
1422 4697 1664 4750 tolerata:
1696 4695 1789 4748 ditt
1832 4694 2005 4763 culpae

411 4805 615 4852 sortem
673 4800 985 4863 exaggerat,
1038 4790 1177 4846 adeo
1227 4801 1284 4844 ut
1343 4805 1484 4861 quos
1543 4788 1851 4857 ineXpiatos
1896 4786 2007 4840 vita

413 4885 709 4949 dimiserit,
771 4883 1125 4953 sempiternis
1152 4881 1620 4937 immiserabiliter
1670 4876 2009 4934 cruciatibus

413 4980 652 5036 addicat.
708 4979 841 5034 Erat
898 4977 1099 5048 unguis
1167 4976 1222 5030 in
1284 4976 1466 5030 ulcere
1514 4974 1762 5029 ardentis
1820 4971 2008 5025 dolore

413 5071 558 5144 regis
609 5070 1001 5141 intempestiva
1051 5068 1275 5141 psittaei
1328 5066 1697 5136 philosophia,
1738 5080 1848 5135 qua
1892 5064 2006 5128 ille,

414 5173 476 5221 ut
504 5163 761 5220 irrisione
804 5161 912 5227 sui,
945 5175 1265 5232 quanquam
1292 5160 1684 5229 indignabatur
1715 5157 2011 5210 vehemen-

415 5258 546 5324 tius,
574 5257 781 5329 pressit
824 5240 1006 5312 tamcn
1042 5253 1259 5323 indicia
1300 5252 1633 5323 ignescentis
1681 5247 2011 5304 aestuosissi-

412 5364 503 5404 me
532 5347 761 5411 furoris,
788 5359 846 5402 et
882 5360 941 5402 se
964 5358 1301 5415 componens
1328 5343 1384 5397 in
1408 5340 1871 5404 moderationem,
1901 5352 2011 5407 qua

414 5452 604 5514 posset
659 5441 874 5497 hostem
949 5438 1159 5502 fallere,
1222 5444 1440 5508 pacato,
1490 5443 1756 5504 quantum
1810 5431 2010 5502 potuit:

414 5535 571 5588 vultu
607 5532 941 5603 respondit:
997 5531 1220 5586 Minime
1273 5529 1529 5598 attlbigua
1576 5534 1632 5580 tu
1695 5525 1917 5589 quidem
1955 5532 2011 5577 et

417 5606 507 5681 me
539 5639 759 5695 quoque
798 5623 1004 5679 fatente
1033 5637 1163 5677 vera
1203 5619 1468 5690 loqueris,
1516 5633 1626 5688 quo
1655 5618 1773 5687 ipso
1799 5615 2016 5671 deside.

420 5721 564 5776 rium
604 5734 772 5788 auges
810 5717 888 5773 tui
929 5716 1160 5780 reditus,
1195 5729 1263 5769 ne
1310 5725 1418 5766 tam
1473 5710 1704 5781 sapienti
1740 5709 2013 5763 monitore

420 5827 659 5868 caream.
696 5810 895 5878 Quare,
933 5825 1031 5865 oro
1072 5817 1145 5872 te,
1190 5822 1255 5861 ne
1291 5822 1387 5859 ﬂ‘iS
1414 5804 1655 5867 deseras,
1688 5800 2012 5881 emendare,

2113 4608 2416 4678 Respondit
2444 4610 2709 4677 psittacus
2741 4625 2754 4660 :
2793 4605 3049 4660 Memoria
3080 4604 3264 4659 damni
3297 4607 3508 4675 accepti
3539 4620 3698 4662 acres

2114 4705 2167 4756 in
2199 4702 2521 4770 qttorumvis
2549 4702 2748 4754 animis
2777 4710 2960 4754 motus
3000 4698 3132 4760 eiet.
3186 4697 3347 4769 longe
3392 4699 3695 4756 acerrimos

2115 4794 2169 4848 in
2203 4808 2392 4862 regum
2425 4792 2720 4846 mentibus.
2749 4789 2817 4843 lii
2856 4790 3008 4869 enim
3059 4791 3114 4843 in
3143 4788 3481 4859 gravissimis
3520 4791 3695 4845 malo-

2115 4902 2238 4941 rum
2264 4899 2558 4939 numerarc
2586 4884 2763 4938 solent
2798 4882 2984 4938 vivere
3009 4882 3267 4946 inultum,
3298 4881 3508 4951 glorias,
3538 4883 3698 4952 cujus

2116 4988 2246 5034 sunt
2278 4977 2605 5044 avidissimi,
2643 4984 2855 5046 partem
2911 4975 2997 5029 vel
3049 4975 3339 5029 maximam
3367 4975 3422 5029 in
3454 4974 3697 5029 vindicta

2117 5082 2468 5143 reponentes.
2498 5071 2757 5141 ignosces
2805 5067 2973 5138 igitur
2996 5068 3039 5122 si
3070 5077 3249 5121 tutum
3276 5066 3410 5120 mihi
3456 5082 3565 5121 non
3599 5082 3699 5137 pu-

2121 5172 2228 5220 tem
2274 5164 2340 5217 ad
2386 5164 2542 5216 vivas
2594 5160 2859 5230 quasdam
2916 5160 2972 5214 in
3019 5158 3185 5214 corde
3219 5169 3314 5212 tuo
3358 5173 3564 5227 prunas
3606 5162 3697 5212 ira

2120 5256 2411 5310 admovere
2443 5253 2725 5308 materiam
2758 5250 3096 5321 imprudenti
3149 5250 3507 5319 usurpatione
3547 5249 3701 5318 prius

2121 5355 2313 5416 caput
2363 5344 2754 5399 familiaritatis
2785 5354 2966 5396 tecum
3014 5358 3169 5406 meae,
3199 5342 3424 5411 quando
3442 5356 3546 5396 nec
3579 5356 3701 5409 pre-

2124 5454 2215 5494 ces
2253 5438 2425 5492 irrita:
2456 5452 2555 5497 nec
2584 5451 2722 5490 serie
2760 5433 3160 5489 obtestationes
3216 5448 3353 5488 mea:
3383 5433 3699 5487 incendium

2122 5549 2153 5588 a
2181 5548 2269 5587 me
2299 5548 2407 5600 quo
2436 5544 2793 5585 consumerer
2818 5536 3093 5582 arcerent.
3137 5525 3378 5596 Optima,
3419 5524 3466 5580 si
3500 5526 3700 5594 nescis,

2124 5625 2190 5680 ad
2219 5624 2514 5679 curandam
2547 5622 2761 5693 injuriae
2810 5620 3132 5685 memoriam
3176 5618 3449 5674 medicina
3495 5628 3581 5673 est
3612 5621 3705 5673 ab-

2126 5718 2303 5773 sentia
2335 5718 2551 5786 injuria:
2589 5714 2853 5768 auctoris.
2890 5713 3021 5767 Eam
3079 5713 3179 5766 tibi
3230 5713 3529 5766 admovere
3577 5727 3607 5765 a
3653 5721 3705 5765 te

2126 5807 2433 5863 rccedendo
2458 5806 2653 5877 cppio;
2691 5822 2812 5859 nam
2840 5803 2984 5858 coire
3005 5810 3058 5857 et
3089 5803 3402 5857 cicatricem
3426 5803 3705 5856 obducere
