4016 6608
433 435 450 498 1
466 435 566 498 337

425 550 730 610 istiusmodi
775 549 996 604 vulnera
1039 550 1093 604 in
1128 549 1246 620 ejus
1291 552 1384 620 qui
1411 551 1538 605 fecit
1565 561 1859 620 conspectu
1896 570 1990 606 ne-
2021 561 2064 614 Α

423 650 652 714 queunt.
674 643 874 711 Atque.
911 651 1032 695 utut
1059 642 1126 696 de
1173 651 1224 697 te
1257 642 1348 699 sit.
1370 658 1488 695 mea
1512 643 1644 697 mihi
1664 657 1826 697 causa
1855 642 1984 709 quid

422 749 584 804 agere
622 733 849 787 debeam
899 747 1005 785 non
1042 742 1125 786 est
1165 731 1483 787 obscurum.
1532 732 1664 787 Nam
1720 734 1800 785 vel
1847 733 1890 786 si
1929 742 1983 786 tu

425 836 530 879 tam
562 825 879 880 moderatus
905 841 1066 895 quam
1099 827 1180 880 vis
1210 826 1562 892 persuadere,
1618 825 1840 881 futurus
1885 826 1984 890 sis,

423 927 600 971 tamen
655 934 754 986 ego
802 929 980 972 tecum
1031 919 1298 972 solliiitus
1344 919 1621 979 viverem,
1677 918 1881 987 quippe
1931 929 1988 972 et

421 1010 662 1064 animum
717 1011 971 1079 ignorans
1016 1021 1191 1076 tuum,
1251 1019 1304 1065 et
1357 1012 1708 1079 quantumvis
1766 1022 1910 1065 esset
1943 1013 1986 1067 is

419 1104 632 1172 qualem
692 1113 962 1172 optarem,
1016 1104 1162 1172 jure,
1210 1120 1275 1157 ne
1333 1114 1658 1166 mutaretur,
1710 1113 1981 1159 metuens.

419 1196 614 1249 Desine
654 1195 820 1264 igitur
889 1197 1120 1249 invitare
1171 1212 1254 1250 me
1314 1196 1380 1249 ad
1437 1197 1747 1250 convictum
1782 1205 1982 1260 tecum,

417 1290 728 1343 necessario
757 1290 890 1343 mihi
915 1291 1216 1359 suspiciose
1261 1291 1504 1356 anxium,
1536 1299 1588 1344 et
1610 1307 1707 1361 per
1739 1293 1839 1344 hoc
1873 1307 1987 1344 mo-

417 1379 765 1433 lestissimum
819 1382 1098 1446 futurum;
1158 1383 1295 1435 nihil
1349 1396 1532 1437 autem
1596 1386 1840 1438 omnium
1886 1386 1982 1441 tibi

412 1472 564 1536 iuxta
585 1474 830 1542 mihique
848 1476 1136 1530 consulere
1162 1491 1380 1544 possum
1416 1477 1625 1540 utilius,
1650 1493 1810 1545 quam
1837 1478 1986 1546 fuge-

415 1580 472 1619 re
514 1565 938 1635 longissimeque
1009 1583 1038 1620 a
1079 1568 1235 1621 vobis
1280 1568 1600 1622 abscedere.
1649 1569 1800 1639 Ergo,
1837 1573 1984 1626 sa‘ve

413 1658 546 1712 mihi
578 1669 861 1723 adernum,
895 1670 946 1714 et
967 1663 1105 1716 vale.

483 1750 797 1805 lV.Sustine
824 1752 1004 1805 adhuc
1026 1752 1326 1821 paululum,
1361 1768 1454 1806 rex
1489 1752 1686 1821 inquit,
1727 1763 1781 1806 et
1805 1756 1981 1824 cogita

413 1845 619 1898 nullam
659 1845 916 1914 imputari
962 1861 1121 1915 posse
1160 1862 1187 1900 a
1238 1861 1323 1899 me
1357 1845 1451 1899 tibi
1482 1846 1808 1900 calamitatis
1848 1862 1980 1900 nime

413 1947 616 2005 partem
665 1947 760 1994 aut
806 1954 872 1994 eo
935 1938 1154 1993 nomine
1195 1939 1426 2007 culpari.
1466 1939 1590 1992 Scio
1638 1940 1782 1992 enim
1827 1938 1977 1993 fatali

411 2042 605 2087 cuncta
631 2036 956 2087 necessitate
977 2031 1714 2102 eontingere.lnevitahiliter
1738 2031 1802 2084 ad
1824 2032 1980 2101 quid-

412 2128 493 2180 vis
527 2127 742 2190 horum,
768 2141 888 2195 quae
923 2126 1037 2179 fieri
1068 2125 1340 2187 videmus,
1372 2126 1464 2194 qui
1489 2132 1656 2194 agunt
1690 2124 1978 2192 rapiuntur

411 2218 644 2272 efficacia
693 2217 1038 2272 decretorum
1071 2225 1425 2270 aeternorum.
1455 2216 1628 2270 Νυκυὶ
1662 2216 1979 2270 robustissi-

410 2325 496 2361 mo
527 2309 892 2361 adamantinae
933 2315 1138 2360 catena:
1179 2306 1303 2375 quis
1354 2313 1561 2359 tractus
1601 2305 1850 2359 mortalis
1879 2304 1973 2357 ob-

408 2399 930 2453 luctetur?Nullum
992 2398 1180 2468 igitur,
1235 2408 1329 2452 aut
1381 2407 1558 2461 tuum,
1601 2408 1695 2453 aut
1725 2398 1974 2490 meiJilii

407 2492 612 2546 crimen
664 2503 766 2545 est.
801 2490 1035 2544 Ministri
1085 2489 1263 2543 fuistis
1305 2491 1468 2543 ambo
1529 2506 1635 2544 non
1679 2491 1972 2544 voluntarii

408 2583 661 2642 fatorum,
686 2584 827 2651 quod
857 2583 1027 2634 multo
1059 2589 1187 2634 ante
1216 2590 1509 2634 sanxerant
1530 2581 1970 2650 exsequentium.

408 2675 696 2729 Parcarum
734 2690 927 2742 nempe
959 2673 1013 2726 in
1075 2673 1341 2726 tabulario
1382 2689 1489 2727 rere
1531 2674 1714 2728 incisa:
1765 2675 1971 2728 dudum

408 2777 606 2822 aeterm)
636 2777 740 2819 tuae
773 2765 939 2833 prolis
985 2779 1153 2826 mors,
1201 2765 1493 2818 exczecatio
1537 2781 1669 2818 meae
1718 2767 1971 2829 stabant;

370 2903 372 2905 _
422 2873 748 2926 gnoseamus
788 2858 946 2912 nobis
999 2867 1188 2912 mutuo
1246 2857 1484 2910 alienum
1539 2858 1765 2912 crimen.
1813 2858 1968 2923 Vetti,

406 2967 503 3004 nec
530 2952 678 3012 time,
732 2949 892 3002 amici
947 2958 1005 3003 ut
1057 2950 1211 3020 prius
1256 2949 1482 3002 erimus.
1538 2949 1818 3004 Adversus
1858 2952 1972 3005 haec

406 3045 703 3098 osittacus:
738 3042 1087 3105 llorribilem,
1135 3043 1336 3110 inquit,
1387 3041 1635 3102 disseris,
1682 3058 1783 3096 nec
1835 3043 1966 3095 mihi

401 3136 716 3190 credibilem
792 3133 1220 3204 philosophiam;
1297 3149 1399 3203 ego
1463 3134 1738 3204 magistris
1823 3135 1964 3188 haud

401 3229 561 3299 paulo
633 3227 952 3281 melioribus
1011 3227 1332 3282 assentior:

400 3322 560 3374 trium
589 3331 834 3374 nostrum
866 3335 984 3374 esse
1007 3321 1238 3390 vitaeque
1257 3330 1459 3374 sortem
1493 3319 1547 3372 in
1573 3334 1672 3373 sua
1702 3319 1966 3389 cujusque

399 3429 562 3467 manu
605 3413 858 3481 positam,
902 3420 962 3465 ut
1002 3411 1234 3466 felicitas
1279 3426 1344 3464 ac
1402 3411 1641 3472 miseria,
1675 3421 1842 3473 recte,
1873 3419 1968 3464 aut

397 3519 556 3558 seeus
612 3502 920 3556 voluntaria
984 3506 1226 3556 motione
1285 3503 1658 3556 consultorum
1719 3505 1964 3572 reputari

397 3594 607 3649 fructus
633 3596 889 3650 debeant.
920 3593 1074 3660 Quod
1104 3593 1156 3647 si
1196 3592 1278 3647 vel
1313 3593 1414 3648 hoc
1452 3593 1765 3647 admiserim
1818 3593 1963 3663 quod

395 3685 642 3754 disputas
670 3687 813 3753 (nam
855 3685 1030 3738 fateor
1060 3683 1115 3736 in
1153 3697 1215 3738 ea
1248 3683 1449 3736 multos
1491 3683 1762 3738 sententia
1796 3684 1965 3738 lia-re-

397 3783 500 3844 re),
531 3788 710 3830 tamen
744 3776 949 3832 veritus
979 3790 1047 3829 ne
1086 3777 1142 3830 in
1171 3777 1274 3830 ista
1304 3791 1522 3844 quoque
1555 3775 1789 3830 fatorum
1821 3777 1963 3830 serie

396 3869 560 3924 ﬁxum
587 3871 655 3923 sit
685 3878 736 3924 te
768 3868 902 3922 mihi
941 3868 1222 3938 perjurum
1271 3866 1407 3930 fore,
1451 3882 1558 3920 non
1602 3869 1959 3930 committam,

397 3970 456 4015 ut
507 3961 561 4015 in
605 3975 778 4014 meam
807 3959 1122 4022 ‘perniciem
1163 3957 1445 4026 cooperari
1490 3956 1615 4011 fatis
1665 3959 1960 4026 prmbendo

396 4052 492 4106 tibi
555 4053 662 4106 mei
720 4050 986 4121 perdendi
1035 4049 1500 4119 Opportunitatem
1555 4065 1742 4103 coner.
1812 4050 1959 4105 Veiis

395 4147 578 4216 potius
624 4153 680 4198 et
728 4143 894 4198 remis
929 4157 1012 4195 me
1065 4141 1119 4194 in
1164 4157 1325 4210 quam
1363 4141 1735 4194 diversissima
1785 4141 1962 4210 prori-

396 4239 566 4308 piam,
595 4221 1070 4306 interpretansque
1097 4234 1150 4287 in
1182 4234 1420 4287 favorem
1449 4249 1630 4288 meum
1666 4234 1958 4302 providen-

393 4333 522 4388 tiam
558 4339 841 4392 reternam,
886 4327 1031 4381 fatali
1066 4328 1185 4397 ejus
1214 4327 1329 4394 lege
1356 4336 1574 4379 cautum
1621 4327 1954 4391 arbitrabor,

392 4434 452 4479 ut
479 4438 581 4492 ego
616 4422 668 4476 in
703 4421 840 4475 locis
889 4435 918 4473 a
972 4429 1061 4473 tua
1113 4418 1319 4472 ditione
1374 4418 1755 4471 remotissimis
1801 4433 1958 4472 secu-

391 4531 507 4570 ram
539 4514 831 4568 incolumis
866 4513 1030 4566 vitam
1067 4511 1282 4580 degant.
1331 4509 1650 4574 Quanquam
1696 4509 1950 4578 equidem

1325 437 1699 496 Sl’EClMEN
1737 434 2166 496 SAPlENTLE
2205 438 2561 500 INDORUM
2598 442 2761 503 VET.

3533 454 3666 520 1338

2172 549 2232 608 V.
2272 555 2576 624 Respondit
2624 559 2690 613 ad
2749 575 2810 614 ea
2859 577 2950 616 rex
2993 580 3006 616 :
3057 563 3211 630 Quod
3256 566 3324 624 de
3353 577 3404 624 te
3451 569 3644 628 fateris

2093 644 2334 712 opinaris
2371 645 2436 700 de
2469 663 2576 710 tne,
2621 651 2945 719 probrosum
2984 656 3200 724 utrique
3253 671 3357 715 est.
3387 661 3658 721 Bonorurr

2091 733 2238 827 enim
2268 750 2330 789 ac
2383 739 2691 806 sapientum
2733 753 2815 797 est
2853 745 2904 798 in
2951 759 3215 813 potestate
3263 753 3464 808 habere
3506 758 3648 827 cupi-

2091 821 2310 887 ditates,
2343 844 2441 882 nec
2476 832 2704 901 obsequi
2730 836 2812 889 δαὶ
2841 840 3018 892 ctibus
3052 857 3172 895 (‘lllll
3206 844 3270 897 ad
3315 847 3521 916 aliquid
3567 821 3658 903 im-

2094 917 2299 983 pellunt
2327 921 2521 974 rationi
2549 939 2655 975 non
2690 938 3139 996 consentaneum;
3167 943 3222 986 et
3254 951 3354 1004 ego
3409 936 3574 1006 igitur
3609 949 3659 992 et

2094 1015 2172 1064 tu,
2195 1013 2543 1074 quantumvis
2567 1030 2882 1071 recurrente
2906 1025 3163 1076 memoria
3187 1026 3445 1091 cladium,
3477 1041 3659 1086 mutur

2089 1110 2272 1150 amare
2299 1102 2618 1165 poterimus.
2676 1106 2891 1176 Anceps
2923 1114 3518 1186 (reposuitpsittacus)
3563 1121 3660 1174 ista

2089 1192 2423 1259 experientia
2454 1195 2636 1250 fuerit.
2665 1198 2852 1268 Magna
2883 1203 3026 1256 enim
3055 1205 3133 1258 vis
3160 1219 3243 1261 est
3297 1214 3660 1276 perturlatio-

2088 1297 2239 1345 num,
2273 1284 2522 1341 irritante
2553 1289 2752 1358 objeCti
2821 1298 3104 1361 prmsentia
3158 1301 3442 1356 solitarum
3502 1320 3660 1358 exar-

2088 1373 2330 1436 descere‘.
2375 1379 2707 1449 rationisque
2762 1382 2974 1439 frenum
3013 1387 3064 1439 in
3099 1399 3231 1443 a-stu
3267 1391 3472 1447 furoris
3495 1410 3661 1449 cacu-

2090 1467 2362 1522 tientium.
2396 1470 2548 1537 Quod
2593 1476 2636 1527 si
2663 1475 2783 1542 quis
2818 1477 2866 1530 vi
2900 1481 3156 1534 annitens
3207 1497 3416 1538 summa
3472 1487 3661 1542 mode-

2089 1557 2195 1610 rari
2229 1558 2320 1611 tali
2352 1568 2595 1630 tempore.
2629 1565 2720 1618 ira:
2747 1576 2842 1618 aut
2871 1568 2998 1622 odio
3050 1575 3315 1639 potuerit,
3353 1578 3659 1632 molestiam

2088 1658 2266 1704 tamen
2303 1651 2576 1722 ingentem
2601 1659 2821 1722 sentiet,
2851 1676 2952 1715 nec
2987 1678 3120 1732 pace
3150 1676 3244 1720 aut
3267 1671 3664 1740 tranquillitate

2085 1740 2274 1803 animi,
2317 1758 2436 1811 qua:
2467 1745 2590 1800 vitae
2640 1747 2951 1805 felicitatem
2999 1756 3242 1822 conficit,
3295 1759 3348 1812 in
3401 1761 3659 1819 conflictu

2088 1839 2194 1884 tam
2227 1834 2538 1890 vehementi
2601 1838 2896 1894 affectuum
2944 1859 3067 1897 cum
3125 1847 3357 1914 judicio,
3424 1852 3657 1907 fruetur.

2080 1921 2213 1978 Nam
2244 1927 2336 1994 qui
2372 1928 2688 1984 vulneratus
2719 1931 2771 1986 in
2797 1934 2934 2001 pede
2965 1938 3140 1992 currit
3188 1948 3389 2007 tamen,
3445 1958 3660 1998 summo

2080 2017 2271 2072 dolore
2305 2023 2600 2082 cruciatur,
2645 2034 2699 2077 et
2726 2026 2819 2094 qui
2871 2027 3054 2097 lippus
3112 2033 3398 2102 palpebras
3441 2050 3658 2106 apertas

2079 2109 2271 2180 objicit
2306 2123 2486 2176 vento,
2520 2115 2620 2171 etsi
2663 2117 2886 2173 minime
2917 2122 3045 2176 velit
3079 2132 3134 2178 et
3175 2137 3366 2180 contra
3422 2139 3653 2198 satagat,

2079 2202 2312 2270 oppletis
2339 2205 2556 2270 pulvere
2589 2211 2765 2263 oculis
2806 2212 2965 2280 plane
2996 2217 3267 2272 czecutiet.
3316 2219 3406 2274 Sic
3431 2238 3652 2282 sensum

2078 2308 2272 2361 gerens
2306 2295 2453 2350 intus
2469 2297 2651 2352 vivum
2670 2305 2849 2370 gravis
2873 2303 3200 2361 incommodi
3225 2313 3454 2380 accepti,
3476 2329 3655 2381 quan-

2079 2385 2279 2438 tumvis
2335 2387 2604 2456 imperare
2651 2390 2835 2446 animo
2885 2405 3144 2462 conetur,
3191 2399 3319 2452 dum
3369 2413 3649 2456 auctorem

2076 2476 2160 2532 sui
2196 2477 2377 2532 luctus
2401 2494 2583 2533 coram
2616 2481 2784 2546 videt,
2831 2485 3009 2540 oleum
3050 2488 3101 2542 in
3137 2488 3406 2545 ﬂammam
3457 2495 3648 2560 mittit,

2077 2571 2360 2640 majusque
2382 2574 2584 2628 excitat
2618 2575 2930 2631 incendium
2951 2596 3112 2649 quam
3167 2585 3255 2638 cui
3317 2602 3412 2654 par
3442 2590 3651 2643 exstin-

2075 2663 2292 2731 guendo
2323 2664 2409 2719 sit.
2446 2665 2625 2729 Quare
2659 2668 2858 2724 talibus
2893 2687 2996 2725 una
3020 2675 3263 2730 conditio
3293 2677 3380 2746 pie
3407 2695 3470 2733 ac
3525 2681 3650 2736 feli~

2075 2752 2212 2804 eiter
2257 2753 2475 2807 vivendi
2520 2766 2710 2821 restat,
2747 2775 3002 2814 amovere
3036 2778 3064 2815 a
3097 2779 3392 2834 conspectu
3449 2786 3648 2824 monu-

2073 2857 2253 2897 menta
2276 2845 2510 2899 cladium
2533 2862 2754 2901 suarum
2774 2860 2826 2903 et
2846 2852 3073 2908 salutem
3098 2856 3151 2909 in
3187 2858 3478 2914 solitudine
3502 2879 3650 2931 qua:-

2074 2952 2218 2990 rere.
2249 2938 2326 2991 Ad
2360 2939 2500 2993 hanc
2539 2942 2971 3010 amplectendam
3026 2958 3139 3002 toto
3186 2950 3446 3022 deinceps
3500 2955 3649 3010 feror

2074 3029 2280 3096 impetu
2336 3030 2522 3087 studii.
2586 3032 3010 3102 suifragantibus
3075 3039 3128 3092 in
3193 3040 3296 3095 hoc
3353 3047 3644 3102 consilium

2071 3117 2291 3171 monitis
2325 3119 2796 3188 [tltilOSOphOt‘Uttt,
2849 3141 2986 3193 quos
3017 3128 3234 3184 audisse
3278 3134 3498 3189 memini
3549 3138 3648 3191 do-

1371 3227 1480 3280 fam
1525 3226 1778 3296 superius
1823 3226 1969 3279 πω,
1996 3233 2038 3287 C
2071 3217 2276 3276 centes.
2315 3209 2557 3280 quinque
2599 3211 2776 3266 rebus'
2819 3218 3090 3274 perveniri
3157 3221 3221 3274 ad
3271 3222 3466 3279 famam
3521 3230 3646 3283 illu-

2077 3307 2280 3353 strein:
2311 3299 2642 3365 innocentia,
2674 3303 2942 3370 doctrina,
2992 3307 3113 3379 fuga
3145 3315 3512 3383 suspicionum
3550 3324 3646 3376 ad-

2076 3405 2376 3458 versarum,
2413 3395 2678 3451 suavitate
2710 3413 2945 3464 morum,
2974 3405 3039 3455 ad
3067 3404 3200 3458 nih.l
3261 3416 3438 3464 tamen
3487 3415 3646 3469 inho-

2076 3494 2326 3538 auratum
2369 3486 2755 3554 descendi-nte,
2797 3493 3033 3564 denique
3062 3504 3470 3570 perpetratione
3523 3523 3642 3561 ma-

2072 3590 2572 3646 gnorumOperum.
2603 3582 2843 3648 Quarum
2903 3588 3126 3642 laudum
3182 3607 3306 3645 cum
3355 3595 3642 3654 facultates

2070 3666 2306 3721 solitudo
2355 3671 2751 3738 subministret,
2806 3679 3082 3734 obstacula
3143 3698 3441 3752 removeat,
3501 3691 3640 3745 nihil

2069 3769 2134 3808 ea
2167 3756 2337 3810 videri
2369 3760 2661 3828 optabilius
2687 3765 2916 3833 sapienti
2945 3768 3129 3833 debet,
3156 3787 3299 3841 :egre
3327 3774 3379 3828 id
3436 3793 3635 3834 nomen

2068 3853 2160 3899 aut
2193 3863 2385 3916 parare
2416 3843 2973 3924 auttueri‘vahturo,
3039 3861 3144 3914 nisi
3179 3877 3208 3914 a
3245 3879 3302 3916 se
3351 3865 3470 3934 ipso
3531 3869 3636 3923 sibi

2067 3955 2285 4008 cavens,
2340 3957 2393 4000 et
2448 3947 2735 4014 perdendae
2779 3951 2972 4004 animae
3023 3955 3367 4010 occasionem
3414 3958 3632 4022 vitans.

2067 4055 2096 4094 a
2143 4040 2409 4110 cognatis,
2443 4039 2590 4106 filiis,
2648 4041 2876 4107 divitiis,
2938 4042 3160 4114 ipsaque
3215 4050 3405 4118 procul
3455 4067 3485 4106 a
3536 4070 3634 4122 pa.

2068 4133 2170 4186 tria
2201 4147 2319 4187 sese
2351 4132 2665 4187 removerit.
2713 4133 2947 4188 Patriam
3002 4136 3293 4206 siquidem,
3345 4143 3502 4207 filios,
3541 4162 3569 4199 c

2065 4225 2397 4297 guationem,
2447 4240 2578 4294 opes
2631 4237 2968 4282 commutare
3007 4245 3130 4283 cum
3177 4234 3628 4302 :equivalentihr.«.

2063 4316 2283 4385 poterit,
2310 4315 2504 4370 animae
2536 4317 2804 4386 jacturam
2844 4321 2986 4388 quod
3034 4325 3294 4380 resarciat
3348 4343 3620 4399 nunquan:

2063 4408 2326 4463 inveniet.
2371 4409 2677 4478 Adjungam
2707 4421 2764 4464 et
2793 4411 2940 4467 aliud
2993 4415 3299 4483 sapientum
3364 4420 3625 4479 effatum:

2061 4501 2352 4570 pessimam
2385 4516 2504 4557 esse
2538 4497 2827 4571 pecuniam
2859 4520 2978 4574 quae
3010 4522 3119 4560 non
3174 4521 3453 4580 erogatur,
3511 4531 3628 4584 pes-

391 4610 522 4676 (non
576 4607 722 4662 enim
787 4605 1038 4659 recedam
1088 4618 1117 4657 a
1157 4603 1402 4656 doctrina
1445 4599 1672 4673 veriori)
1725 4599 1860 4654 nihil
1925 4613 1956 4652 a
1993 4595 2248 4654 Dsimam
2278 4607 2500 4647 uxorem
2527 4593 2616 4648 cui
2650 4610 2780 4649 suus
2816 4596 2898 4651 vir
2920 4612 3116 4652 exosus
3171 4612 3273 4663 est,
3328 4606 3624 4672 pessimum

389 4693 516 4754 fatis
573 4707 667 4752 aut
707 4711 868 4766 spero
925 4707 1019 4750 aut
1069 4695 1255 4749 timeo.
1310 4692 1462 4758 Quod
1512 4708 1598 4746 me
1639 4692 1882 4746 deterret
1923 4707 1954 4746 a

389 4808 476 4846 me
509 4792 607 4845 tibi
643 4788 1056 4851 committendo,
1088 4787 1272 4841 odium
1304 4785 1408 4838 mei
1440 4795 1522 4839 est
1551 4785 1694 4855 quod
1726 4784 1956 4854 ﬂagrare

388 4899 442 4938 In
475 4882 639 4937 corde
680 4892 772 4934 tuo
802 4879 1092 4933 maximum
1131 4877 1416 4945 suspicor;
1467 4876 1552 4929 vel
1587 4876 1769 4944 potius
1799 4875 1958 4928 intel-

387 4977 494 5046 ligo
535 4991 600 5029 ex
631 4983 780 5028 certa
815 4985 982 5026 causa
1014 4969 1134 5022 talis
1176 4969 1308 5025 odii.
1343 4969 1628 5027 memoria,
1667 4982 1785 5034 qua:
1820 4965 1952 5021 inte

387 5071 534 5138 viget
562 5066 745 5121 damni
786 5080 815 5118 a
850 5078 936 5116 me
967 5060 1124 5114 illati.
1166 5060 1277 5114 Nec
1309 5059 1589 5113 remissior
1615 5057 1863 5112 fortassis
1891 5057 1945 5110 in

387 5174 509 5214 meo
560 5166 779 5227 pectore
845 5151 1016 5206 fomes
1065 5149 1367 5205 aversionis
1415 5165 1445 5202 a
1492 5159 1542 5204 te
1605 5148 1756 5208 vivit.
1815 5147 1946 5201 dum

386 5248 642 5304 recordor
668 5242 937 5299 interfecti
987 5241 1131 5295 domi
1163 5250 1268 5294 tuae
1303 5238 1406 5292 mei
1449 5239 1578 5308 pulli
1621 5254 1650 5291 a
1689 5250 1782 5292 tuo
1811 5237 1944 5296 filio.

387 5355 448 5395 ex
495 5353 611 5392 mea
643 5335 973 5391 conscientia
1008 5333 1075 5388 de
1113 5342 1164 5387 te
1200 5331 1409 5402 judico,
1444 5332 1708 5400 planeque
1748 5345 1946 5384 censeo

388 5450 482 5491 nec
505 5435 599 5490 tibi
623 5432 878 5504 expedire
902 5446 1003 5486 nec
1021 5429 1152 5484 mihi
1182 5443 1281 5482 nos
1303 5427 1562 5495 deinceps
1594 5441 1697 5479 uua
1724 5425 1940 5496 degere.

2059 4687 2228 4741 filium
2256 4688 2575 4756 parentibus
2631 4699 3031 4757 contumacem,
3097 4695 3391 4763 pessimum
3444 4715 3623 4770 regem

2055 4780 2144 4850 qui
2187 4779 2406 4835 simulat
2434 4782 2823 4845 innocentiam,
2871 4785 3162 4852 pessimum
3199 4787 3446 4842 amicum
3503 4808 3628 4861 per-

2062 4872 2340 4936 ﬁdiosum,
2382 4874 2676 4942 pessimam
2741 4874 3016 4929 civitatem
3069 4878 3399 4933 seditionum
3454 4900 3623 4953 appa-

2062 4965 2271 5018 ratibus
2303 4975 2623 5028 tumentem,
2657 4966 2812 5035 eujus
2857 4969 3006 5021 cives
3045 4969 3205 5024 anxie
3245 4973 3430 5029 vivere
3452 4985 3506 5030 et
3564 4979 3616 5032 is:

2058 5054 2224 5108 horas
2249 5064 2488 5109 extrema
2534 5054 2828 5110 formidare
2874 5072 3095 5114 necesse
3127 5060 3216 5114 sit.
3284 5061 3373 5118 Sic.
3420 5075 3474 5118 et
3518 5083 3622 5134 ego

2056 5146 2198 5214 apud
2232 5155 2281 5202 te
2319 5161 2544 5202 manens
2571 5164 2786 5217 semper
2819 5165 2992 5205 essem
3024 5153 3238 5207 anxius.
3277 5155 3343 5209 Et
3397 5159 3479 5212 his
3530 5161 3619 5214 di-

2058 5235 2161 5289 etis
2204 5237 2479 5304 evolavit,
2533 5239 2724 5296 relicto
2775 5243 2988 5297 cunctis
3040 5247 3288 5316 exemplo
3326 5249 3526 5304 salubri
3561 5263 3619 5308 et

2055 5327 2478 5394 prudentissimo
2525 5332 2777 5400 consitio,
2819 5349 3110 5405 nunquam
3146 5337 3214 5394 iis
3257 5339 3620 5414 fidcndiquos

2049 5417 2272 5476 luseris.
