4016 6530
465 384 607 451 1339

1885 379 2297 442 APPENDIX.
3576 373 3716 441 13w

1500 516 2040 583 DlSSERTATlO
2076 515 2577 615 PARABQLICA
2624 518 2705 578 Χ.

474 664 773 726 Versatur
826 655 891 718 in
938 652 1329 733 explicandis
1386 650 1723 730 fraudibus
1779 648 2282 733 insidiost'sst'mt's
2340 646 2697 733 inviderunt
2745 644 3385 733 quibusuinnocentes
3419 653 3497 733 ‘el
3558 646 3720 733 ﬁdos

541 737 793 815 regibus
853 724 1175 815 ministros
1222 724 1576 815 pervertere
1614 739 1945 815 conantur,
1990 726 2529 815 indicatt's_simul
2567 724 2922 815 rationibus
2964 727 3044 815 iis
3093 724 3496 800 occurrendi,
3540 724 3600 786 et
3654 727 3722 787 vi

541 804 830 878 veritatis
858 831 928 873 ac
962 804 1387 873 sanctimonia:
1432 828 1641 869 omnes
1670 807 1927 868 malitia:
1958 814 2217 866 conatus
2242 806 2324 867 ad
2355 815 2695 866 extremum
2730 804 3082 867 eluctantis.

534 944 649 999 Sub
673 943 788 998 haec
819 939 968 1010 loqui
1009 938 1243 994 cessanti
1281 935 1762 1016 gymnosophistzc,
1817 949 1910 987 rex
1963 933 2037 987 A-
2068 940 2111 994 Λ
2143 933 2308 988 thois.
2354 931 2535 999 Quare
2579 933 2654 987 illi
2695 933 2759 987 ad
2804 948 2862 988 se
2899 942 3093 987 vocato
3133 931 3273 985 dixit
3311 949 3327 986 :
3370 932 3618 996 Vasttnn,
3658 944 3721 988 ut

461 1037 760 1100 bessalom,
793 1031 1012 1090 Audivi,
1045 1031 1143 1089 ait.
1175 1043 1231 1084 et
1276 1030 1449 1100 probo
1488 1044 1607 1098 quae
1641 1027 1710 1081 de
1756 1040 2034 1094 nunquam

463 1121 788 1178 resumenda
814 1121 1052 1191 graviter
1093 1117 1290 1172 otl‘ensi
1351 1116 1716 1170 familiaritate
1777 1114 2036 1177 docuisti;

461 1229 714 1283 cuperem
742 1222 924 1266 autem
951 1209 1162 1263 discere
1192 1209 1289 1263 abs
1320 1217 1370 1263 te
1394 1224 1462 1260 an
1489 1222 1598 1261 non
1643 1214 1891 1274 oporteat
1953 1206 2037 1259 in-

464 1306 678 1361 terdum
705 1304 822 1359 dari
861 1319 1104 1373 operam,
1133 1302 1368 1365 maxime
1398 1316 1428 1354 a
1466 1300 1706 1369 regibus,
1755 1309 1812 1353 ut
1846 1313 2039 1352 recon-

461 1395 717 1449 cilientur
747 1393 905 1463 ipsis,
958 1402 1014 1446 et
1053 1408 1106 1445 tu
1157 1392 1394 1460 priorem
1454 1389 1640 1459 gratia:
1699 1396 2039 1458 reponantur

460 1486 642 1541 lucum
683 1485 718 1539 ii
750 1499 889 1554 quos
921 1499 1107 1538 errore
1159 1481 1396 1551 quodam
1430 1480 1886 1534 abalienaverint.
1936 1478 2039 1534 Su-

460 1593 557 1647 per
579 1593 647 1632 co
669 1587 989 1647 argumento
1021 1573 1465 1646 gymnosophista
1498 1574 1773 1627 disserere
1811 1573 1956 1626 hunc
1979 1572 2036 1626 in

458 1670 680 1723 tnodmu
711 1680 796 1723 est
844 1682 1104 1722 exorsus:

530 1761 566 1815 Ι.
608 1760 733 1815 Fuit
764 1761 816 1813 in
853 1760 1085 1829 quadam
1119 1759 1251 1813 silva
1276 1757 1469 1811 referta
1494 1756 1692 1811 belluis
1730 1756 1872 1810 inter
1905 1756 2037 1810 alias

459 1855 581 1908 thos
608 1853 854 1923 quidam,
887 1852 1010 1906 vitae
1035 1853 1312 1922 proposito
1339 1853 1495 1905 valde
1545 1850 1794 1904 diversus
1843 1852 1911 1903 ab
1966 1850 2035 1904 iis

456 1945 784 2016 quibuscum
812 1947 934 2001 vitze
958 1961 1021 1999 ac
1049 1938 1255 1999 natura:
1273 1944 1660 1999 communione
1681 1941 2033 2013 jungebatnr.

458 2037 603 2091 Mitis
627 2039 773 2093 enim
806 2047 1012 2093 eratet
1059 2047 1392 2107 temperans,
1457 2044 1654 2106 praeter
1712 2052 1921 2090 murem
1979 2045 2037 2090 et

458 2130 647 2184 thoum
680 2139 1029 2189 creterorutn.
1055 2138 1110 2184 et
1135 2145 1260 2184 cuin
1288 2130 1374 2184 his
1399 2129 1580 2197 aliqua
1612 2144 1676 2182 ex
1705 2137 1858 2198 parte
1903 2143 2034 2183 con-

455 2223 794 2278 venientium
826 2224 1090 2291 vulpium,
1113 2239 1346 2291 quorum
1375 2224 1619 2277 omnium
1665 2223 2034 2293 grassationes

2141 1024 2316 1089 vides,
2348 1035 2404 1079 et
2455 1040 2579 1078 cum
2613 1024 2987 1087 subditorum,
3020 1034 3135 1077 tum
3177 1024 3523 1094 negotiorum
3552 1041 3722 1094 gene-

2141 1116 2295 1169 ribus
2328 1117 2537 1171 varium
2572 1133 2798 1187 regnum
2833 1118 2935 1172 hoc
2966 1132 3147 1172 meum
3178 1126 3291 1179 est,
3325 1116 3471 1170 unde
3500 1117 3567 1170 ad
3600 1118 3721 1188 ejus

2138 1208 2595 1278 gubernationem
2630 1225 2762 1280 egeo
2799 1209 2976 1264 fidelis
3004 1224 3069 1263 ac
3098 1208 3386 1280 prudentis
3414 1222 3582 1278 opera
3618 1209 3722 1262 mi-

2139 1298 2296 1353 nislri
2336 1316 2349 1353 :
2383 1300 2590 1354 dudum
2625 1312 2709 1355 est
2741 1317 2865 1356 eum
2904 1302 3065 1355 talem
3102 1317 3288 1370 qurere
3310 1343 3324 1367 ,
3355 1314 3413 1359 et
3450 1304 3722 1371 reperisse

2137 1380 2279 1445 in‘te
2314 1390 2477 1446 hodie
2508 1393 2638 1446 mihi
2673 1392 2883 1447 videor.
2916 1391 3161 1464 Cogitavi
3191 1408 3324 1464 ergo
3356 1404 3408 1448 te
3439 1394 3721 1464 praeficere

2136 1496 2351 1536 summa
2396 1500 2517 1537 cum
2563 1492 2830 1553 potestate
2870 1482 3331 1538 administrationi
3376 1485 3719 1555 reipublicae,

2135 1590 2313 1643 eoque
2344 1590 2465 1639 me,
2497 1585 2695 1646 praeter
2722 1577 3047 1641 utilitatem,
3078 1577 3315 1631 oﬂieium
3348 1577 3579 1647 impellit
3606 1591 3720 1647 quo

2135 1682 2294 1736 rcges
2347 1677 2598 1722 tenemur
2650 1668 2916 1723 virtutum
2974 1668 3448 1723 honorandarum.
3504 1668 3724 1738 Oppro-

2135 1757 2313 1812 brium
2351 1769 2434 1814 est
2470 1760 2738 1830 principis
2767 1775 2891 1813 cum
2923 1760 3049 1829 quis
3083 1760 3184 1831 ipsi
3220 1759 3504 1829 subjectus
3538 1758 3723 1812 laudi-

2133 1851 2240 1906 bus
2274 1853 2549 1906 excellens
2578 1851 2725 1924 jacet
2761 1853 2813 1906 in
2853 1852 3097 1906 tenebris
3129 1867 3190 1907 ac
3227 1851 3483 1906 sordibus
3515 1870 3530 1906 :
3562 1851 3724 1905 dotes

2135 1936 2251 1992 isne
2289 1947 2395 1991 tua:
2429 1938 2705 2006 praeclarae
2743 1940 2995 2009 plurimis
3030 1941 3261 2011 proponi
3297 1941 3364 1995 ad
3400 1941 3719 2010 exemplum

2133 2031 2359 2099 debent,
2402 2034 2673 2105 adeoque.
2713 2044 2773 2089 ut
2815 2039 2926 2090 sint
2968 2037 3129 2107 vulgo
3171 2037 3503 2108 conspicuae,
3547 2036 3721 2091 collo-

2133 2127 2322 2181 canda:
2359 2127 2413 2179 in
2450 2142 2575 2181 arce
2608 2128 2841 2197 quadam
2874 2144 2938 2182 ac
2971 2129 3186 2200 fastigio
3216 2132 3447 2184 excelsae
3484 2128 3715 2200 dignita.

2137 2217 2225 2274 tis.
2259 2218 2337 2272 Ad
2369 2234 2431 2272 ea
2467 2220 2591 2275 thos
2622 2220 2908 2290 respondit
2940 2237 2953 2275 :
2988 2221 3163 2291 Reges
3194 2224 3452 2276 convenit
3480 2222 3711 2275 volent‘-

454 2325 513 2369 et
546 2316 907 2370 lielluationes
937 2314 1287 2385 quotidianas
1343 2314 1549 2369 innoxii
1605 2314 1890 2385 sanguinis
1932 2314 2032 2369 de-
2067 2284 2241 2364 Bbus
2303 2311 2570 2366 ministris
2619 2313 2724 2375 nti,
2788 2313 3010 2381 adigere
3079 2314 3283 2383 quippe
3355 2313 3599 2377 invitos,
3653 2328 3717 2369 ac

458 2418 660 2463 testans
688 2409 1021 2474 intuebatur,
1051 2422 1296 2477 eousque
1341 2423 1453 2462 non
1502 2408 1775 2463 obnoxius
1820 2405 2037 2476 cupidi-

457 2500 662 2557 tatibus
690 2500 851 2571 gula),
892 2510 952 2555 ut
985 2501 1129 2556 ultro
1159 2500 1463 2556 abstineret
1503 2501 1730 2555 omnino
1752 2499 2032 2565 carnibus,

454 2603 512 2650 et
538 2594 774 2648 naturali
801 2594 1059 2650 vescendi
1110 2594 1442 2649 necessitate
1491 2593 1679 2649 herbis
1732 2608 1797 2648 ac
1857 2592 2034 2663 pomis

456 2686 867 2754 defungeretur.
901 2682 1014 2738 lloc
1068 2683 1288 2738 vivendi
1341 2700 1514 2754 genus
1565 2685 1619 2739 in
1679 2683 1859 2739 medio
1924 2693 2034 2737 tam

455 2776 803 2831 dissimilium
835 2775 1234 2845 exemplorum,
1263 2781 1509 2829 omnium
1543 2775 1599 2829 in
1651 2774 1801 2829 hunc
1847 2773 2035 2829 oeulos

454 2880 512 2922 et
541 2868 836 2921 multorum
867 2867 1127 2922 invidiam
1155 2867 1448 2922 convertit.
1478 2867 1603 2921 lrati
1630 2867 1834 2937 pariter
1857 2868 2031 2931 tboes,

456 2961 671 3027 Vulpes,
714 2961 826 3030 lupi
869 2960 1165 3028 caeteriqtte
1231 2960 1482 3030 plurimi,
1533 2976 1679 3013 nunc
1714 2960 2031 3030 singillatim

455 3059 811 3112 conventum,
846 3064 991 3103 nunc
1024 3065 1185 3103 manu
1216 3048 1355 3103 facta
1398 3050 1818 3112 circumdatum,
1881 3065 2037 3103 acer-

456 3142 526 3195 be
554 3141 934 3211 increpabant,
972 3140 1385 3206 denuntiantes,
1415 3141 1557 3195 haud
1589 3146 1696 3211 pati
1733 3159 1853 3197 sese
1878 3157 2033 3212 posse

454 3235 633 3303 ipsum
664 3250 832 3289 unum
855 3234 996 3288 velle
1018 3233 1192 3287 videri
1236 3249 1429 3300 sapere
1477 3236 1601 3303 pYus
1643 3250 1804 3303 quam
1849 3234 2033 3288 cuncti

456 3337 711 3395 saperent
741 3326 855 3390 alii;
894 3325 1169 3379 minantes
1190 3325 1358 3379 etiam
1388 3342 1443 3378 se
1473 3325 1648 3389 illum,
1686 3326 1730 3380 si
1760 3333 2032 3395 pergeret,

456 3434 752 3487 congressu
781 3416 1124 3485 prohibitum
1148 3417 1413 3486 ipsorum,
1449 3432 1548 3487 pro
1583 3418 1861 3488 transfuga
1897 3419 2035 3473 ritus

460 3510 621 3581 patrii
652 3524 717 3565 ac
747 3509 1003 3580 degeneri
1033 3509 1312 3579 proditore
1336 3510 1749 3580 proscripturos
1777 3526 1793 3575 ;
1819 3511 2037 3567 omitte-

2135 2411 2507 2472 repugnantes
2552 2403 2770 2459 trahere
2814 2404 2879 2457 ad
2924 2404 3239 2459 functiones
3276 2404 3647 2475 capessendas
3684 2420 3717 2459 a

2133 2490 2335 2561 quibus
2373 2491 2695 2555 abhorrent,
2737 2494 2956 2547 noxium
2999 2495 3236 2564 negotiis
3273 2495 3407 2563 ipsis
3445 2504 3553 2558 est,
3594 2508 3718 2564 quae

2134 2582 2214 2639 sic
2265 2583 2334 2638 ab
2392 2584 2502 2638 alio
2555 2584 2783 2639 attentis
2838 2586 3180 2657 negligenter
3236 2588 3714 2643 transmittuntur.

2134 2674 2313 2730 Meum
2353 2690 2518 2746 porro
2555 2677 2832 2747 ingenium
2875 2677 3113 2731 immane
3146 2667 3411 2747 quaan
3450 2679 3718 2734 abhorret

2134 2780 2164 2820 a
2195 2767 2433 2821 tumultu
2466 2771 2590 2821 vita:
2617 2767 2829 2822 aulicaa.
2862 2768 2997 2822 Cum
3027 2784 3156 2838 ergo
3186 2768 3305 2832 tibi,
3334 2784 3452 2829 rex.
3482 2786 3592 2822 non
3621 2770 3718 2824 de-

2136 2858 2271 2923 sint,
2304 2858 2414 2913 imo
2446 2859 2750 2921 abundent,
2783 2861 2876 2930 qui
2909 2877 3019 2915 non
3052 2862 3229 2915 solum
3257 2862 3498 2916 libenter
3526 2878 3717 2918 susce-

2133 2952 2280 3021 pturi
2311 2951 2442 3015 sint,
2472 2951 2565 3005 sed
2592 2950 2685 3021 qui
2712 2952 3070 3006 vehementer
3093 2961 3286 3023 optent
3310 2964 3368 3008 et
3399 2954 3575 3022 palam
3605 2970 3719 3008 am-

2134 3041 2287 3097 biant
2323 3044 2572 3113 speciosa
2613 3045 2714 3098 ista
2755 3044 2963 3106 munia,
3006 3045 3142 3099 tales
3179 3046 3445 3100 adhibeas
3483 3061 3712 3111 censeo,

2135 3151 2351 3205 meque,
2380 3135 2526 3206 quod
2560 3136 2701 3205 ccepi
2734 3151 2836 3190 nec
2864 3136 3128 3191 hactenus
3157 3137 3407 3208 poenitet,
3437 3140 3573 3193 mihi
3607 3141 3719 3210 pri-

2134 3229 2301 3281 vatim
2344 3227 2492 3283 sinas
2526 3231 2732 3283 vivere.
2774 3228 3022 3295 Minime,
3063 3231 3141 3285 ait
3185 3231 3271 3286 leo
3308 3246 3443 3287 voce
3485 3242 3715 3287 conten-

2135 3319 2283 3382 tiori,
2323 3334 2500 3389 eaque
2540 3319 2867 3375 auctoritate
2907 3331 2964 3375 ut
3008 3322 3111 3376 sibi
3155 3323 3299 3377 nolle
3343 3324 3538 3377 obsisti
3584 3324 3718 3379 satis

2134 3412 2474 3479 declararet;
2524 3413 2659 3483 quin
2712 3414 2895 3468 statim
2947 3429 3142 3469 amove
3192 3429 3374 3469 moras
3420 3431 3618 3470 omnes
3660 3424 3717 3470 et

2128 3504 2297 3577 jussis
2323 3503 2459 3560 meis
2491 3511 2543 3559 te
2574 3516 2889 3575 promptum
2921 3505 3116 3575 expedi
3148 3523 3163 3562 :
3193 3506 3353 3576 plane
3383 3506 3591 3577 quippe
3620 3507 3718 3562 de-

458 3608 545 3656 ret
575 3600 741 3670 igitur
765 3599 1082 3670 peregrinos
1118 3615 1320 3667 mores,
1380 3609 1436 3654 et
1460 3601 1578 3657 vale
1631 3602 1781 3658 dicio
1834 3606 2029 3658 mrem-
2054 3613 2098 3673 ο
2134 3604 2345 3651 cretum
2384 3595 2518 3650 mihi
2557 3606 2640 3651 est
2677 3604 2965 3652 auctorare
3004 3605 3056 3649 te
3091 3595 3146 3649 in
3182 3594 3423 3652 oﬂicium
3464 3594 3717 3669 primarii

461 3691 1082 3762 pestivtcphilosophire,
1135 3707 1330 3747 eorum
1390 3693 1640 3748 instituta
1706 3703 2034 3762 sequeretur

458 3797 525 3838 ex
547 3784 748 3854 quibus
770 3793 931 3839 natus
960 3793 1129 3845 esset,
1160 3798 1287 3838 cum
1322 3784 1526 3853 quibus
1571 3783 1802 3839 viveret.
1855 3782 1936 3839 Ad
1966 3798 2033 3838 ea

458 3875 585 3930 thos
607 3874 817 3945 placide
845 3874 1231 3943 respondebat,
1263 3875 1553 3929 molestum
1597 3875 1728 3944 ipsis
1754 3889 1875 3929 esse
1921 3889 2032 3928 non

458 3968 662 4023 debere
692 3975 1050 4037 conspectum
1100 3967 1185 4020 sui
1249 3966 1343 4035 qui
1397 3967 1671 4021 neminem
1727 3965 1893 4021 verbo
1936 3976 2036 4020 aut

456 4057 603 4115 facto
628 4056 870 4112 laederet.
899 4053 1071 4109 Porro
1107 4056 1266 4110 istam
1294 4070 1457 4124 quam
1489 4057 1829 4110 minarentur
1843 4071 2034 4129 aman-

459 4151 735 4206 dationem
767 4148 851 4204 sui
888 4147 1101 4218 procul,
1141 4148 1280 4203 adeo
1312 4164 1422 4202 non
1455 4149 1525 4203 ab
1577 4148 1697 4220 ipso
1728 4149 2030 4215 formidari,

459 4252 519 4294 ut
546 4248 1028 4310 pnenccupaturus
1059 4237 1203 4292 ultro
1226 4237 1395 4292 fuerit
1420 4246 1477 4292 et
1499 4248 1695 4307 sponte
1722 4239 2030 4293 exsulatum

457 4334 730 4396 abiturus,
769 4331 814 4385 si
839 4340 1085 4400 putasset
1112 4347 1219 4384 non
1248 4330 1355 4384 alia
1396 4348 1454 4386 se
1497 4332 1814 4386 conditione
1875 4349 2032 4402 posse

458 4426 513 4482 in
547 4425 614 4479 iis
650 4425 784 4478 locis
816 4427 1022 4489 vivere,
1046 4425 1148 4479 nisi
1180 4425 1320 4479 facta
1369 4434 1691 4478 ezrterorunt
1727 4425 2030 4479 imitando:

455 4528 518 4566 se
564 4527 710 4573 vero,
744 4526 869 4564 cum
901 4512 1057 4579 plane
1086 4511 1419 4565 decrevisset
1449 4510 1725 4566 abstinere
1756 4529 1786 4565 a
1815 4512 2036 4567 latroci-

456 4603 564 4658 niis
597 4610 653 4655 et
685 4601 950 4663 caedibus,
987 4602 1122 4654 nihil
1161 4603 1429 4656 interesse
1464 4603 1768 4656 creilidiSse
1810 4618 2033 4672 peregre

455 4709 524 4749 an
556 4693 609 4746 in
640 4692 814 4762 patria
842 4692 1213 4745 innocentiam
1246 4693 1450 4746 coleret
1478 4709 1492 4746 :
1523 4710 1625 4748 nec
1651 4694 1797 4748 enim
1828 4697 2034 4749 scelera

455 4785 781 4854 contagione
806 4794 902 4839 aut
929 4785 1061 4838 vitio
1088 4783 1356 4847 locorum,
1385 4785 1478 4839 sed
1509 4787 1754 4854 nequitia
1783 4787 2031 4840 cordium

458 4875 781 4931 inolescere.
826 4877 1174 4945 Quanquam,
1220 4875 1480 4939 addebat,
1526 4876 1726 4946 potiori
1766 4878 1877 4947 jam
1925 4878 2029 4931 mei

2132 3687 2392 3750 tninistri,
2424 3696 2480 3742 et
2514 3686 2782 3758 dignitate
2820 3702 2852 3742 a
2890 3703 2976 3743 me
3010 3688 3253 3744 secunda
3290 3691 3443 3761 regni
3479 3689 3717 3746 admini-

2131 3780 2383 3837 strationi
2415 3780 2716 3850 praeficere.

2207 3869 2294 3924 Ill.
2334 3869 2588 3925 Nondum
2632 3871 2758 3925 thos
2793 3885 3123 3941 persuasus,
3166 3880 3359 3927 contra
3401 3875 3622 3945 excepit
3658 3875 3714 3931 in

2133 3960 2281 4016 hunc
2312 3961 2532 4015 modum
2563 3979 2578 4016 :
2610 3961 2667 4016 In
2703 3962 2830 4025 isto,
2858 3963 3102 4027 domine.
3135 3965 3283 4036 quod
3312 3966 3443 4020 mihi
3471 3966 3719 4022 destinas

2133 4052 2443 4107 ministerio
2469 4053 2563 4121 qui
2595 4060 2746 4108 tutus
2767 4054 2968 4111 durare
2991 4057 3196 4125 possit,
3223 4056 3297 4122 is,
3325 4072 3451 4113 meo
3467 4058 3714 4128 judicio,

2131 4141 2364 4197 alterum
2401 4145 2597 4198 horum
2628 4146 2701 4200 sit
2730 4157 2981 4213 oportet;
3011 4147 3343 4218 percallidus
3367 4161 3463 4204 aut
3489 4151 3718 4222 insigni-

2135 4243 2217 4288 ter
2244 4234 2467 4288 stultus.
2502 4233 2661 4289 Prior
2687 4236 2862 4299 enim,
2891 4236 3203 4292 abundante
3234 4238 3285 4291 in
3316 4237 3539 4295 fraudes
3565 4253 3718 4295 astu-

2135 4326 2227 4388 tia,
2259 4344 2363 4395 qua
2394 4325 2809 4392 dissimulando,
2842 4344 2948 4398 qua
2979 4327 3284 4399 largiendo,
3312 4345 3419 4399 qua
3449 4331 3593 4386 dolis
3623 4348 3718 4386 va-

2134 4419 2231 4473 riis
2255 4419 2437 4473 fucum
2465 4417 2734 4485 faciendo,
2763 4419 2868 4474 hoc
2891 4430 3279 4491 consequetur,
3313 4434 3370 4476 ut
3397 4422 3714 4479 invidorum

2131 4526 2349 4574 semper
2376 4510 2712 4564 infensorum
2745 4510 3020 4575 felicibus,
3048 4513 3234 4568 minus
3264 4524 3558 4584 appetatur
3585 4516 3719 4571 insi-

2133 4604 2268 4667 diis;
2298 4603 2455 4665 alter,
2487 4618 2597 4671 pra:
2628 4601 3003 4657 imbecillitate
3032 4604 3233 4659 mentis
3261 4603 3485 4659 irrideri
3518 4620 3577 4660 se
3607 4623 3715 4661 non

2133 4695 2406 4756 sentiens,
2452 4700 2508 4747 et
2553 4692 2791 4746 ludibria
2840 4694 3250 4749 venerationem
3307 4694 3713 4765 interpretans,

2132 4784 2218 4838 sui
2262 4791 2580 4852 contemptu
2628 4781 2892 4835 invidiam
2941 4781 3250 4837 lucrifaciet
3291 4786 3713 4856 exarmabitque

2135 4875 2246 4929 iras
2285 4874 2637 4927 miseratione
2675 4871 2966 4927 fatuitatis.
3002 4873 3140 4944 Ego,
3178 4874 3275 4943 qui
3315 4885 3575 4930 neutrum
3619 4876 3718 4931 bo-

456 4979 610 5038 parte
641 4983 669 5020 a
700 4966 855 5021 vobis
884 4966 1099 5029 absum,
1130 4967 1317 5021 animo
1347 4967 1561 5022 scilicet
1588 4979 1644 5022 et
1674 4968 1967 5024 affectibus
1996 4985 2027 5023 a
2064 4948 2105 5005 ο
2135 4982 2255 5022 rum
2285 4981 2407 5020 esse
2439 4964 2604 5019 velim
2636 4973 2733 5019 aut
2763 4963 2978 5030 baberl,
3008 4965 3145 5019 citra
3173 4972 3381 5021 certam
3413 4968 3713 5037 perniciem

460 5070 643 5114 vestro
690 5072 790 5113 usu
837 5068 892 5111 et
938 5058 1190 5113 instituto
1234 5059 1550 5128 longissime
1592 5059 1922 5130 disiunctus.
1970 5060 2030 5117 Si

457 5166 657 5222 corpus
693 5150 799 5205 hoc
830 5151 996 5205 etiam
1031 5153 1398 5205 exterminare
1431 5152 1616 5217 vultis,
1650 5166 1761 5205 non
1797 5152 2030 5206 multum

460 5240 807 5313 repugnabo;
837 5241 1088 5296 fortassis
1115 5243 1281 5297 etiam
1313 5243 1582 5313 gaudebo.
1616 5243 1765 5298 Talia
1795 5258 1921 5298 eum
1954 5244 2034 5297 lo-

459 5346 719 5404 qnentem
753 5334 835 5387 vel
871 5334 1027 5389 inviti
1059 5334 1412 5399 verebantur,
1444 5319 1695 5405 famaque
1728 5337 1794 5389 de
1825 5351 1892 5390 eo
1924 5335 2034 5390 late

461 5426 903 5479 increbrescebat
951 5425 1250 5494 ejusmodi,
1306 5433 1364 5479 ut
1414 5426 1816 5481 admirantibus
1864 5428 2031 5481 etiam

459 5519 554 5581 qui
586 5517 852 5582 oderant,
888 5528 1002 5571 toto
1032 5532 1097 5571 eo
1131 5526 1307 5571 tractu
1342 5518 1513 5572 multa
1546 5527 1692 5572 esset
1721 5519 1777 5572 in
1808 5533 2037 5572 venera-

461 5618 609 5663 t.one
642 5625 840 5663 nomen
873 5610 1012 5679 ejus.

534 5700 596 5754 ll.
641 5702 894 5757 Pervenit
926 5702 1090 5772 igitur
1121 5702 1185 5756 ad
1218 5702 1452 5761 leonem.
1488 5702 1608 5772 ejus
1636 5702 1785 5756 silv:e
1815 5717 1995 5773 regem
2016 5744 2031 5767 ,

459 5788 626 5853 clara,
653 5791 948 5847 multorum
979 5793 1382 5863 pncxlieationc,
1412 5790 1604 5847 notitia
1634 5802 1739 5847 tam
1770 5793 2035 5863 sapientis

2133 5076 2202 5117 ex
2235 5060 2340 5116 hoc
2370 5062 2637 5117 ostentari
2667 5062 2790 5117 loco
2819 5076 3055 5132 nequeo,
3088 5062 3231 5117 unde
3257 5072 3584 5118 cunctorum
3618 5079 3720 5117 un-

2136 5150 2304 5222 dique
2338 5152 2557 5208 virtutis
2598 5152 2949 5208 inimicorum
2991 5152 3113 5208 telis
3149 5153 3503 5225 arcubusque
3539 5155 3715 5209 conti-

2138 5257 2297 5314 guus,
2323 5257 2425 5297 nec
2450 5246 2748 5312 protectus,
2775 5258 3120 5314 apparerem.
3144 5244 3279 5299 Nam
3308 5260 3530 5315 sperare
3554 5260 3715 5315 posse

2141 5333 2381 5403 aliquem
2422 5334 2477 5387 in
2515 5333 2691 5403 primo
2727 5336 2830 5389 sub
2871 5350 2995 5405 rege
3035 5336 3319 5411 potestatis
3356 5338 3529 5406 gradu
3565 5348 3715 5392 stare

2141 5425 2441 5480 immunem
2468 5425 2581 5480 odii
2613 5427 2924 5496 p0pularis,
2953 5426 3206 5481 insanum
3237 5428 3483 5497 profecto
3512 5430 3614 5491 sit,
3644 5430 3716 5484 si-

2139 5517 2364 5588 quidem
2411 5516 2573 5571 talem
2622 5519 2810 5587 utiquc
2849 5528 3121 5587 quotquot
3159 5520 3298 5573 clam
3343 5520 3541 5574 infensi
3586 5530 3715 5575 sunt

2141 5610 2254 5680 regi
2305 5612 2450 5680 (qua:
2497 5610 2731 5664 maxima
2782 5626 3002 5681 semper
3049 5611 3207 5665 turba
3257 5615 3392 5682 est),
3443 5613 3549 5667 hoc
3598 5615 3715 5681 ipso

2139 5702 2540 5755 aversabuntur
2578 5701 2727 5772 quod
2763 5718 2929 5757 exeso
2966 5702 3069 5758 sibi
3116 5702 3347 5772 principi
3390 5704 3619 5758 charum
3659 5715 3714 5759 et

2143 5791 2310 5847 fidum
2334 5793 2588 5860 videant;
2614 5793 2705 5863 qui
2732 5803 2913 5849 autem
2943 5798 3049 5864 regi
3078 5794 3321 5862 student,
3345 5796 3712 5852 mniulatiOnis
