4016 6522
290 366 414 427 1"“

1231 367 1611 431 SPECIMEN
1652 365 2080 425 SAPIENTIIE
2123 366 2477 429 lNDORUM
2514 373 2680 434 VET.

3401 368 3535 433 1342

282 482 543 533 instinctu
579 479 794 533 amoliri
829 481 975 535 omni
1012 496 1113 551 ope
1145 484 1493 537 conabuntur
1522 499 1647 537 eum
1682 498 1709 533 a
1742 495 1851 550 quo
1886 484 1924 537 Α
1957 480 2214 544 nocendi,
2240 484 2430 550 quales
2454 500 2576 537 cum
2605 482 2915 538 innocentia
2943 483 3343 554 prudentiaque
3368 484 3537 542 thois.

285 572 389 625 sibi
419 572 603 625 dolent
634 572 848 641 praeripi
878 574 1064 641 gratize
1097 574 1274 627 locum
1307 590 1470 643 quem
1502 575 1644 642 apud
1681 574 1855 642 impe-

286 674 496 718 rantem
538 665 637 733 ipsi
680 666 949 719 ambiunt.
986 666 1065 720 Ad
1105 682 1168 720 ea
1211 682 1304 719 rex
1342 685 1355 721 :
1392 667 1536 721 Nihil
1581 678 1791 721 metuas
1830 682 1859 719 a

289 758 426 811 meis
468 757 737 823 subditis;
791 775 916 811 nam
961 768 1071 813 tam
1114 760 1288 829 ampla
1330 775 1430 829 ego
1476 770 1526 815 te
1574 764 1860 830 potestatis

290 866 421 903 mea;
445 850 936 904 communicatione
961 852 1439 913 circummuniam,
1471 864 1527 905 ut
1555 870 1659 905 non
1690 855 1861 922 magis

288 951 476 994 contra
513 950 563 995 te
598 943 776 995 moliri
812 944 1109 1013 quidquam
1142 961 1303 1014 quam
1339 958 1523 999 contra
1562 962 1646 999 me
1683 947 1859 1012 ipsum

290 1033 375 1087 vel
408 1033 643 1086 audeant
672 1036 753 1087 vel
791 1037 1020 1103 possint.
1053 1039 1316 1105 Reposuit
1346 1038 1429 1090 his
1459 1040 1579 1091 thos
1625 1057 1637 1091 :
1685 1038 1738 1092 Si
1776 1054 1861 1091 me

290 1140 461 1183 antas.
496 1137 550 1177 ut
582 1136 728 1179 certe
762 1128 915 1189 facis,
950 1130 1189 1186 domine.
1223 1140 1276 1181 et
1308 1147 1374 1183 eo
1406 1134 1625 1185 immiue
1661 1132 1862 1184 debere

290 1230 377 1269 me
421 1214 516 1268 tibi
562 1217 854 1284 plurimum
901 1220 1091 1283 fateor,
1133 1223 1413 1289 quoniam.
1459 1222 1703 1290 inquam.
1746 1240 1863 1275 mea

293 1322 455 1361 causa
496 1309 596 1369 vis.
642 1325 738 1362 oro
784 1311 1120 1381 obsecroque
1167 1322 1223 1366 ut
1269 1315 1471 1366 habeas
1515 1317 1866 1383 persuasissi-

294 1413 463 1459 mum,
513 1400 719 1452 nullum
766 1417 794 1453 a
840 1413 889 1455 te
935 1405 1108 1471 majus
1150 1406 1281 1457 mibi
1329 1422 1484 1473 posse
1536 1407 1862 1461 beneficium

294 1489 611 1558 contingere
644 1508 804 1560 quam
836 1494 876 1545 si
912 1510 995 1548 me
1028 1497 1305 1564 relinquas
1338 1498 1390 1549 in
1427 1499 1525 1549 hac
1556 1500 1867 1567 tranquilli—

299 1590 409 1633 ta=e
452 1582 571 1633 vitae
625 1583 935 1638 innocentis
981 1602 1043 1638 ac
1090 1590 1344 1655 privat-te.
1394 1601 1715 1644 contentum
1767 1608 1866 1659 pro

300 1672 444 1724 victu
480 1674 628 1727 omni
664 1689 800 1742 aqua
836 1685 889 1729 et
924 1677 1113 1731 herba.
1147 1679 1301 1741 Nam,
1336 1693 1601 1750 quantum
1641 1700 1864 1751 possum

299 1762 629 1832 intelligere,
658 1768 749 1834 qui
779 1769 931 1821 vobis
959 1771 1177 1839 regibus
1204 1773 1529 1835 inserviunt,
1558 1775 1678 1840 plus
1706 1774 1864 1827 unico

301 1868 575 1910 momento
610 1872 865 1911 curarum
906 1862 1119 1915 illarum
1157 1874 1211 1916 et
1244 1866 1430 1931 quotid
1460 1880 1691 1917 auorum
1732 1865 1864 1932 ipsis

298 1943 680 1999 discriminum
722 1952 941 2016 angoris
977 1953 1319 2023 miseriaeque
1358 1956 1661 2022 patiuntur,
1699 1974 1863 2025 quant

298 2037 403 2091 sibi
437 2041 686 2107 privatim
719 2059 916 2098 vacans
945 2054 1057 2099 toto
1087 2050 1401 2116 experiatur
1429 2050 1509 2103 vel
1539 2050 1868 2119 longissume

301 2130 425 2184 vita:
459 2133 662 2199 spatio;
698 2150 865 2203 quare
904 2138 1070 2190 nimis
1104 2154 1231 2193 caro
1269 2142 1469 2193 emitur
1502 2142 1589 2195 illa
1624 2144 1866 2205 claritas.

302 2231 361 2274 ut
397 2238 504 2275 non
542 2224 1042 2295 incomparabiliter
1075 2230 1247 2285 videri
1286 2235 1635 2300 expatibilior
1669 2237 1870 2293 debeat

301 2328 402 2381 pax
432 2324 486 2366 et
519 2317 785 2373 securitas
813 2320 1034 2374 obscuri
1068 2332 1231 2391 atque
1263 2325 1477 2393 inglorii
1512 2328 1628 2380 otii.

371 2404 460 2460 ιν.
503 2407 583 2461 Ad
614 2423 677 2461 ea
707 2409 793 2461 leo
825 2426 963 2478 pene
998 2412 1169 2467 iratus
1202 2418 1528 2469 recusationi
1564 2430 1670 2471 tam
1704 2422 1870 2487 perti-

302 2498 447 2562 naci,
482 2499 608 2553 Plus
642 2500 772 2555 satis
801 2502 1124 2566 verborum,
1157 2506 1352 2575 inquit,
1381 2519 1463 2562 est
1494 2526 1507 2562 :
1542 2511 1677 2564 nihil
1706 2513 1872 2565 audio

306 2591 445 2644 ultra
469 2631 484 2651 .
523 2608 705 2646 meum
746 2594 853 2649 erit
890 2596 1177 2664 providere
1216 2608 1274 2651 ut
1314 2609 1433 2654 tuto
1467 2603 1610 2670 apud
1652 2619 1736 2656 me
1774 2606 1869 2658 sis.

302 2682 381 2734 Τιι
406 2723 420 2742 ,
454 2683 537 2738 fac
570 2686 713 2752 quod
744 2685 912 2756 jubeo
947 2700 1109 2757 teque
1144 2690 1209 2744 ad
1249 2693 1612 2747 ministerium
1648 2698 1873 2764 accinge

301 2773 444 2837 quod
480 2775 720 2844 injungo.
756 2776 857 2831 Cui
908 2779 1035 2833 lhos
1064 2797 1077 2833 :
1110 2780 1347 2845 Faciam,
1380 2785 1621 2843 domine.
1654 2788 1874 2855 quando

303 2868 383 2917 sic
417 2864 673 2934 imperas.
710 2868 812 2923 Sed
851 2886 918 2923 ne
955 2888 1039 2926 me
1075 2874 1310 2927 amando
1347 2876 1567 2944 perdas,
1600 2886 1653 2933 et
1683 2894 1870 2933 verum

307 2958 360 3009 in
406 2973 490 3011 me
533 2961 839 3028 reperiatur
879 2964 1015 3018 illud
1062 2966 1237 3036 adagii
1279 2969 1519 3035 vulgaris
1561 2989 1573 3023 :
1620 2971 1873 3025 Amicitia

308 3050 684 3117 intempestiva
716 3070 811 3121 par
837 3055 964 3110 odio
992 3068 1096 3120 est,
1128 3069 1177 3113 te
1208 3059 1457 3115 obtestor
1486 3079 1581 3131 per
1606 3065 1871 3133 quidquid

1962 576 2241 628 moderate
2293 578 2478 629 omnia
2530 585 2586 630 et
2639 576 3000 644 plausibiliter
3046 576 3311 646 gerentis.
3361 576 3539 628 nullas

1960 666 2254 719 admodum
2312 667 2505 730 daret,
2565 668 2863 722 incubuere
2920 668 3123 721 malitia
3184 667 3539 733 conspirante

1962 773 2145 827 pravae
2177 768 2389 811 mentes
2421 759 2485 811 ad
2521 775 2722 811 novum
2758 761 3069 815 ministrum
3122 756 3535 827 quomodocun-

1962 867 2068 921 que
2098 851 2586 905 comminisccndis
2614 854 2905 907 calumniis
2936 851 3319 906 evertendum.

2034 943 2097 999 ν.
2134 944 2273 1011 Ergo
2313 960 2435 997 cum
2470 945 2561 997 diu
2604 944 2804 998 frustra
2838 962 3052 998 onmem
3095 945 3145 997 in
3181 947 3363 996 thoem
3398 941 3537 1009 lapi-

1962 1036 2085 1089 dem
2118 1038 2437 1098 mmissent.
2473 1037 2743 1091 constanti
2774 1053 2901 1106 erga
2937 1052 3061 1089 eum
3102 1037 3275 1089 leonis
3302 1035 3538 1088 benevo-

1962 1130 2129 1183 lentia
2179 1131 2353 1198 palam
2389 1141 2657 1189 exstante.
2700 1130 2932 1198 quadam
2970 1129 3059 1181 die
3086 1126 3391 1195 conspicati
3423 1127 3539 1179 leo-

1964 1238 2089 1274 nem
2110 1222 2307 1290 cupide
2329 1223 2555 1289 iussisse
2593 1231 2649 1275 ut
2675 1224 2917 1289 quaedam
2943 1235 3068 1274 esca
3092 1220 3195 1287 ipsi
3228 1218 3536 1287 gratissima

1966 1315 2068 1367 sibi
2127 1315 2391 1383 postridie
2430 1325 2832 1383 apponeretur,
2895 1328 3014 1366 eam
3077 1312 3177 1380 ipsi
3214 1311 3375 1364 furati
3443 1325 3539 1378 per

1967 1418 2209 1471 noctem,
2246 1408 2296 1459 in
2334 1407 2576 1461 absentis
2605 1407 2742 1460 forte
2773 1416 2904 1459 tunc
2944 1406 3090 1459 thois
3116 1407 3275 1456 domo
3308 1404 3541 1455 abscon-

1966 1498 2189 1551 derunt.
2228 1498 2363 1551 Tum
2393 1498 2481 1552 die
2507 1511 2722 1567 postera
2756 1497 3057 1566 requirenti
3087 1496 3271 1549 cibum
3306 1493 3538 1561 impera-

1970 1600 2081 1642 tum
2119 1590 2263 1659 regi,
2302 1600 2358 1643 et
2388 1590 2524 1644 irato
2560 1590 2705 1659 quod
2749 1590 2793 1643 is
2828 1606 2938 1643 non
2981 1597 3304 1657 appareret,
3346 1597 3537 1637 omnes

1968 1697 2032 1733 ex
2056 1680 2310 1734 condicto
2335 1693 2628 1750 praesentes
2652 1682 2744 1751 qui
2774 1682 2957 1735 dolum
2987 1674 3540 1740 instruxerant,‘nul-

1971 1754 2075 1826 lam
2119 1784 2291 1826 artem
2342 1774 2652 1827 vaferrimze
2687 1773 3003 1827 calliditatis
3037 1771 3343 1825 omiserunt
3375 1779 3540 1835 quam

1971 1868 2087 1921 fore
2121 1870 2311 1922 utilem
2361 1869 2454 1923 tali
2496 1877 2741 1936 tempore
2785 1864 3124 1921 concitandas
3162 1863 3303 1932 regis
3352 1862 3443 1914 ira:
3484 1858 3540 1911 in

1973 1959 2154 2010 thoem
2191 1958 2470 2011 absentem
2509 1967 2752 2011 nossent.
2797 1957 3036 2010 Primum
3092 1955 3219 2008 ﬁcto
3262 1953 3319 2005 in
3356 1964 3537 2019 regem

1972 2046 2154 2099 studio
2193 2047 2319 2099 dum
2353 2047 2439 2099 ille
2464 2047 2781 2115 indignatur
2818 2055 2873 2100 et
2905 2046 3056 2111 furit,
3089 2046 3242 2111 quasi
3285 2044 3461 2097 territi
3486 2051 3542 2096 et

1972 2138 2466 2192 solliciticoouutes
2492 2139 2542 2191 in
2573 2140 2861 2199 circulum,
2895 2140 2963 2190 ita
3004 2137 3233 2190 invicem
3266 2135 3538 2188 submisse

1974 2232 2355 2288 mussitabant.
2391 2241 2447 2283 ut
2479 2231 2719 2283 exaudiri
2754 2242 2930 2284 tamen
2970 2236 3191 2299 possent
3228 2227 3539 2280 studerent-

1972 2336 2099 2389 que,
2130 2321 2241 2375 (λιιι-
2292 2323 2533 2374 celamus
2563 2323 2700 2375 ultra
2732 2322 2873 2391 quod
2924 2321 3129 2375 scimus
3161 2320 3183 2372 ?
3217 2319 3375 2372 Fides
3415 2333 3542 2385 erga

1974 2415 2275 2482 principem
2326 2429 2426 2467 nos
2463 2414 2607 2484 cogit
2632 2414 2810 2468 labem
2845 2414 2921 2467 illi
2967 2412 3255 2467 enuntiare
3280 2411 3544 2463 domesti-

1974 2521 2113 2565 cam.
2149 2509 2277 2563 licet
2299 2517 2487 2561 contra
2518 2514 2769 2576 potentes
2809 2504 3137 2559 veniendum
3179 2504 3247 2557 sit
3292 2512 3346 2557 et
3380 2514 3543 2571 caput

1974 2603 2345 2672 obiiciendum
2382 2610 2534 2655 certo
2579 2598 2904 2653 discrimini.
2950 2598 3246 2652 Prievaleat
3298 2595 3544 2665 periculo

1975 2712 2030 2750 οι
2062 2694 2342 2749 formidini
2391 2692 2609 2761 privata:
2634 2692 2871 2744 Charitas
2905 2690 3068 2759 regis,
3123 2695 3179 2740 et
3204 2703 3312 2756 quo
3341 2688 3390 2740 ei
3420 2701 3548 2741 con-

1975 2788 2216 2841 sulamus
2256 2786 2371 2843 alca
2397 2799 2527 2838 sane
2558 2782 2748 2836 salutis
2785 2792 2983 2838 nostra:
3018 2781 3273 2849 jaciatur.
3307 2776 3401 2831 llis
3447 2792 3546 2832 su-

1977 2878 2207 2932 surratis
2237 2894 2298 2930 ea
2331 2876 2502 2929 leonis
2553 2874 2753 2926 vicinia
2784 2880 2841 2925 ut
2884 2871 2953 2924 ab
2982 2886 3046 2923 eo
3077 2869 3437 2929 sentirentur.
3478 2868 3543 2919 il-

1978 2969 2089 3022 lum
2140 2982 2407 3021 consensu
2446 2966 2680 3027 adeunt,
2746 2973 2803 3017 ct
2850 2964 2899 3016 ei
2942 2961 3211 3031 profunde
3266 2960 3538 3021 salutato,

1979 3059 2260 3119 Novimus,
2316 3057 2557 3117 domine,
2615 3056 2890 3123 inquiunt,
2936 3054 3059 3121 quis
3096 3052 3192 3106 tibi
3254 3050 3541 3119 prandium

305 3152 387 3193 PS!
425 3142 519 3195 libi
558 3146 871 3201 Venerabile
907 3158 1000 3201 aut
1036 3151 1264 3205 charum
1288 3192 1302 3213 ,
1339 3154 1564 3221 dignare
1598 3158 1707 3226 jam
1748 3159 1877 3212 hinc
1905 3146 1945 3201 C
1980 3150 2259 3211 averterit.
2322 3149 2777 3217 peceavimusque
2833 3147 3098 3199 hactenus
3146 3144 3289 3213 quod
3348 3142 3544 3195 timore

309 3233 439 3285 eihi
491 3235 773 3302 polliceri,
819 3239 862 3292 si
913 3241 1131 3308 quando
1180 3244 1459 3312 contingat
1509 3263 1590 3301 me
1636 3251 1879 3304 accusari

308 3323 449 3388 apud
488 3335 536 3377 te
558 3365 572 3387 ,
605 3341 712 3380 non
747 3327 1085 3383 crediturum
1122 3341 1172 3385 te
1205 3333 1543 3390 delatoribus
1575 3339 1794 3400 statim,
1828 3348 1881 3392 at

313 3413 763 3484 interpositurum
796 3428 1011 3489 tempus
1036 3423 1295 3477 idoneum
1323 3426 1651 3483 discussioni
1680 3441 1733 3484 et
1761 3446 1884 3485 exa-

313 3506 481 3565 mini,
513 3523 614 3561 nec
650 3509 781 3563 mihi
822 3512 924 3565 nisi
962 3515 1215 3568 convicto
1252 3533 1465 3583 poenam
1504 3520 1881 3576 decreturum.

313 3593 425 3649 Hoc
454 3607 714 3665 praeterea
742 3614 894 3671 rogo.
926 3612 980 3655 ut
1010 3603 1108 3657 ista
1140 3604 1309 3659 utaris
1338 3613 1551 3663 ratione
1583 3610 1636 3663 in
1665 3610 1881 3665 delectu

314 3686 722 3746 ministrorum:
760 3693 987 3747 attende
1031 3696 1182 3763 prius
1216 3698 1674 3767 quemadmodum
1716 3701 1789 3754 illi
1830 3702 1882 3755 in

314 3794 373 3831 re
404 3781 611 3848 privata
642 3797 700 3836 se
728 3786 1000 3851 gesserint
1029 3805 1040 3838 :
1070 3786 1138 3840 ab
1166 3803 1232 3840 eo
1260 3789 1406 3842 enim
1432 3791 1525 3859 qui
1556 3808 1667 3845 ειη
1696 3793 1883 3848 domui

315 3872 455 3924 male
487 3872 801 3939 praefuerit.
830 3877 1107 3944 quomodo
1136 3894 1355 3947 sperare
1387 3882 1547 3937 liceat
1582 3888 1885 3955 rempubli-

315 3978 433 4015 cam
464 3964 603 4017 bene
632 3967 963 4031 gerendam?
997 3970 1164 4023 Porro
1185 3982 1235 4025 te
1254 3974 1647 4043 alloquentium
1680 3990 1732 4032 et
1762 3980 1883 4036 dis-

317 4054 592 4107 cernenda
631 4056 897 4121 conditio,
915 4067 969 4111 et
993 4075 1090 4126 pro
1109 4063 1375 4118 varietate
1393 4068 1672 4133 qualitatis
1689 4071 1882 4136 agendi

320 4142 491 4197 forma
521 4148 888 4211 temperanda.
918 4150 971 4204 Si
1008 4162 1056 4205 te
1087 4152 1157 4205 illi
1192 4169 1289 4207 usu
1324 4172 1505 4211 rerum
1537 4168 1590 4213 et
1620 4163 1885 4229 sapientia

319 4244 599 4301 superent,
644 4238 747 4291 illis
790 4239 1135 4309 obtempera;
1178 4245 1221 4299 si
1276 4255 1326 4300 te
1372 4248 1490 4315 plus
1533 4266 1695 4319 quam
1741 4253 1887 4322 ipsos

318 4338 509 4391 supere
547 4340 609 4379 ac
649 4326 701 4379 in
746 4332 995 4394 praesenti
1039 4348 1095 4387 re
1130 4335 1315 4390 videre
1358 4338 1454 4391 tibi
1496 4342 1570 4394 sis
1611 4344 1883 4407 conscius,

321 4415 456 4468 doce
498 4416 617 4471 illos
651 4428 705 4471 ct
742 4421 1047 4478 rationibus
1081 4427 1366 4482 convinee.
1403 4429 1496 4483 Sin
1539 4433 1787 4498 peritiam

323 4506 429 4559 illis
468 4523 530 4560 ac
571 4511 914 4577 prudentiam
959 4516 1102 4569 haud
1146 4525 1236 4571 tua
1284 4522 1538 4585 majorem
1580 4522 1885 4591 deprehen-

321 4597 437 4655 des.
462 4616 561 4651 nec
587 4612 922 4667 contemnas,
947 4621 1048 4659 nec
1076 4610 1256 4661 statim
1289 4610 1541 4665 admittas
1568 4616 1708 4682 quod
1738 4631 1886 4669 asse-

323 4698 468 4751 runt,
494 4690 586 4744 sed
622 4696 845 4749 consule
880 4698 931 4750 in
968 4699 1207 4752 medium
1239 4717 1301 4754 ac
1334 4702 1563 4761 discute.
1593 4707 1725 4759 citra
1756 4723 1887 4762 con-

323 4782 618 4837 tentionem
651 4792 851 4847 tamen,
881 4803 1004 4842 nam
1036 4790 1148 4844 Inec
1179 4804 1233 4844 ct
1269 4795 1601 4861 maiestatem
1637 4797 1883 4862 dedecet,

319 4884 373 4925 ct
405 4874 469 4926 ad
502 4875 617 4928 veri
653 4876 1094 4945 dijudirationem
1131 4883 1309 4935 obstat
1346 4887 1526 4952 potius
1558 4903 1719 4955 quam
1758 4905 1889 4943 cou-

320 4968 445 5019 ιρι-ι.
477 4964 600 5019 Haec
626 4980 939 5022 curaturum
970 4973 1491 5044 observaturumque
1518 4992 1576 5030 se
1611 4994 1735 5046 rege
1768 4996 1889 5046 pro-

318 5056 427 5109 l:xe
463 5059 727 5125 pollicito,
764 5061 887 5116 tbos
923 5062 1448 5120 administrationem
1485 5084 1665 5122 rerum
1700 5085 1885 5139 capes-

321 5150 469 5204 sivit.
502 5150 711 5206 Summi
746 5168 804 5207 se
837 5155 986 5209 illum
1018 5155 1194 5210 facere
1224 5158 1312 5212 leo
1342 5160 1515 5226 palam
1548 5159 1883 5228 declarabat,

321 5243 457 5296 nihil
490 5244 626 5299 clam
659 5245 758 5314 ipsi
790 5245 1027 5311 habens,
1059 5249 1179 5317 ejus
1206 5251 1495 5304 consilium
1530 5252 1581 5305 in
1614 5257 1760 5307 omni
1794 5271 1889 5309 ne-

321 5334 473 5402 gotio
515 5337 765 5402 audiens,
806 5354 996 5394 omnes
1040 5339 1178 5393 infra
1229 5341 1381 5394 illum
1433 5342 1731 5398 testimans.
1777 5344 1887 5399 lloe

322 5430 634 5495 spectaculo
683 5446 835 5485 nova:
882 5432 1030 5485 thois
1068 5436 1209 5501 apud
1259 5435 1472 5489 leonem
1521 5440 1709 5505 gratia:
1752 5440 1888 5494 aula:

323 5519 500 5570 oculis
531 5519 830 5587 proposito,
865 5522 1049 5576 mirari
1084 5539 1275 5578 omnes
1308 5529 1765 5597 sermmibusqne
1800 5545 1889 5583 ce-

324 5610 538 5663 lebrare
574 5611 911 5680 inopinatum
948 5629 1168 5677 casum;
1205 5616 1473 5683 primores
1504 5629 1685 5672 autem
1720 5621 1890 5673 comi-

325 5712 467 5754 tatus
495 5701 655 5755 tacite
684 5702 819 5771 ringi
850 5704 1045 5774 urique
1078 5708 1289 5766 intime.
1317 5710 1710 5762 dissimulando
1739 5712 1881 5763 haud

323 5793 480 5848 facile
522 5794 691 5849 livore
732 5808 793 5849 ac
834 5796 1086 5851 videlicet
1135 5800 1478 5855 inhi-abundo
1518 5803 1911 5856 oet-asioiiibus

1831 4435 1963 4527 inD

1983 3239 2288 3294 concitandi
2328 3249 2515 3292 contra
2567 3254 2666 3290 nos
2702 3236 2934 3289 ministri
2970 3234 3340 3303 prmpotentis,
3393 3234 3545 3286 silui-

1985 3348 2139 3385 mus:
2172 3347 2292 3384 nam
2323 3332 2403 3383 vel
2438 3344 2619 3383 uoStra
2655 3339 2802 3383 certa
2835 3328 3074 3397 pernicie
3101 3327 3200 3379 fuit
3230 3327 3325 3378 tibi
3351 3340 3553 3379 consu-

1985 3422 2201 3476 lendum
2242 3441 2254 3485 ;
2289 3422 2549 3491 quidquid
2606 3435 2737 3489 ergo
2788 3420 3006 3472 demum
3044 3418 3169 3471 inde
3230 3429 3547 3471 secuturum

1983 3516 2073 3580 sit,
2103 3515 2279 3568 officio
2301 3532 2367 3568 eu
2412 3526 2597 3568 nostro
2637 3514 2913 3583 fungimur
2937 3551 2952 3574 ,
2983 3512 3287 3565 iudicantes
3318 3509 3437 3573 tibi,
3470 3508 3551 3560 fe-

1986 3609 2117 3661 rina!
2143 3616 2349 3676 partem
2395 3622 2556 3675 quam
2599 3606 2695 3659 tibi
2733 3604 2849 3658 beri
2896 3617 3222 3670 seposueras
3252 3603 3302 3653 in
3333 3610 3546 3669 pastum

1986 3699 2333 3761 hodiernum,
2370 3697 2701 3751 subtractam
2733 3711 2762 3747 a
2800 3696 2928 3749 tboe
2959 3694 3150 3757 fuisse,
3191 3695 3291 3745 hoc
3322 3706 3386 3743 ex
3416 3705 3551 3743 ocu-

1983 3790 2093 3844 lato
2126 3800 2261 3844 teste
2295 3788 2678 3857 comperimus.
2715 3786 2805 3841 Sic
2828 3787 3009 3839 locuto
3046 3784 3268 3837 nomine
3298 3783 3542 3835 onmium

1985 3882 2245 3950 primario
2284 3882 2426 3934 inter
2464 3881 2629 3948 ipsos,
2684 3879 2825 3932 alius
2861 3891 3168 3931 sermonem
3210 3875 3491 3942 excipiens
3525 3890 3541 3927 :

1987 3974 2097 4028 Etsi
2146 3975 2247 4027 hoc
2276 3975 2366 4042 qui
2399 3973 2536 4025 vidit
2574 3971 2778 4032 retulit,
2805 3980 2860 4025 et
2902 3969 2995 4039 qui
3039 3970 3205 4021 vitam
3263 3967 3408 4020 thois
3452 3982 3545 4019 ar-

1985 4080 2173 4119 canam
2197 4079 2227 4118 a
2257 4062 2435 4131 specie
2463 4061 2891 4115 diversissimam
2914 4062 3378 4125 iutrospexerunt,
3399 4056 3499 4107 llal?
3528 4054 3539 4087 l

1986 4159 2222 4210 alienum
2250 4155 2318 4207 ab
2339 4154 2457 4222 ejus
2486 4152 2617 4205 vafri
2644 4151 2981 4204 simulatoris
3008 4149 3221 4202 occulta
3245 4147 3510 4200 voracitat

1987 4247 2188 4301 factum
2236 4246 2556 4313 intelligant,
2593 4253 2769 4295 tamen
2811 4243 2938 4311 quia
2996 4249 3073 4303 tu,
3108 4240 3350 4301 domine,
3386 4240 3539 4305 longe

1987 4338 2091 4390 alia
2126 4336 2193 4389 de
2229 4335 2355 4388 thoe
2392 4333 2655 4402 opinaris,
2692 4348 2798 4385 non
2834 4332 3069 4399 petimus
3100 4340 3156 4381 ut
3180 4330 3403 4391 credas,
3452 4337 3544 4380 sed

1992 4438 2051 4482 ut
2086 4427 2286 4495 inquiri
2342 4426 2407 4479 de
2441 4439 2498 4477 re
2540 4424 2751 4493 jnbeas.
2805 4422 3053 4475 Addebat
3091 4420 3273 4472 alter:
3308 4420 3363 4473 Si
3422 4419 3544 4471 thos

1991 4518 2347 4573 convincatur
2370 4517 2532 4583 hujus
2554 4514 2819 4575 criminis,
2848 4513 3211 4580 intelligemus
3233 4525 3354 4563 vera
3378 4509 3543 4562 etiam

1988 4615 2156 4667 fuisse
2186 4628 2304 4681 qua:
2336 4610 2503 4663 multa
2537 4609 2602 4662 de
2630 4609 2720 4660 illo
2762 4607 3101 4667 ferebantur,
3138 4619 3245 4656 non
3277 4602 3553 4656 credenti-

1990 4706 2091 4758 bus
2139 4704 2344 4756 multis.
2375 4701 2718 4754 Exclamabat
2751 4699 2890 4751 alius
2926 4714 2939 4749 :
2973 4696 3108 4750 Vere
3145 4697 3214 4749 ita
3245 4704 3363 4757 est;
3402 4694 3549 4746 frau-

1987 4796 2192 4851 dulenti
2242 4803 2297 4847 et
2347 4793 2485 4846 clam
2534 4791 2762 4859 improbi
2795 4804 3066 4856 nunquam
3120 4787 3186 4840 ad
3246 4795 3549 4838 extremum

1988 4884 2177 4936 latent.
2210 4881 2321 4949 Ego
2345 4881 2486 4934 inter
2530 4880 2651 4933 illos
2682 4879 2757 4931 fui
2792 4878 2992 4930 multos
3024 4877 3114 4943 qui
3167 4877 3345 4927 thoem
3387 4874 3547 4926 iuno-

1988 4974 2363 5029 centissimum
2419 4981 2692 5039 putarent,
2742 4982 2949 5023 etcum
2994 4983 3023 5021 a
3063 4968 3166 5021 fide
3212 4967 3391 5036 dignis
3419 4981 3549 5019 sane

1988 5065 2192 5120 atrocia
2215 5078 2465 5132 peccasse
2487 5064 2661 5131 ipsum
2681 5061 2948 5123 audirem,
2971 5058 3266 5112 renuebam
3290 5058 3545 5120 credere;

1990 5170 2135 5209 nunc
2176 5155 2366 5207 ultimo
2406 5153 2510 5205 hoc
2571 5150 2945 5219 experimento
2995 5150 3141 5201 larva
3193 5148 3269 5201 illi
3308 5147 3551 5200 detracta

1989 5258 2093 5302 est.
2152 5246 2307 5300 Alius
2343 5244 2565 5313 quidam
2619 5242 2831 5296 dicebat
2867 5259 2880 5295 :
2914 5240 3051 5295 Cum
3117 5240 3351 5309 primum
3406 5240 3552 5291 hunc

1991 5344 2171 5397 thoem
2232 5338 2363 5402 vidi,
2395 5337 2639 5391 suboluit
2685 5336 2819 5387 mibi
2872 5336 2990 5403 ejus
3028 5333 3273 5402 nequitia
3310 5349 3325 5395 ;
3380 5341 3549 5384 testes

1990 5434 2121 5487 mihi
2154 5440 2280 5485 sunt
2316 5430 2403 5481 hic
2425 5438 2587 5496 atque
2618 5426 2705 5479 ille
2743 5425 3077 5492 (nominabat
3107 5425 3307 5489 certos)
3353 5422 3552 5489 quibus
3596 5444 3601 5449 λ

1990 5539 2128 5592 szepe
2152 5522 2284 5584 dixi,
2325 5536 2445 5589 quae
2501 5520 2551 5572 iu
2580 5534 2645 5574 eo
2675 5520 2866 5586 vulgus
2918 5518 3225 5577 miraretur,
3264 5515 3396 5567 nihil
3448 5512 3553 5565 nisi

1990 5614 2292 5685 praestigias
2336 5621 2390 5665 et
2423 5614 2603 5664 fucum
2633 5626 2752 5663 esse
2796 5609 3204 5675 obductumqne
3262 5604 3549 5657 tectorium

1996 5703 2354 5773 improbitati.
2415 5704 2566 5756 Alter
2602 5701 2867 5769 quiSpiam
2918 5700 2997 5751 sic
3048 5699 3409 5762 erumpebat:
3446 5693 3558 5747 Hoc

2009 5798 2287 5851 enimvero
2332 5812 2435 5848 non
2486 5781 2687 5847 l'u'rtum
2730 5794 2902 5844 salum
2937 5798 3036 5852 est,
3066 5788 3161 5843 sed
3193 5786 3561 5856 saeiilegiam,
