4016 6534
512 368 651 433 1943
700 432 704 436 ,
1926 392 2098 453 Al'Pf

2166 394 2315 456 ’DIX
3618 395 3752 459 ιλιι

507 484 602 539 sed
648 486 1004 544 intolerabilis
1053 490 1271 548 licentia
1340 498 1605 555 violanda:
1662 518 1797 560 anstt
1857 507 2066 563 nefario
2097 515 2141 568 Δ
2171 509 2394 579 spexisti
2427 510 2586 566 fidem
2627 522 2683 566 ct
2712 511 3040 582 probitatem
3071 510 3253 567 tltois?
3282 518 3339 566 et
3373 510 3524 566 illum
3570 522 3751 566 tamen

508 581 1018 680 ξδξδξξτίθηηὶθεῑειξδ-
1054 584 1395 643 Αυάίεὺεὶιιιι·
1419 600 1473 646 et
1495 593 1722 651 alterius
1752 597 1869 653 haec
1914 615 2012 653 vox
2056 617 2074 654 :
2177 611 2285 658 tam
2334 604 2446 659 cito
2507 581 2733 676 propter
2781 605 3301 661 inverisimillimnm
3358 605 3566 658 crimen
3617 604 3753 658 sub-

509 666 819 764 ml_m_r°x
871 672 963 742 qm
1012 689 1329 734 ⁸⁰¹Ἰ¹¹θηί¹¹¹¹
1361 681 1583 739 domum
1642 686 1787 740 "1038
1823 704 1837 750 ς
1870 690 2073 743 cubilia
2179 700 2363 750 tracta.-
2417 666 2747 762 carunculae,
2781 696 2847 751 ad
2884 696 3219 751 delationem
3262 695 3583 750 aemulorum
3632 695 3754 764 ejus

510 761 736 816 sceleris
794 763 1298 834 depreltendentur.
1331 787 1383 827 et
1435 788 1657 844 corpus,
1695 779 1839 848 qttod
1899 780 2074 846 aiunt,

2179 787 2389 842 scelere
2423 787 2788 858 flagrantium,
2838 806 2903 842 cx
2944 790 3137 842 fraude
3174 789 3511 859 perfidiaque
3545 761 3754 841 confla-

512 855 690 922 ipsutn
727 855 910 911 delicti
945 862 1239 917 tenebitur.
1274 866 1498 932 Verum,
1535 869 1861 939 adjtmgt-l-at
1911 873 2074 935 alius,
2179 883 2359 928 torum
2391 916 2405 942 ,
2486 855 2643 947 morti
2715 878 3019 933 addixisti?
3082 855 3274 934 Nescis
3344 878 3575 948 capitale
3632 892 3757 931 esse

510 948 912 1040 Pmperandutn
948 951 1000 1004 in
1037 953 1137 1005 hoc
1166 964 1330 1021 esset,
1364 973 1486 1011 nam
1512 962 1813 1028 periculum
1839 961 1893 1016 in
1927 978 2075 1016 mora
2154 954 2422 1035 'reg’ibns,
2455 968 2576 1021 aliis
2620 971 2965 1024 committere
2994 986 3113 1039 qua
3142 984 3331 1040 gerere
3373 985 3471 1039 per
3500 983 3623 1022 sese
3651 966 3755 1035 ipsi

508 1044 637 1100 ,cst;
681 1039 936 1131 etalius,
972 1041 1128 1131 Male
1185 1060 1378 1100 vereor
1414 1063 1483 1101 ne
1524 1049 1645 1103 lbos
1709 1052 2078 1107 astntissimus
2181 1056 2434 1112 debent?
2464 1059 2580 1113 Non
2636 1061 2788 1114 vides
2824 1062 2915 1131 qui
2948 1063 3133 1115 vinum
3183 1070 3395 1124 emunt,
3443 1076 3607 1129 quam
3667 1058 3757 1112 di-

511 1127 791 1222 consu-etis
842 1130 1090 1185 artificiis
1131 1132 1363 1189 fascinet
1409 1136 1607 1191 iterum
1637 1155 1837 1209 regem,
1883 1149 1938 1194 et
1969 1150 2076 1194 tam
2177 1147 2415 1218 ligentcr
2435 1150 2585 1220 prius
2618 1127 2904 1221 explorent
2935 1154 3195 1217 colorem;
3220 1127 3474 1218 odorem,
3506 1160 3754 1222 gustum,

516 1217 794 1316 manifesti
859 1222 1108 1278 criminis
1182 1226 1455 1281 mendaci
1506 1227 1823 1285 defensione
1894 1240 2077 1285 notam
2180 1255 2248 1294 ne
2275 1257 2380 1309 qua
2427 1217 2559 1311 ipsis
2595 1217 2748 1316 fraus
2782 1245 3149 1316 flat?quanto
3199 1246 3371 1315 magis
3410 1217 3569 1299 decet
3597 1258 3758 1314 reges

514 1305 725 1405 ⁸¹¹ξῖ¹ξχ
840 1400 852 1405 _
1146 1404 1153 1405 ί
1950 1346 1955 1349 ⁷
2181 1330 2557 1386 curiosissime
2606 1333 2863 1405 indagare
2896 1344 3093 1389 cuncta
3125 1335 3177 1388 in
3200 1334 3420 1401 negotio
3448 1334 3500 1387 in
3528 1349 3641 1403 quo
3668 1333 3758 1387 ni-

590 1398 674 1452 Vl.
687 1399 821 1454 Cum
840 1400 915 1455 ita
935 1418 1123 1459 omnes
1142 1404 1562 1463 insidiosissimo
1578 1424 1845 1465 consensu
1863 1411 2078 1466 leonem

2181 1419 2258 1475 ltil
2290 1422 2470 1478 minus
2518 1441 2679 1494 quam
2719 1398 2869 1497 regni
2902 1427 3047 1481 salus
3077 1398 3299 1497 agiturvl
3335 1398 3583 1481 Minister
3615 1424 3759 1478 fidus

521 1488 765 1585 undique
812 1507 1087 1585 urgerent,
1129 1507 1187 1552 et
1236 1498 1411 1568 ipsum
1470 1501 1845 1571 perturbatum
1895 1504 2081 1557 dolore
2185 1529 2252 1570 ac
2293 1488 2550 1581 prudens“
2595 1488 2881 1569 brachium
2933 1488 3183 1571 dextrum
3241 1516 3526 1585 principis.
3566 1514 3758 1583 reipu-

512 1581 728 1650 prandii
763 1583 1051 1649 subtracti,
1070 1588 1234 1657 jussit
1262 1592 1350 1644 ille
1384 1593 1564 1647 tboem
1592 1592 1775 1649 subito
1798 1597 1998 1655 vocari.
2024 1603 2082 1651 et
2183 1605 2340 1660 lilicm
2397 1607 2803 1660 ﬁrmamentum
2864 1622 2927 1661 ac
2970 1581 3380 1661 columenve”,
3423 1581 3557 1659 ‘Non
3586 1581 3760 1675 igitur

512 1686 581 1726 ex
628 1677 879 1742 pra-senti
912 1680 1189 1736 minaciter
1242 1694 1591 1753 percontatus
1628 1699 1731 1752 est,
1772 1689 1865 1742 ubi
1906 1688 2081 1743 ferina
2183 1697 2469 1765 oportebat
2518 1705 2570 1751 te
2612 1696 2703 1750 alii
2755 1696 2924 1752 ﬁdere
2962 1701 3016 1751 in
3042 1696 3355 1766 agnitione
3397 1696 3521 1750 talis
3550 1709 3757 1757 causa,

513 1774 660 1859 ⁸⁵⁸θὲ
681 1782 842 1834 quam
864 1768 966 1839 ipsi
991 1772 1304 1828 "admissa
1327 1776 1503 1847 Ρνῖάίθ
1519 1778 1839 1832 servandam
1861 1779 1884 1832 3
1908 1779 2074 1837 Τιιοεο
2108 1844 2148 1859 __
2186 1790 2488 1859 praesertim
2520 1804 2667 1854 cum,
2704 1800 2764 1844 ut
2790 1788 2925 1853 dixi,
2960 1789 3108 1843 nulla
3133 1787 3614 1843 verisimilitudine
3641 1786 3757 1841 cri-

514 1858 661 1926 qnod
696 1875 783 1914 res
836 1870 979 1925 erat,
1025 1844 1348 1934 simpliciter
1386 1870 1674 1940 respondit
1722 1888 1780 1925 se
1829 1870 2072 1925 curaturi

2183 1844 2306 1937 inen
2340 1881 2563 1936 nitatur.
2585 1882 2871 1948 Quomodo
2897 1883 3043 1935 enim
3076 1881 3169 1950 qui
3201 1881 3557 1949 temperantia
3589 1892 3757 1945 spon-

513 1963 688 2017 penus
723 1955 1092 2021 reponendam
1124 1961 1485 2014 commisisse.
1537 1960 1738 2017 Aderat
1769 1964 1907 2017 forte
1948 1963 1993 2017 is
2019 1972 2077 2018 et

2185 1981 2341 2028 lanea
2394 1972 2560 2044 (quod
2601 1974 2859 2029 omnibus
2904 1983 2992 2028 est
3045 1972 3414 2040 notissimum)
3459 1970 3611 2041 omni
3650 1966 3756 2023 sibi

513 2055 928 2113 Pramccupalus
963 2062 995 2101 θ
1032 2049 1521 2106 calumniatoribus
1550 2054 1746 2120 fuerat,
1778 2070 1947 2124 quare
1981 2069 2075 2123 pa-
2186 2063 2476 2118 interdixit
2503 2079 2599 2118 esu
2633 2064 2903 2123 carnium.
2931 2063 3080 2118 credi
3104 2063 3276 2132 possit
3297 2062 3524 2115 ferinam
3552 2075 3584 2114 e
3609 2072 3757 2128 penu

458 2166 459 2169 η
513 2132 622 2187 lam
667 2139 885 2207 negavit
915 2154 971 2193 se
1003 2156 1033 2194 a
1084 2141 1209 2197 thoe
1235 2143 1532 2212 quidquam
1584 2146 1881 2214 accepisse.
1922 2146 2076 2203 Tunc
2186 2162 2274 2207 tua
2316 2152 2707 2206 subtraxisse?
2736 2151 2903 2221 Finge
2935 2152 3058 2222 gula
3087 2152 3291 2205 victum
3328 2167 3342 2204 :
3375 2149 3604 2203 deerant
3643 2162 3759 2200 nta-

512 2224 663 2279 misit
723 2244 815 2282 rex
865 2230 957 2298 qui
1006 2241 1390 2288 scrutarentur
1424 2235 1645 2289 domum
1712 2237 1876 2296 tltois.
1928 2238 2075 2307 ipsos
2182 2246 2316 2300 cella
2379 2244 2660 2315 locupleti,
2702 2243 2932 2298 deerant
2977 2258 3203 2297 numera
3256 2241 3507 2296 certatim
3570 2238 3757 2292 oblata

511 2318 859 2372 commodum
890 2322 981 2389 qui
1008 2322 1252 2377 fraudem
1279 2325 1632 2381 adornarant.
1655 2327 1716 2381 Hi
1744 2329 1925 2382 statim
1956 2341 2076 2398 post
2182 2345 2532 2398 venatorum,
2580 2352 2679 2404 per
2707 2351 2827 2404 qua:
2849 2334 3134 2403 cupiditati
3168 2331 3545 2386 satisfaceret?
3574 2331 3643 2382 At
3672 2330 3724 2381 in

513 2404 744 2463 ferinam
782 2413 935 2480 quasi
993 2414 1135 2482 apud
1173 2416 1355 2470 tboem
1403 2417 1457 2471 in
1516 2419 1738 2473 latebris
1801 2431 2074 2491 repertam
2181 2438 2345 2481 venta
2374 2426 2521 2480 domi
2557 2427 2673 2495 ejus
2706 2425 2879 2479 ferina
2909 2433 2997 2478 tua
3028 2423 3153 2478 est?
3194 2422 3399 2491 Nempe
3453 2421 3524 2475 ab
3561 2421 3631 2473 iis
3658 2417 3754 2488 qui

512 2497 659 2552 leoni
679 2501 1015 2559 detulerunt.
1041 2505 1230 2561 Adfuit
1258 2508 1399 2564 inter
1416 2510 1658 2580 reliquos
1684 2512 1847 2582 lupus
1868 2514 2074 2576 senior,
2183 2518 2287 2587 ipsi
2332 2519 2585 2573 sublraxe
2598 2526 2739 2581 rant,
2768 2518 2869 2587 ipsi
2898 2533 2965 2571 eo
2992 2516 3315 2580 intulerant,
3342 2523 3400 2568 nt
3420 2514 3604 2567 tboem
3628 2527 3759 2581 pel"

513 2590 799 2646 simulator
830 2594 1003 2658 vafer,
1041 2597 1133 2666 qui
1169 2598 1364 2653 famam
1402 2602 1628 2670 justitize
1663 2619 1728 2658 ac
1770 2607 2076 2661 sanctitatis
2182 2608 2398 2684 tierent.
2434 2608 2514 2662 An
2544 2618 2629 2662 est
2674 2608 2969 2661 obscnrnm
3006 2622 3195 2661 onmes
3227 2606 3361 2684 istos
3406 2604 3632 2658 invidiae
3665 2619 3755 2655 ra-

515 2680 640 2736 ficta
675 2684 939 2740 modesta
972 2688 1281 2759 collegerat.
1322 2692 1374 2746 ls
1401 2695 1642 2763 graviter
1668 2704 1722 2750 et
1762 2698 2071 2767 diligenter,
2183 2678 2273 2754 bie
2298 2702 2352 2753 in
2387 2715 2512 2753 cum
2545 2700 2729 2753 furere
2764 2699 2788 2752 τ
2841 2698 3040 2754 Vident
3072 2678 3329 2766 occupari
3362 2697 3431 2750 ab
3470 2711 3538 2749 eo
3572 2696 3754 2749 locum

512 2774 682 2828 vitata
715 2777 859 2830 omni
891 2781 1201 2847 suspicione
1234 2782 1328 2838 ira
1358 2794 1452 2837 aut
1476 2785 1685 2850 livoris,
1729 2791 1997 2857 suggessit
2018 2791 2073 2843 in
2182 2807 2343 2855 quem
2371 2789 2476 2844 sibi
2506 2788 2758 2865 ambiunt
2785 2807 2800 2854 ;
2840 2803 2977 2858 opes
3006 2790 3143 2857 ejus,
3179 2788 3467 2852 honorem,
3507 2786 3757 2839 auctori-

515 2879 703 2920 aurem
737 2867 848 2937 regi
887 2886 901 2922 :
932 2867 988 2923 Si
1021 2871 1232 2925 veniant
1268 2874 1410 2943 apud
1450 2886 1503 2929 te
1541 2876 1751 2931 invenit
1785 2888 1889 2931 tam
1921 2890 2076 2933 atrox
2185 2893 2373 2945 tatem,
2416 2882 2558 2951 apud
2598 2890 2650 2936 te
2681 2883 2937 2951 gratiam.
2966 2896 3182 2950 propria
3217 2880 3547 2933 detrimenta
3577 2877 3753 2930 inter-

511 2964 570 3011 et
600 2959 945 3014 manifestum
979 2963 1176 3026 scelus,
1197 2965 1379 3019 nullus
1393 2967 1495 3019 erit
1523 2967 1721 3022 deinde
1744 2971 1832 3039 qui
1863 2970 2076 3026 deferre
2184 2985 2471 3046 pretantur
2499 2991 2514 3040 ;
2546 2983 2797 3044 spectare
2848 2972 3135 3025 ﬂorentem
3191 2970 3344 3024 illum
3390 2977 3567 3022 morte
3598 2967 3755 3036 pejus

515 3048 688 3103 ullum
755 3051 1014 3107 indicium
1075 3055 1279 3110 audeat
1334 3057 1754 3114 machinationis
1812 3062 2072 3132 cujusvis,

2185 3071 2438 3126 ducunt:
2478 3071 2558 3124 sic
2592 3067 2798 3121 vulturi
2844 3078 3052 3137 partem
3087 3062 3373 3119 cadaveris
3408 3059 3633 3123 ferenti,
3675 3058 3755 3111 sic

510 3144 677 3253 etiam
739 3142 791 3197 in
853 3155 1019 3215 caput
1070 3157 1243 3203 tuum.
1283 3148 1396 3204 Hoc
1451 3150 1536 3204 leo
1574 3153 1761 3208 audito
1803 3156 2074 3226 compingi
2105 3193 2148 3253 α
2186 3163 2309 3218 cani
2335 3177 2456 3216 osse
2484 3171 2637 3230 rapto
2657 3133 3089 3231 fugienti,mnlti
3115 3157 3321 3212 circum
3347 3155 3552 3209 instant
3572 3152 3756 3205 vultu-

514 3233 700 3287 tboem
744 3236 907 3303 jussit
932 3237 984 3290 in
1012 3253 1312 3295 carcerem.
1338 3240 1475 3295 Dum
1518 3243 1571 3299 id
1621 3245 1795 3311 fleret,
1827 3248 2078 3303 adulator
2107 3233 2148 3253 υ
2181 3271 2271 3311 res
2309 3265 2366 3308 et.
2403 3269 2567 3309 canes
2612 3254 2704 3307 alii
2757 3251 2991 3322 praedam
3044 3260 3369 3316 extorquere
3411 3255 3749 3316 satagentes.

512 3325 736 3393 quidam
761 3344 824 3381 ex
852 3331 1184 3394 astantibus,
1227 3334 1461 3397 Dudum,
1494 3335 1591 3397 ait.
1628 3338 1863 3392 mirabar
1892 3355 1921 3392 a
1956 3356 2078 3396 sce-
2178 3344 2238 3399 In
2279 3359 2490 3398 summa
2530 3344 2610 3398 sic
2642 3344 2803 3405 habe.
2840 3343 3045 3396 bellum
3096 3355 3218 3394 esse
3262 3337 3669 3392 internecinum
3698 3346 3755 3387 et

513 3415 690 3470 lerato
740 3418 844 3472 isto
904 3418 1088 3473 fucum
1120 3421 1238 3476 fieri
1272 3425 1754 3493 perspicacissimte
1798 3431 2077 3500 sagacitati
2180 3435 2544 3505 implacabile,
2564 3444 2758 3489 natura
2775 3442 3148 3501 comparatum
3171 3439 3334 3501 atque
3369 3429 3751 3491 commissum,

516 3507 726 3563 domini
761 3511 957 3565 nostri.
990 3512 1103 3568 Sub
1127 3513 1242 3568 hac
1272 3515 1422 3570 misit
1448 3516 1533 3571 leo
1561 3518 1627 3572 ad
1663 3518 1846 3573 tboem
1877 3522 2078 3590 quaesi-
2182 3527 2327 3581 inter
2369 3526 2646 3595 improbos
2687 3524 2937 3580 subditos
2988 3532 3044 3578 et
3075 3523 3280 3577 bonum
3329 3521 3660 3590 principem.
3692 3516 3751 3571 lu

518 3611 669 3655 tores
709 3615 776 3654 ex
822 3602 1013 3657 eadem
1048 3605 1504 3675 sycophantarum
1554 3609 1781 3665 coborte
1812 3613 1904 3680 qui
1949 3628 2076 3667 eum
2181 3630 2250 3670 eo
2272 3615 2416 3670 bello
2443 3614 2607 3668 cardo
2626 3614 2854 3684 periculi
2883 3623 2941 3668 et
2964 3628 3091 3682 spes
3116 3611 3360 3666 victoria
3389 3610 3442 3664 in
3468 3610 3754 3663 ministro-

516 3691 921 3762 interrogarent
947 3694 1000 3747 in
1018 3696 1288 3751 custodia.
1311 3697 1701 3755 Confluxerunt
1720 3702 1794 3756 illi
1822 3719 2081 3773 responsa
2184 3722 2305 3760 rum
2346 3706 2607 3775 qualitate
2635 3706 2868 3759 vertitur
2899 3721 2913 3758 :
2945 3705 3118 3759 vincit
3174 3703 3430 3774 princeps
3470 3702 3519 3756 si
3548 3700 3758 3755 mordi-

512 3783 640 3852 ejus
669 3786 1014 3840 contumacia
1048 3796 1104 3842 et
1137 3790 1533 3845 contumeliosa
1561 3792 1615 3846 in
1646 3793 1969 3863 principem.
1992 3794 2081 3849 cui
2184 3812 2284 3852 cus
2312 3804 2464 3850 tenet
2519 3795 2865 3851 consiliarios
2902 3795 3180 3865 sapientes
3221 3804 3277 3848 et
3318 3794 3545 3858 fideles;
3581 3792 3625 3848 si
3658 3807 3757 3862 pro

512 3880 575 3928 et
604 3885 731 3927 mox
760 3873 951 3928 eadem
981 3885 1373 3946 exaggerantes
1404 3880 1831 3936 invidiosissime
1878 3883 2083 3936 retu|e«
2185 3887 2386 3942 talibus
2414 3886 2687 3941 calumnia
2718 3887 2951 3942 extortis
2979 3897 3126 3943 artes
3155 3887 3404 3956 maligna:
3439 3885 3754 3939 invidorum

424 3970 433 3979 ‘
521 3972 674 4029 runt,
699 3965 836 4020 adeo
854 3975 914 4020 ut
936 3967 1002 4022 iis
1026 3968 1226 4025 auditis
1242 3970 1502 4027 efferatus
1523 3972 1609 4028 leo
1636 3973 1820 4030 tboem
1848 3975 2082 4031 interfici
2185 3975 2468 4046 improbos
2500 3975 2807 4044 infidosque
2846 3965 3132 4029 ministros
3166 3972 3535 4034 obtruserint.
3565 3979 3750 4025 actum

518 4055 827 4141 m‘",d“"°‘-
2186 4066 2255 4122 de
2291 4082 2417 4136 rege
2449 4076 2535 4121 est
2565 4082 2579 4119 :
2609 4066 2857 4121 seditiosi
2889 4065 2959 4120 de
3003 4065 3098 4119 illo
3147 4079 3211 4118 ac
3241 4063 3508 4127 rebelles,
3544 4060 3752 4132 ingenti

594 4147 706 4202 VII.
737 4148 991 4202 Pervenit
1023 4149 1241 4204 interim
1270 4149 1335 4204 ad
1366 4161 1594 4206 matrem
1630 4153 1771 4224 regis
1790 4152 1958 4208 totius
1985 4170 2086 4208 no-
2187 4158 2508 4226 reipublicae
2547 4157 2724 4223 clade,
2769 4155 3211 4226 triumphabunt.
3264 4150 3444 4220 Quare
3486 4153 3544 4207 in
3593 4168 3657 4207 ea
3691 4167 3752 4206 re

518 4239 641 4294 titia
670 4240 977 4294 calumniae.
1013 4242 1140 4296 Haec
1171 4242 1405 4310 primum
1440 4246 1702 4310 omnium,
1749 4245 1894 4315 quod
1926 4247 2085 4301 facile
2185 4258 2433 4303 extremo
2459 4256 2658 4302 conatu
2683 4249 2990 4310 decertare,
3018 4247 3097 4301 sic
3115 4254 3369 4315 tanquam
3394 4259 3497 4314 pro
3517 4244 3629 4297 aris
3654 4258 3755 4312 pu-

516 4340 753 4400 poterat,
791 4341 1009 4400 propter
1033 4334 1415 4389 auctoritatem
1439 4352 1730 4399 summam,
1761 4337 2081 4393 dilationem
2189 4344 2399 4406 gnetet
2429 4334 2586 4399 focis,
2635 4336 2897 4405 princeps
2943 4334 3164 4403 sapiens
3207 4333 3389 4396 debet,
3422 4346 3494 4385 ne
3539 4330 3755 4385 idoneis

518 4423 849 4492 interposuit
891 4424 1181 4493 supplicio.
1222 4422 1360 4478 Tum
1414 4427 1629 4480 leonem
1670 4428 1921 4495 privatim
1986 4444 2083 4500 ag-
2188 4437 2499 4497 compertos
2523 4426 2870 4481 documentis
2897 4426 3104 4495 probos
3142 4439 3206 4479 ac
3242 4425 3476 4479 solertes
3509 4422 3757 4477 admini-

518 4527 724 4584 gressa,
759 4515 932 4578 Onam
971 4516 1043 4569 ob
1091 4530 1337 4577 causam.
1370 4516 1465 4573 ait.
1508 4517 1604 4584 fili,
1632 4519 1919 4587 capitalem
1954 4535 2079 4574 sen-
2107 4524 2159 4584 D
2185 4530 2328 4574 stros
2356 4519 2496 4588 eripi
2542 4518 2643 4573 sibi
2668 4521 2926 4588 patiatur.
2959 4526 3014 4571 et
3043 4526 3102 4571 ιιι
3136 4518 3190 4572 in
3226 4517 3421 4571 horum
3451 4516 3753 4585 perniciem

520 4610 748 4664 tentiam
777 4613 828 4664 in
854 4610 1035 4665 tltoem
1060 4611 1471 4680 pronuntiasti?
1505 4611 1714 4666 Retulit
1741 4612 1828 4665 leo
1851 4627 1971 4679 quae
1990 4626 2087 4665 au—
2189 4611 2429 4665 intentas
2465 4610 2747 4665 machinas
2806 4610 3183 4680 improbitatis
3222 4607 3462 4677 disjiciat
3509 4622 3577 4662 ac
3606 4606 3756 4660 fran-

521 4701 696 4756 dierat
723 4710 778 4756 et
801 4701 1052 4767 viderat;
1085 4711 1142 4756 et
1179 4703 1313 4756 illa:
1357 4702 1668 4767 Festinasti,
1702 4702 1798 4766 fili,
1850 4703 2082 4756 nimium
2186 4710 2298 4772 gat.

521 4796 577 4847 ln
612 4808 670 4847 re
708 4793 929 4847 maximi
959 4794 1220 4849 momenti
1242 4810 1257 4857 ;
1279 4803 1335 4848 et
1350 4804 1614 4863 quantum
1638 4794 1693 4847 in
1728 4803 1778 4848 te
1807 4793 2087 4853 fuit.sera:
2257 4794 2392 4848 Vlll.
2438 4794 2561 4850 Haec
2609 4794 2845 4859 maxime
2877 4794 3063 4864 regina
3110 4793 3437 4858 disserente,
3470 4791 3693 4862 quidam
3720 4805 3754 4846 e

520 4884 620 4940 tibi
655 4886 990 4955 poenitentia:
1021 4886 1073 4940 in
1112 4888 1280 4941 vitam
1312 4887 1579 4955 reliquam
1610 4886 1763 4941 triste
1789 4900 2086 4955 argumeu-
2187 4885 2490 4957 coniuratis
2515 4886 2836 4941 auctoribus
2851 4886 3371 4957 caluntniaa,_sontis
3400 4886 3756 4940 conscientiae

521 4987 637 5032 tum
670 4979 1021 5048 comparasti.
1048 4977 1330 5032 Sustinere
1358 4986 1678 5046 oportuerat
1700 4985 1758 5031 et
1792 4978 2082 5042 cunctari;
2185 4978 2499 5033 convicium
2548 4994 2658 5032 non
2699 4978 2914 5039 ferens.
2969 4978 3207 5049 procidit
3255 4978 3322 5033 ad
3362 4979 3531 5049 pedes
3578 4979 3750 5046 regis,

520 5083 649 5123 nam
692 5069 889 5122 mulier
923 5083 1020 5139 per
1046 5069 1223 5122 virum
1250 5083 1410 5122 suum
1435 5077 1562 5133 stat,
1600 5069 1744 5123 filius
1770 5084 1868 5139 per
1897 5083 2088 5138 paren-
2184 5069 2402 5136 Fateor,
2430 5070 2701 5139 inquiens.
2745 5070 2989 5134 domine,
3018 5072 3199 5126 scelus
3224 5087 3407 5126 meum
3436 5089 3451 5125 :
3484 5071 3752 5125 innocens

523 5172 626 5222 tes.
674 5160 978 5230 discipulus
1005 5177 1104 5231 per
1149 5162 1506 5231 magistrum,
1541 5162 1819 5216 exercitus
1856 5177 1954 5231 per
1981 5162 2083 5216 du-
2187 5164 2311 5218 tltos
2338 5172 2423 5217 cst
2468 5162 2710 5217 criminis
2753 5163 2972 5232 impacti
3003 5180 3018 5227 ;
3052 5178 3156 5232 ego
3205 5163 3433 5217 ferinam
3460 5179 3622 5230 quam
3653 5163 3752 5217 tibi

522 5267 664 5317 cem,
714 5253 946 5321 populus
983 5266 1081 5321 per
1121 5266 1328 5321 regem,
1360 5268 1452 5306 rex
1487 5268 1582 5322 per
1629 5252 1822 5323 legem,
1874 5253 1961 5307 lex
1988 5269 2086 5322 per
2187 5268 2533 5322 seposueras.
2575 5269 2606 5307 e
2638 5270 2782 5323 penu
2813 5265 2903 5308 tua
2943 5254 3179 5320 furatus,
3238 5255 3293 5308 in
3339 5256 3459 5324 ejus
3525 5254 3750 5309 domum

524 5346 892 5415 prudentiam,
942 5345 1232 5415 prudentia
1273 5359 1371 5413 per
1422 5348 1867 5412 cunctationem;
1896 5355 1953 5401 et
1981 5348 2085 5401 ini-
2187 5345 2379 5401 detuli.
2413 5345 2527 5414 Ego
2555 5344 2696 5398 idem
2717 5346 2791 5400 ibi
2826 5362 2946 5399 eam
2982 5346 3076 5399 ubi
3109 5346 3508 5400 absconderam
3543 5345 3749 5414 reperi,

458 5450 464 5455 ·
524 5439 662 5491 tium
706 5437 991 5506 sapientiae
1016 5437 1127 5507 regi
1158 5448 1263 5504 est,
1287 5453 1445 5492 nosse
1467 5438 1569 5493 sibi
1603 5439 1898 5508 subjectos,
1925 5454 1989 5493 ac
2016 5438 2085 5493 de
2188 5436 2446 5505 produxi,
2504 5445 2561 5490 ut
2596 5446 2671 5498 te.
2708 5437 2855 5506 quod
2913 5436 3164 5504 contigit,
3221 5435 3287 5489 ad
3317 5451 3442 5490 eum
3485 5435 3753 5489 damnan-

523 5543 743 5597 quoque
773 5527 1019 5597 ipsorum
1049 5529 1362 5584 existimare.
1383 5540 1545 5600 prout
1575 5545 1756 5585 mores
1784 5531 1906 5600 ejus
1936 5539 2081 5585 sunt.
2186 5531 2319 5585 dum
2378 5529 2734 5600 impellerem.
2786 5529 2909 5583 Feci
2960 5528 3062 5582 hoc
3087 5540 3143 5583 et
3172 5528 3377 5582 malitia
3431 5529 3657 5597 propria
3694 5535 3754 5581 et

526 5619 580 5672 Id
611 5618 656 5672 si
691 5619 935 5685 faceres,
993 5635 1099 5675 non
1150 5621 1433 5676 mirareris
1468 5621 1665 5691 probos
1723 5623 2023 5693 oppugnari
2053 5638 2084 5679 a
2189 5637 2355 5675 suasu
2436 5622 2812 5690 instinctuque
2869 5621 3262 5691 plerorttmquc
3310 5622 3615 5693 aulicorum
3655 5622 3750 5690 qui

438 5761 444 5767 ,
526 5709 897 5776 nequissimis,
959 5727 1058 5765 nec
1089 5711 1246 5765 fidem
1291 5712 1359 5766 iis
1390 5713 1667 5766 tribueres
1722 5713 1923 5781 quibus
1957 5730 2087 5784 snp—
2192 5715 2377 5768 tboem
2417 5714 2655 5783 pessime
2683 5712 2947 5776 oderunt,
2982 5713 3128 5781 quod
3185 5713 3283 5767 tibi
3325 5713 3548 5775 chartis,
3580 5723 3636 5767 ct
3666 5718 3751 5766 nl-

527 5807 579 5863 pt
605 5799 687 5852 cia
719 5799 973 5854 debebas.
999 5799 1190 5854 Nonne
1223 5804 1524 5855 innumeris
1549 5801 1938 5867 experimentis
1966 5817 2085 5869 per-
2148 5831 2169 5852 .
2190 5804 2385 5870 ntiutn,
2420 5814 2478 5859 ttt
2510 5805 2641 5870 ipsis
2673 5805 2910 5869 videtur,
2947 5804 3067 5859 felix
3125 5817 3208 5859 est
3268 5805 3484 5859 Miranti
3535 5804 3601 5860 ad
3636 5806 3753 5860 hac
