4016 6570
366 382 521 445 l3i5'

1279 389 1660 449 SPECIMEN
1702 387 2140 448 SAPl‘ENTl/E
2186 389 2543 451 lNDORUM
2584 389 2733 450 VET

3468 386 3604 453 1346

362 494 501 564 regi,
552 502 607 549 et
637 503 787 569 tanto
816 498 936 568 plus
966 515 1138 570 prauo
1164 499 1230 555 ad
1281 502 1769 571 obtemperandum
1803 514 1910 554 mo-
1949 501 1995 558 Δ
2018 497 2181 567 juriis
2218 498 2441 566 jlasere,
2490 499 2559 554 ab
2606 500 2673 555 iis
2703 513 2844 570 quos
2898 514 2959 555 re
2986 496 3241 554 familiari
3269 497 3600 568 spoliarunt,

358 586 491 640 nitis
520 588 732 650 matris,
772 589 858 643 illa
888 606 1140 645 Sermone
1185 603 1488 661 resumpto,
1530 592 1667 646 lluie
1697 592 1921 662 quidem

359 677 507 731 ultro
556 678 830 746 prolitenti
864 683 1237 750 ptrnitentiam
1265 725 1278 746 ,
1316 692 1492 753 potes,
1534 684 1731 753 inquit,
1776 687 1927 754 igno-

358 781 536 833 scere,
591 781 821 826 creteros
858 775 980 827 illos
1013 790 1247 843 quorum
1301 786 1385 830 est
1432 777 1695 830 scelerata
1727 775 1925 844 depre-

357 860 530 916 hensa
576 862 767 928 coitio,
814 864 880 917 ad
914 882 1080 918 unum
1137 866 1404 921 interfice.
1464 867 1577 921 Nec
1606 878 1926 937 contemnas

358 952 784 1009 imbecillitatem
826 956 1234 1027 plerorumque,
1299 974 1424 1012 nam
1488 959 1591 1012 etsi
1628 957 1750 1012 fano
1789 959 1923 1013 nihil

359 1045 648 1111 humilius,
702 1049 839 1103 nihil
882 1050 1172 1111 infirmius,
1240 1060 1418 1106 tamen
1476 1068 1543 1107 ex
1578 1068 1644 1104 eo
1675 1056 1924 1121 manipu-

356 1135 506 1191 latim
540 1140 745 1194 intorto
781 1141 939 1210 funes
977 1151 1270 1197 nectuntur
1300 1144 1390 1213 qui
1445 1143 1608 1198 etiam
1664 1145 1926 1213 clephan-
1988 1194 1997 1203 _

355 1236 440 1282 tes
457 1229 679 1298 alligent
713 1248 729 1296 ;
773 1233 953 1287 limem
988 1250 1119 1287 vero
1151 1236 1333 1288 statim
1361 1251 1558 1290 censeo
1593 1238 1646 1294 in
1686 1238 1923 1306 priorem

355 1320 625 1373 restituas
668 1323 893 1377 honoris
923 1325 1172 1393 gradum,
1202 1326 1408 1394 tibique
1432 1325 1577 1379 omni
1615 1343 1714 1395 ope
1736 1327 1923 1379 conci-

356 1412 478 1464 lies.
507 1411 659 1467 Tunc
710 1415 798 1469 leo
841 1433 857 1472 :
897 1417 1110 1470 Faciam
1154 1418 1295 1487 quod
1332 1419 1510 1488 jubcs.
1541 1429 1733 1485 mater,
1760 1418 1924 1472 etiam
1954 1471 1961 1478 ,

354 1517 474 1555 mea
511 1512 737 1570 sponte;
776 1521 900 1559 nam
936 1520 1162 1577 purgata
1200 1509 1501 1569 calumnia.
1553 1509 1843 1579 revigcscit
1870 1510 1922 1564 in

353 1610 477 1646 meo
518 1597 703 1649 animo
740 1597 977 1652 Charitas
1021 1599 1073 1651 in
1134 1601 1340 1665 tboem,
1407 1603 1564 1671 cujus
1591 1601 1755 1654 etiam
1804 1616 1927 1669 pro-

353 1685 651 1741 videntiam
685 1689 969 1752 recordor,
1012 1691 1128 1745 hrec
1152 1707 1272 1760 quae
1339 1691 1686 1762 contigerunt
1725 1691 1923 1761 pr:evi«

352 1776 555 1841 dentis,
594 1789 649 1833 et
690 1781 821 1834 mihi
857 1782 1201 1850 suggerentis
1245 1783 1396 1837 utilia
1438 1785 1792 1854 przecavendo
1835 1800 1925 1839 er-

353 1871 489 1926 rori.
516 1873 615 1925 nisi
649 1873 779 1926 laeva
827 1890 982 1927 mens
1007 1872 1216 1929 fuisset.
1253 1875 1556 1944 Rogaverat
1578 1877 1749 1931 enim.
1788 1883 1848 1930 ut
1871 1875 1915 1930 si

350 1963 569 2029 quando
596 1962 814 2031 aliquod
851 1964 967 2033 ejus
989 1964 1196 2018 crimen
1228 1965 1538 2021 deferretur
1571 1965 1635 2019 ad
1661 1982 1764 2024 me.
1793 1983 1915 2022 sus-

354 2054 583 2107 tinerem
610 2055 874 2125 judicium
935 2071 1107 2121 usque
1140 2056 1206 2110 ad
1238 2057 1646 2127 inquisitionem
1679 2048 1913 2124 plenam,

351 2147 520 2212 quod,
567 2146 673 2201 heu
710 2148 835 2201 mel
876 2164 981 2201 non
1036 2149 1163 2213 feci,
1195 2150 1288 2203 sed
1319 2150 1512 2203 faciam
1546 2150 1589 2202 si
1617 2150 1751 2203 alias
1783 2164 1914 2205 usus

349 2236 555 2291 incidet
590 2255 604 2292 :
646 2241 793 2293 serio
844 2240 989 2294 enim
1043 2243 1270 2309 ιιωιιὶιοι
1312 2251 1417 2295 tam
1460 2241 1719 2296 damnose
1763 2240 1916 2294 festi-

348 2345 528 2383 nasse.
573 2329 668 2384 llis
706 2331 867 2387 dictis
921 2333 1207 2388 confestim
1242 2334 1343 2388 sibi
1379 2333 1493 2388 sisti
1520 2334 1683 2403 jussit
1727 2334 1909 2395 tboem

349 2419 602 2482 liberum,
626 2430 682 2474 et
704 2421 1009 2491 insignibus
1050 2434 1300 2476 ornatum
1327 2423 1607 2493 dignitatis
1629 2425 1868 2492 pristinae
1894 2442 1909 2491 ;

347 2527 508 2579 quem
544 2511 896 2581 amplectens,
934 2512 1272 2576 Erravimus,
1311 2513 1508 2584 inquit,
1537 2514 1631 2569 sed
1671 2516 1911 2568 cireum-

349 2601 497 2654 vcnti
534 2602 673 2656 dolis
705 2603 883 2657 malis.
923 2602 1210 2672 Sapienter
1236 2621 1263 2658 a
1296 2614 1348 2659 te
1378 2605 1696 2673 pratmonita
1722 2605 1912 2660 incon-

346 2694 488 2747 sulte
512 2683 885 2764 negleximits;
916 2711 1106 2748 verum
1137 2696 1227 2749 icti
1258 2697 1553 2761 sapiemus,
1581 2711 1682 2750 nec
1712 2696 1779 2750 de
1809 2711 1912 2750 ca:-

347 2795 465 2837 tero
525 2788 592 2839 ab
649 2787 957 2842 istiusmodi
1021 2788 1236 2841 insidiis
1281 2788 1587 2857 perieulum
1644 2787 1740 2842 tibi
1800 2797 1906 2842 est.

346 2874 512 2943 Perge
540 2892 767 2930 securus
793 2875 1035 2931 ferendis
1067 2893 1130 2931 ac
1161 2877 1459 2947 partiendis
1495 2877 1777 2932 nobiscum
1809 2892 1908 2932 cu-

346 2965 420 3015 ris
447 2966 681 3033 imperii.
722 2965 822 3021 Cui
858 2967 1000 3023 thus.
1028 2967 1098 3022 Ut
1142 2964 1304 3022 talem
1337 2984 1422 3022 me
1452 2968 1675 3037 probes,
1706 2967 1905 3039 inquit,

345 3057 560 3119 qualem
606 3060 705 3113 ista
740 3058 1055 3129 dignatione
1104 3060 1330 3116 Credere
1364 3060 1630 3126 ostendis,
1673 3060 1776 3116 hoc
1798 3070 1904 3125 est,

2026 588 2094 641 ah
2124 589 2190 642 iis
2220 604 2358 658 quos
2389 590 2507 643 sine
2556 605 2718 645 causa
2768 590 2963 645 exsilio
3026 591 3378 653 mulctarunt,
3436 589 3603 644 abiis

2027 694 2168 748 quos
2225 680 2545 736 fraudarunt
2588 682 2842 738 mercede
2904 697 3083 752 operae
3121 690 3216 736 aut
3267 681 3598 752 stipendiis,

2026 777 2288 841 praeterea
2317 773 2384 824 ab
2412 772 2613 831 avaris,
2643 774 2710 825 ab
2749 773 3192 843 inexplebilibus.
3249 774 3487 842 denique
3528 774 3601 827 ab

2029 860 2137 914 illis
2164 861 2257 930 qui
2283 862 2531 930 publicas
2564 862 2830 917 utilitates
2867 864 3088 932 propria
3119 863 3315 916 damna
3343 873 3601 932 reputan-

2030 959 2133 1013 tes.
2169 953 2465 1021 desperant
2504 969 2561 1005 se
2601 968 2763 1022 posse
2800 951 2940 1018 fieri,
2979 955 3084 1007 nisi
3114 956 3391 1008 communi
3430 954 3601 1007 infor-

2029 1045 2205 1104 tunio,
2226 1042 2432 1098 felices.
2461 1044 2582 1097 llos‘
2602 1060 2792 1098 omnes
2813 1045 3072 1114 princeps
3106 1047 3324 1114 sapiens
3357 1045 3596 1098 hostium

2029 1134 2148 1186 loco
2198 1133 2400 1187 habere
2446 1150 2474 1188 a
2503 1151 2671 1204 seque
2734 1150 3013 1189 removere
3046 1136 3364 1204 longissime
3408 1117 3595 1190 debet:

2027 1223 2140 1278 Etsi
2165 1225 2311 1277 enim
2343 1226 2505 1293 culpa
2545 1235 2738 1279 vacant
2764 1229 2944 1295 priora
2978 1237 3217 1295 quatuor
3268 1242 3491 1295 genera,
3520 1236 3598 1279 ta-

2028 1331 2151 1368 men
2187 1332 2417 1385 magnus
2447 1318 2607 1370 dolor
2638 1334 2703 1371 ex
2728 1318 2930 1371 damno
2961 1318 3105 1386 quod
3134 1326 3262 1372 sunt
3310 1319 3451 1387 passi
3499 1334 3596 1372 ve-

2029 1405 2340 1461 risimiliter
2381 1407 2504 1460 illos
2551 1409 2857 1462 stimularet
2890 1409 2957 1462 ad
2989 1425 3095 1462 non
3124 1409 3506 1472 omittendam,
3547 1410 3592 1463 si

2030 1515 2271 1568 unquam
2328 1509 2665 1564 occurreret,
2701 1510 2795 1554 aut
2850 1502 3014 1554 etiam
3053 1501 3199 1554 ultro
3245 1501 3593 1569 quaerendam

2029 1591 2465 1661 captandamque
2541 1593 2887 1646 occasionem
2957 1592 3204 1646 ultionis.
3243 1592 3372 1645 Sine
3431 1592 3596 1662 igitur

2033 1680 2288 1734 recedere
2328 1697 2412 1733 me
2447 1680 2499 1734 iu
2530 1681 2736 1734 dudum
2769 1691 3012 1750 optatam
3047 1681 3426 1747 solitudinem,
3454 1699 3594 1753 prte-
3684 1688 3695 1699 ‘

2031 1772 2218 1826 Sertim
2249 1787 2371 1824 cum
2428 1773 2788 1841 opportunior
2820 1773 3083 1842 deinceps
3114 1790 3274 1843 quam
3322 1775 3477 1844 prius
3507 1789 3597 1828 ca-

1955 1837 1995 1891 B
2025 1861 2248 1916 lumniis
2278 1862 2376 1915 sim
2423 1862 2642 1916 futurus
2674 1879 3030 1932 prrsevcrans
3071 1865 3121 1917 in
3152 1849 3478 1919 ministerio.
3510 1864 3596 1918 Si-

2018 1952 2238 2022 quidem
2281 1952 2510 2008 conﬂata
2570 1954 2768 2008 iterum
2806 1955 2973 2024 (quod
3030 1955 3191 2008 vitari
3224 1957 3437 2024 nequit)
3476 1956 3591 2022 pari

2018 2042 2147 2097 huic
2194 2045 2247 2097 in
2282 2060 2366 2099 me
2399 2046 2637 2099 coitione
2672 2046 3051 2115 improborum
3103 2047 3253 2102 falsis
3294 2063 3381 2101 me
3434 2047 3593 2102 testi-

2016 2135 2217 2189 moniis
2248 2137 2703 2206 oppugnantium,
2741 2139 2964 2192 accedet
3008 2139 3103 2193 tibi
3133 2153 3271 2193 nova
3297 2153 3457 2193 causa
3480 2138 3590 2192 eri-

2017 2228 2336 2283 minationis
2367 2230 2717 2284 admittendre
2747 2230 3142 2300 credendaque
3165 2271 3179 2294 ,
3213 2231 3358 2298 quod
3396 2231 3591 2286 existi-
3677 2302 3681 2307 θ

2017 2334 2168 2373 mare
2220 2319 2419 2372 merito
2453 2321 2659 2387 petaris
2714 2321 2974 2374 memoria
3005 2336 3087 2375 me
3118 2321 3328 2391 injuria:
3352 2331 3592 2388 acceptae

2017 2409 2187 2474 priori
2245 2409 2597 2479 damnatione
2633 2410 2699 2466 ad
2759 2411 2856 2464 tibi
2898 2411 3207 2466 noeendum
3273 2410 3586 2466 incitatum.

2013 2498 2112 2555 llic
2139 2518 2249 2565 rex,
2281 2502 2476 2556 iterum
2500 2503 2833 2572 amplectens
2867 2503 3067 2569 tboem,
3110 2502 3269 2564 Vera,
3302 2503 3498 2572 inquit,
3532 2503 3589 2558 in

2014 2593 2138 2648 aliis
2168 2593 2268 2647 ista
2298 2594 2408 2648 sint
2432 2610 2553 2662 qua:
2584 2594 2785 2664 allegas
2814 2612 2827 2646 :
2873 2604 2965 2648 tua
3005 2594 3383 2648 sincerissima
3426 2594 3587 2648 boni-

2017 2694 2098 2739 tas
2126 2684 2256 2737 mihi
2290 2685 2628 2753 perspectior
2659 2693 2743 2739 est
2773 2701 2937 2754 quam
2980 2695 3039 2737 ut
3089 2700 3423 2754 quocunque
3482 2701 3587 2739 no-

2011 2775 2156 2831 mine
2209 2784 2498 2845 suspectus
2549 2791 2785 2845 unquam
2831 2791 2955 2830 esse
2990 2776 3168 2845 possis
3197 2785 3292 2843 aut
3332 2775 3534 2830 debeas
3567 2792 3582 2840 ;

2011 2884 2078 2923 ne
2111 2885 2274 2939 porro
2301 2869 2427 2934 ista,
2472 2868 2615 2922 unde
2652 2869 2889 2923 intentas
2920 2869 3055 2923 mihi
3093 2880 3324 2932 metum,
3376 2868 3587 2931 iniuriae

2010 2958 2271 3012 memoria
2318 2959 2370 3010 in
2430 2967 2481 3010 te
2528 2957 2787 3022 resideat,
2840 2957 3068 3012 efﬁciam
3115 2957 3397 3012 beneﬁciis
3443 2957 3584 3010 mul-

2012 3049 2325 3119 tiplicandis
2342 3049 2547 3117 quibus
2576 3050 2722 3103 illam
2753 3057 2846 3104 aut
2869 3050 3158 3104 obliterem
3189 3061 3283 3103 aut
3309 3050 3534 3102 obruam
3562 3065 3581 3115 ;

346 3151 442 3202 tibi
495 3150 661 3203 lidum
716 3159 769 3202 et
805 3168 900 3204 ver
922 3151 1086 3206 ssime
1142 3147 1491 3216 benevolum,
1552 3151 1677 3204 audi
1729 3166 1907 3203 meum
1942 3163 1984 3222 ς
2021 3151 2079 3195 ιιι
2117 3158 2222 3210 qua
2254 3141 2284 3194 li
2308 3142 2356 3195 ie
2389 3134 2624 3211 coépisti.
2664 3158 2826 3212 perge
2864 3142 2999 3196 mihi
3036 3154 3091 3197 et
3128 3140 3455 3211 reipublicae
3486 3158 3585 3196 na-

344 3241 655 3301 consi’ium,
692 3250 748 3295 ct
774 3241 850 3296 sic
886 3242 1048 3305 habe,
1099 3242 1234 3295 nihil
1280 3257 1397 3296 esse
1449 3242 1619 3311 magis
1665 3242 1906 3296 salutare

345 3332 565 3391 regibus
600 3348 760 3401 quam
788 3335 1131 3387 subditorum
1176 3333 1389 3387 sincere
1433 3328 1672 3388 fidelium
1707 3333 1907 3387 admit-

344 3432 455 3473 ιρι-α·
485 3422 655 3475 libera
688 3423 889 3476 monita
917 3432 1179 3477 eteorum
1201 3424 1643 3495 suggestionibus
1663 3421 1899 3478 deferre.

341 3512 461 3564 Aio.
499 3527 603 3563 non
633 3511 892 3579 expedire
922 3511 1018 3565 tibi
1051 3529 1134 3565 me
1164 3512 1398 3580 amplius
1430 3512 1485 3565 in
1519 3511 1715 3565 intimo
1741 3510 1904 3564 mini-

342 3600 509 3654 strio
550 3601 768 3666 habere,
808 3602 941 3656 mihi
1004 3602 1238 3670 amplius
1272 3600 1460 3657 ﬁdere.
1517 3602 1694 3671 Reges
1746 3595 1928 3655 enim'

340 3698 557 3756 oportet
589 3690 694 3743 sibi
736 3706 929 3746 cavere
967 3691 1036 3746 ab
1086 3691 1153 3746 iis
1182 3707 1320 3762 quos
1358 3691 1780 3746 vehementibus
1819 3690 1905 3745 in-

2014 3249 2140 3288 vare
2170 3249 2413 3302 operam,
2449 3233 2640 3303 majori
2672 3234 2835 3287 etiam
2871 3249 3034 3303 quam
3065 3234 3341 3288 hactenus
3384 3234 3583 3287 alacri-

2014 3333 2145 3379 tate.
2177 3325 2483 3380 Restitutus
2514 3325 2643 3379 inde
2674 3324 2801 3379 thos
2829 3336 2916 3379 est
2941 3325 2993 3378 in
3026 3324 3272 3394 pristinae
3305 3323 3582 3395 fastigium

2012 3416 2311 3486 dignitatis,
2344 3416 2548 3487 ingenti
2577 3425 2632 3472 et
2666 3417 2893 3471 honoris
2928 3426 2985 3473 et
3018 3417 3204 3487 gratiae
3250 3427 3582 3487 augmento,

2010 3507 2216 3577 talique
2246 3508 2496 3577 exemplo
2527 3508 2885 3573 declaratum,
2917 3523 3076 3578 posse
3107 3508 3385 3562 interdum
3433 3516 3582 3562 recte

2011 3614 2167 3669 reges
2201 3599 2363 3652 inniti
2404 3614 2628 3654 securos
2652 3600 3018 3655 reconciliatae
3040 3598 3198 3670 prius
3223 3614 3253 3652 a
3277 3613 3335 3653 se
3364 3609 3585 3653 vexato-

2014 3705 2137 3744 rum
2174 3689 2592 3745 benevolentia.
2668 3674 2673 3683 ’

1345 3922 1873 3985 DISSERTATIO
1910 3925 2053 3984 PAR
2068 3923 2412 3984 ABOLICA
2453 3922 2570 3983 XI.

345 4037 542 4114 (luam
576 4047 759 4122 turpe
792 4043 874 4105 sit
924 4044 1167 4124 ingrati
1220 4047 1418 4109 animi
1447 4048 1668 4108 vitiu‘m
1700 4051 1768 4110 in
1807 4046 2053 4109 [tamine
2105 4057 2411 4109 monstrat
2449 4048 2725 4128 exemplo
2758 4048 3122 4126 bestiarum,
3158 4058 3214 4113 et
3252 4049 3329 4112 ab
3373 4071 3439 4112 eo
3472 4051 3580 4112 de-

1487 4136 1679 4187 terret
1708 4129 2040 4208 proposita
2081 4128 2212 4207 ejus
2234 4130 2435 4205 pwna’.

413 4248 642 4317 Rogavit
672 4250 798 4305 inde
828 4255 1326 4323 gymnosophistam
1362 4270 1453 4310 rex
1490 4255 1902 4320 Abessalomus,

344 4349 402 4392 ut
459 4340 702 4399 indicare
768 4343 873 4397 sibi
927 4359 996 4398 ne
1052 4356 1370 4414 gravaretur
1426 4348 1510 4401 cui
1559 4348 1902 4418 potissimum

342 4434 550 4503 generi,
573 4442 628 4488 et
644 4450 753 4505 quo
776 4436 1011 4492 maxime
1029 4440 1249 4504 merito,
1266 4450 1325 4495 et
1342 4440 1636 4510 gratiﬁcari
1654 4452 1710 4497 et
1733 4443 1899 4498 ﬁdere
1935 4464 1940 4471 ·

2013 4254 2104 4310 ubi
2157 4266 2341 4309 autem
2382 4255 2656 4325 ingratum
2703 4255 2942 4326 aliquem
2990 4272 3087 4313 rex
3130 4256 3578 4327 deprehenderit.

2012 4346 2288 4400 amovebit
2312 4361 2341 4399 a
2370 4362 2428 4401 se
2449 4345 2604 4400 illum
2626 4347 2775 4401 omni
2799 4349 3033 4412 ratione.
3063 4349 3109 4403 si
3131 4351 3352 4419 quidem
3383 4353 3580 4421 sapiet,

2022 4454 2124 4493 nec
2163 4439 2325 4492 ullam
2375 4454 2615 4508 unquam
2660 4440 2755 4493 tali
2797 4449 3004 4507 partem
3047 4440 3174 4495 fidei
3212 4442 3437 4497 tribuet.
3471 4442 3583 4497 lloc

346 4541 499 4594 reges
513 4525 771 4583 debeant.
795 4527 975 4600 Super
996 4545 1063 4584 eo
1093 4541 1433 4600 argumento,
1473 4543 1754 4603 resumpto
1783 4549 1875 4589 ser
1937 4539 1986 4597 ῃ
2011 4539 2222 4583 naturae
2256 4528 2430 4595 ipsius
2455 4544 2577 4583 esse
2596 4529 2865 4600 judicium
2903 4531 3093 4586 bestia:
3115 4533 3168 4585 in
3196 4532 3301 4588 hoc
3327 4536 3581 4603 exemplo

344 4630 530 4677 mone,
561 4618 1004 4688 gymnosophista
1041 4620 1342 4689 disiiutavit
1370 4623 1424 4675 in
1451 4622 1599 4677 hunc
1629 4624 1850 4679 modum
1885 4644 1898 4679 :

415 4706 456 4760 l.
486 4707 791 4764 Beneticum
819 4724 940 4767 esse
971 4727 1154 4783 regem
1190 4716 1447 4768 convenit
1506 4716 1559 4770 in
1615 4728 1801 4786 gratos
1848 4725 1905 4771 et

343 4798 610 4854 beneficio
632 4801 847 4869 dignos,
878 4818 1076 4883 neque,
1104 4816 1161 4858 ut
1197 4822 1339 4875 saepe
1373 4808 1450 4868 lit,
1488 4809 1901 4866 ellunderesine

339 4892 555 4945 delectu
589 4906 721 4961 opes
749 4893 994 4961 publicas
1026 4896 1078 4950 in
1108 4898 1542 4966 consanguineus
1569 4909 1625 4953 et
1648 4901 1899 4969 privatim

341 4983 448 5036 sibi
481 4984 698 5048 charos,
726 4995 1006 5056 utcunque
1024 4987 1132 5055 jam
1154 4988 1208 5041 bi
1241 4988 1351 5042 sint
1381 4989 1601 5053 divites,
1636 5007 1906 5060 pauperes

345 5086 526 5128 autem
566 5085 954 5134 contemnere:
996 5092 1186 5132 verum
1231 5095 1298 5133 ex
1352 5080 1438 5135 bis
1481 5081 1576 5152 qui
1627 5082 1901 5136 observati

338 5167 550 5223 fuerint
602 5169 812 5239 judicio
871 5170 1098 5240 pollere,
1161 5182 1532 5243 prtestareque
1583 5175 1900 5243 prudentia,

342 5258 604 5314 honorari
651 5275 680 5314 a
727 5261 975 5332 principe
1010 5264 1282 5333 ditarique
1313 5266 1638 5319 muneribus
1661 5275 1905 5335 oportet.

347 5350 461 5403 l‘rre
482 5355 698 5406 caeteris
730 5362 912 5408 autem
945 5370 1129 5409 amore
1159 5371 1222 5409 ac
1250 5356 1616 5412 beneficentia
1657 5360 1907 5428 comple—

344 5441 527 5496 ctendt
554 5453 703 5504 sunt,
731 5444 913 5513 qu'se
943 5446 1100 5500 factis
1132 5446 1419 5516 probarint
1451 5457 1685 5517 acceptae
1719 5449 1907 5524 gratiae

346 5548 619 5588 memores
656 5534 790 5591 etin
817 5538 1105 5593 occasione
1148 5538 1485 5606 rependeudi
1540 5538 1718 5593 meriti
1772 5538 1907 5592 lide-

348 5624 475 5677 lster
504 5625 723 5680 sedulos
762 5644 775 5680 :
817 5641 846 5679 a
894 5626 1096 5680 talibus
1125 5628 1271 5680 enim
1314 5636 1554 5697 tempore
1594 5643 1694 5682 suo
1740 5629 1907 5697 duplo

347 5727 665 5786 exspectare
710 5718 885 5772 vicem
922 5716 1083 5772 ollicii
1135 5720 1328 5787 poterit
1366 5719 1447 5788 (ut
1488 5719 1633 5772 enim
1684 5718 1906 5787 quidam

348 5810 423 5864 ait
447 5811 754 5880 sapientum
783 5827 796 5865 :
829 5809 1002 5866 llomo
1023 5810 1233 5866 homini
1260 5824 1545 5866 occursum
1573 5808 1907 5881 fenerator);

2004 4621 2268 4677 docuere.
2309 4621 2581 4674 Foderant
2610 4623 2662 4675 in
2697 4638 2827 4691 agro
2858 4624 3095 4691 quodam
3136 4626 3329 4680 rustici
3367 4626 3578 4680 foveam

2004 4713 2148 4767 leoni
2189 4713 2304 4766 loca
2337 4713 2427 4767 illa
2470 4713 2751 4768 inti-stanti
2782 4715 3075 4783 capiendo.
3104 4716 3304 4770 Verum
3342 4717 3396 4770 in
3433 4717 3573 4772 hanc

2006 4804 2225 4858 incaute
2286 4805 2411 4858 illac
2457 4815 2656 4859 euntes
2712 4805 3029 4860 inciderunt
3077 4808 3318 4876 primum
3366 4809 3577 4862 aurifex

2005 4897 2251 4965 quidam,
2294 4897 2500 4951 deinde
2545 4896 2762 4959 simius,
2808 4911 2931 4951 mox
2979 4896 3167 4957 draco,
3205 4906 3483 4966 postremo
3525 4909 3578 4950 et

2006 5001 2252 5055 serpens.
2295 4987 2659 5057 Conspicatus
2703 4987 2755 5041 id
2804 4987 2944 5042 forte
2980 5003 3048 5042 ex
3080 4987 3261 5041 vicina
3309 4988 3431 5042 loco
3468 4990 3578 5043 cel-

2008 5076 2138 5138 lula,
2195 5094 2305 5147 quo
2344 5078 2654 5133 diversorio
2702 5078 2910 5133 dudum
2966 5078 3247 5142 utebatur,
3300 5079 3580 5132 solitarius

2007 5167 2229 5236 aliquis,
2267 5169 2347 5221 vir
2389 5170 2586 5229 bonus,
2637 5168 2739 5233 En,
2787 5169 2993 5237 inquit,
3028 5168 3120 5223 ille
3165 5168 3355 5222 infelix
3389 5169 3575 5230 homo,

2007 5270 2205 5328 praeter
2238 5260 2603 5314 ealantitatcm
2639 5274 2825 5323 casus,
2861 5259 3026 5313 etiam
3066 5274 3095 5313 a
3129 5259 3371 5316 dracone
3410 5272 3575 5327 atquc

2008 5367 2185 5422 angue
2216 5352 2490 5406 devolutis
2527 5353 2719 5407 eodem
2761 5353 3138 5421 periclitatur;
3190 5368 3297 5407 non
3325 5352 3572 5408 omittam

2009 5444 2356 5500 occasionem
2388 5445 2669 5498 servandae
2713 5445 2910 5499 anima:
2950 5452 3006 5499 et
3049 5445 3319 5499 mercedis
3358 5454 3576 5499 aeternae

2012 5536 2103 5589 tali
2146 5535 2297 5604 operi
2346 5539 2639 5605 proposita:
2690 5536 2985 5590 lucrandae.
3020 5535 3099 5588 lla
3133 5536 3221 5588 ille.
3284 5551 3472 5590 secum
3511 5551 3575 5590 ac

2012 5642 2135 5680 mox
2191 5638 2411 5681 strenue
2465 5643 2789 5698 progressus
2822 5627 2888 5681 ad
2937 5643 3089 5680 oram
3140 5627 3331 5691 foveae,
3388 5626 3576 5681 funem

2012 5719 2254 5784 detrusit,
2286 5721 2587 5775 inclamans
2615 5720 2845 5784 homini,
2877 5727 2938 5774 ut
2964 5720 3117 5773 illum
3149 5719 3435 5787 arriperet,
3457 5718 3578 5789 ejus

2015 5825 2117 5870 ene
2141 5811 2540 5867 extrahendus.
2569 5810 2672 5866 Sed
2698 5810 3104 5880 prmoccupavit
3135 5811 3275 5865 saltu
3302 5809 3495 5866 simius
3518 5816 3577 5865 et
