4016 6590
455 425 589 494 1347

1876 416 2287 482 APPENDIX.

3522 414 3700 484 Δ1348

450 544 688 603 eductus
741 541 956 613 primus
1011 546 1119 603 est,
1170 535 1399 592 secundi
1454 535 1633 607 jactus
1681 533 2014 590 beneﬁcium
2044 531 2096 594 Δ
2122 535 2175 590 in
2206 536 2430 591 domum
2457 552 2613 593 suam
2633 537 2733 608 qui
2757 536 3125 608 corriperent,
3154 545 3469 606 reperturos
3493 536 3549 592 iu
3576 540 3701 608 ejus

451 637 623 692 draco
669 631 975 704 praeripuit.
1028 636 1088 683 ut
1137 642 1369 698 serpens
1420 626 1603 688 tertii;
1659 640 1783 695 qua:
1829 637 2023 678 omnes

448 725 669 782 eductae
685 722 874 777 bestia:
894 719 1034 775 miro
1069 718 1269 774 aﬁectu
1310 716 1515 786 gratias
1544 715 1798 769 eremitte
1821 714 2025 768 refere-

456 818 612 879 bant,
666 814 935 869 addentes
988 822 1045 866 et
1093 810 1408 872 consilium,
1455 807 1612 878 cujus
1658 806 1747 861 ille
1792 805 2021 875 neglecti

456 924 650 978 pta-nas
680 907 803 959 tulit
839 920 856 958 :
895 903 974 958 Ne
1003 917 1184 966 cures,
1214 899 1558 970 inquiebant,
1593 897 1891 962 hominem,
1928 898 2021 967 qui

456 1007 714 1068 superest
753 997 807 1050 in
847 996 1027 1061 fovea,
1060 995 1287 1059 tollere;
1321 992 1612 1062 malignam
1652 991 1826 1044 vicem
1860 990 2026 1043 bene-

461 1091 585 1145 ficio
608 1090 835 1154 reddet;
864 1104 987 1143 nam
1010 1103 1111 1141 nos
1129 1087 1279 1140 illum
1301 1084 1727 1153 ingratissimum
1753 1084 2023 1137 novimus.

462 1183 676 1252 Adjeeit
707 1197 806 1249 pro
839 1197 895 1234 se
928 1180 1123 1234 simius
1157 1196 1171 1233 :
1207 1178 1318 1244 Ego
1346 1177 1595 1230 diversor
1620 1177 1673 1228 in
1704 1176 2025 1229 suburbano
2052 1198 2055 1201 λ

465 1272 706 1327 civitatis
739 1270 953 1323 Zanzur
984 1286 998 1331 ;
1034 1270 1079 1322 si
1111 1284 1216 1337 qua
1247 1280 1296 1322 te
1344 1269 1472 1322 illnc
1505 1283 1740 1335 unquam
1788 1267 2028 1336 peregri—

465 1373 651 1419 natum
677 1378 839 1416 causa
867 1361 1073 1425 tulerit,
1096 1360 1379 1428 experiere.
1401 1375 1485 1412 me
1512 1375 1618 1411 non
1645 1360 2022 1413 immemorem

465 1455 674 1522 gratiae.
704 1453 863 1506 Paria
895 1451 1062 1505 draco
1087 1458 1141 1503 et
1169 1465 1397 1519 serpens
1430 1449 1658 1517 polliciti
1689 1448 1763 1516 (hi
1797 1447 2028 1501 domici-

463 1542 599 1597 lium
633 1542 995 1596 habebantin
1029 1540 1203 1593 muris
1234 1539 1477 1608 ejusdem
1503 1537 1785 1606 civitatis).
1821 1537 1887 1590 ad
1928 1552 2024 1591 sua

464 1635 671 1705 quique
703 1641 1073 1687 recesserunt.
1106 1629 1414 1685 Novissime
1458 1630 1703 1683 omnium
1748 1638 2029 1683 extractus

464 1742 497 1781 e
522 1726 644 1780 lacu
676 1723 905 1787 aurifex,
937 1730 993 1777 et
1022 1723 1137 1791 ipse
1169 1720 1371 1791 gratias
1403 1719 1686 1774 liberatori
1712 1719 1842 1789 egit.
1876 1734 1938 1773 ac
1968 1734 2027 1773 se

465 1817 745 1888 professus
804 1816 859 1871 in
918 1816 1050 1871 urbe
1101 1815 1316 1869 Zanzur
1383 1814 1605 1869 domum
1659 1820 1716 1867 et
1766 1812 2026 1866 familiam

467 1909 692 1974 habere,
717 1910 1013 1978 oblatoque
1040 1909 1084 1963 si
1117 1923 1279 1962 casus
1319 1908 1471 1962 illum
1507 1906 1649 1961 istuc
1690 1904 1881 1963 ferret.
1926 1904 2028 1958 ho-

465 2000 635 2071 spitio
659 2013 714 2055 et
733 2001 1021 2070 obsequio,
1053 2001 1168 2055 vale
1187 2000 1345 2062 dixit,
1370 2007 1424 2054 et
1442 2014 1511 2053 eo
1540 1998 1728 2051 abiens
1761 1996 1867 2050 iter
1893 1996 2030 2051 arri-

465 2093 608 2165 puit.
904 2074 911 2083 ’

534 2183 602 2239 ll.
630 2181 892 2237 Eremita:
917 2181 1117 2236 deinde
1146 2195 1309 2235 causa
1337 2181 1532 2234 incidit
1554 2178 1792 2234 civitatis
1816 2180 2029 2234 Zanzur

429 2252 756 2330 .adeundaz.
784 2272 958 2343 Prope
984 2274 1130 2327 illam
1162 2288 1511 2344 progressum
1536 2272 1757 2342 agnovit
1779 2289 1842 2327 ex
1868 2273 2029 2343 longo

463 2365 681 2427 simius,
722 2375 780 2418 et
821 2362 1161 2433 peroﬁiciose
1197 2378 1517 2421 occurrens.
1558 2362 1933 2430 acquiesceret
1972 2361 2024 2415 in

466 2458 660 2513 umbra
698 2455 978 2525 paululum
1003 2458 1231 2525 rogavit,
1268 2470 1437 2523 seque
1468 2469 1592 2507 mox
1627 2452 1927 2507 rediturum
1960 2470 2026 2507 ne

465 2559 790 2619 gravaretur
811 2548 1075 2616 opperiri.
1107 2547 1225 2601 Non
1268 2547 1438 2599 mttlto
1465 2555 1587 2614 post
1621 2546 1793 2600 adfuit
1850 2546 2028 2600 omnis

465 2640 687 2711 generis
732 2654 889 2708 poma
933 2647 990 2692 et
1042 2652 1215 2692 nuces
1258 2638 1516 2702 aﬂ‘erens,
1556 2637 1761 2706 quibus
1785 2636 2028 2707 jucunde

469 2749 658 2804 pastus
708 2733 1014 2795 solitarius,
1080 2730 1222 2785 ultra
1267 2732 1549 2799 pergebat,
1588 2731 1759 2800 portis
1815 2745 1873 2784 se
1915 2732 2025 2799 jam

467 2827 619 2880 urbis
653 2825 970 2879 admovens.
1002 2824 1149 2877 Vidit
1175 2824 1326 2878 illum
1351 2823 1539 2891 procul
1570 2823 1736 2876 draco
1762 2831 1815 2876 et
1845 2823 2025 2877 statim

463 2919 680 2971 obviam
713 2932 1065 2986 procurrens,
1105 2915 1498 2969 humanissime
1524 2916 1840 2972 salutatum.
1870 2915 2027 2968 enixe

464 3010 641 3061 oravit
681 3017 739 3061 ut
782 3024 838 3061 se
884 3006 1165 3076 paulisper
1205 3007 1634 3076 praestolaretur,
1670 3005 1798 3058 dum
1834 3021 1865 3059 e
1895 3021 2027 3060 cavo

462 3116 565 3154 suo
601 3100 881 3171 quidpiam
929 3099 1005 3152 illi
1043 3108 1305 3167 portaret.
1353 3098 1472 3152 Mox
1509 3098 1672 3152 rediit
1705 3098 1946 3153 armillas
1975 3106 2028 3151 et

2128 631 2382 687 manibus
2404 632 2575 701 spolia
2612 632 2829 701 puellae.
2863 631 3067 685 monile
3101 646 3164 685 ac
3196 633 3531 686 murmnulas
3558 646 3701 700 quas

2126 720 2218 775 illa
2257 722 2448 776 vivens
2482 730 2810 792 gestaverat.
3022 706 3027 709 I

2195 813 2280 866 lll.
2311 813 2755 883 Comprehensus
2784 811 2973 867 fraude
2999 812 3240 882 hospitis
3274 812 3554 867 solitarius
3584 814 3698 877 regi

2123 904 2358 969 sistitur,
2417 906 2509 974 qui
2564 906 2684 959 viso
2726 914 2921 972 torque
2955 914 3010 960 et
3044 905 3295 967 armillis.
3326 906 3519 959 audire
3559 906 3703 959 nib.l

2125 997 2401 1050 sustinens
2440 997 2685 1065 torqueri
2700 997 3038 1050 cruciatibus
3053 998 3421 1051 acerbissimis
3434 998 3700 1052 misermu

2120 1088 2306 1156 jussit,
2339 1078 2482 1139 intér
2528 1086 2710 1157 plagas
2749 1096 2806 1141 et
2841 1096 3116 1140 tormenta
3148 1088 3253 1141 hoc
3283 1088 3460 1142 solum
3492 1089 3704 1143 vocife-

2127 1186 2339 1230 rantem
2402 1193 2416 1229 :
2470 1178 2587 1231 Non
2633 1178 2748 1231 haec
2803 1187 3023 1247 paterer
3051 1178 3097 1231 si
3130 1179 3325 1243 ‘simio,
3374 1179 3603 1234 draconi
3645 1192 3705 1233 ct

2126 1269 2368 1337 serpenti
2437 1270 2818 1322 credidissem.
2883 1268 3309 1324 Nundinabatur
3375 1271 3522 1325 inter
3582 1273 3703 1326 haec

2126 1375 2351 1428 serpens
2376 1376 2471 1428 per
2501 1360 2720 1414 hortum
2743 1369 2797 1413 et
2816 1361 2948 1413 atria
2976 1361 3158 1430 palatii
3182 1363 3426 1417 omnium
3452 1364 3701 1433 ignarus.

2127 1453 2349 1521 quando
2396 1452 2581 1507 audita
2626 1453 2917 1522 agnitaque
2959 1468 3093 1507 voce
3132 1454 3215 1506 sui
3249 1455 3563 1508 liberatoris
3592 1457 3699 1509 snb

2128 1544 2298 1613 plagis
2328 1543 2660 1598 immanibus
2692 1543 2980 1614 gementis,
3012 1545 3125 1599 acri
3157 1560 3320 1600 sensu
3354 1549 3495 1616 grati
3527 1547 3702 1601 animi

2127 1633 2407 1702 qnterebat
2429 1648 2639 1696 secum,
2667 1649 2773 1702 qua
2811 1634 2861 1687 vi
2897 1649 3073 1704 quave
3105 1650 3210 1704 ope
3236 1646 3332 1689 aut
3357 1636 3551 1707 juvare
3585 1646 3700 1689 tam

2129 1723 2270 1778 bene
2302 1724 2370 1777 de
2400 1737 2457 1778 se
2485 1724 2743 1777 meritum
2784 1733 2879 1777 aut
2907 1723 3095 1778 ulcisci
3135 1735 3244 1778 tam
3287 1727 3427 1779 male
3457 1724 3663 1778 mulcta
3684 1755 3705 1766 -

2132 1826 2244 1870 tttm
2278 1825 2483 1885 posset.
2511 1815 2570 1869 In
2592 1830 2655 1869 ea
2683 1815 2761 1869 illi
2792 1815 2899 1869 ﬁxo
2916 1831 3070 1880 cura,
3098 1816 3245 1886 regis
3270 1814 3413 1871 illius
3432 1817 3701 1875 occurrit,

2130 1912 2273 1965 malo
2310 1925 2410 1965 suo
2443 1925 2661 1983 magno.
2697 1911 2835 1965 Nam
2882 1926 3008 1965 eum
3042 1911 3258 1964 irruens
3290 1909 3538 1975 coluber,
3583 1926 3707 1963 mo-

2130 2003 2332 2058 mordit
2357 2003 2413 2057 in
2443 2018 2605 2057 manu
2640 2003 2751 2057 alto
2783 2013 2838 2057 et
2865 2000 3256 2057 immedicabili
3281 2002 3541 2058 vulnere.
3564 2002 3707 2057 Tre—

2129 2093 2350 2162 pidatur
2388 2093 2454 2149 ad
2480 2093 2744 2165 ejulatum
2780 2092 3046 2164 principis
3066 2093 3223 2162 pueri
3249 2102 3360 2148 tota
3387 2093 3570 2164 regia;
3604 2110 3702 2148 rex

2128 2187 2534 2249 mmstissimus.
2587 2186 2751 2240 dilata
2782 2188 3086 2256 quaestione
3128 2179 3383 2251 solitarii,
3435 2186 3701 2240 accurrit.

2132 2279 2289 2333 Varie
2323 2287 2577 2349 satagunt
2608 2277 2849 2332 ministri
2896 2285 2952 2331 et
2983 2276 3205 2339 medici,
3236 2277 3331 2330 sed
3363 2276 3501 2329 nihil
3535 2278 3700 2345 proti-

2129 2373 2301 2434 ciunt,
2354 2370 2534 2441 quoad
2578 2387 2609 2426 e
2663 2370 2816 2425 brevi
2866 2385 3065 2441 sopore
3104 2385 3238 2439 puer
3283 2369 3700 2439 expergiscens,

2127 2465 2349 2531 Audivi,
2416 2463 2515 2528 ait,
2583 2478 2681 2531 per
2750 2463 3048 2523 somnium,
3112 2476 3217 2515 non
3284 2461 3389 2514 alia
3448 2476 3535 2514 me
3595 2476 3701 2528 ope

2128 2555 2307 2611 sanari
2356 2570 2516 2624 posse
2573 2569 2734 2624 quam
2779 2555 3040 2624 precibus
3097 2552 3342 2606 eremita:
3369 2563 3463 2604 tuo
3509 2553 3697 2622 jussu,

2128 2659 2304 2718 pater,
2341 2648 2538 2716 injuste
2572 2646 2727 2713 torti,
2764 2647 3030 2700 innocens
3059 2645 3206 2698 enim
3242 2654 3344 2698 est.
3378 2644 3705 2699 Commotus

2131 2740 2234 2795 hoc
2302 2739 2493 2793 audito
2563 2748 2738 2807 pater,
2793 2737 3097 2792 solitarium
3153 2752 3373 2791 carcere
3435 2735 3701 2790 eductum

2128 2839 2302 2900 rogat,
2338 2830 2582 2900 ignoscat
2624 2828 2728 2883 sibi
2773 2844 2870 2897 per
2921 2842 3171 2881 errorem
3225 2828 3397 2895 lapso,
3432 2836 3487 2879 et
3537 2841 3701 2881 orare

2128 2936 2228 2991 pro
2272 2920 2383 2975 lilio
2443 2919 2788 2990 periclitante
2814 2934 2879 2973 ne
2936 2927 3213 2988 gravetur.
3243 2917 3596 2971 Annuentem
3634 2916 3700 2970 ad

2127 3028 2329 3083 aegrum
2388 3028 2575 3068 secum
2607 3011 2779 3065 ducit.
2825 3010 3017 3080 Magna
3085 3011 3296 3064 circum
3360 3008 3522 3063 turba
3581 3016 3703 3061 erat

2128 3103 2479 3157 familiarium
2498 3103 2642 3173 regis
2659 3118 2721 3156 ae
2745 3117 3053 3171 procerum,
3074 3116 3257 3155 coram
3282 3101 3488 3171 quibus
3508 3099 3705 3154 inson-

466 3202 712 3258 torquem
757 3190 903 3243 dono
954 3188 1194 3243 aﬁ‘erens
1236 3187 1474 3252 ingentis
1537 3187 1719 3257 pretii,
1765 3204 1886 3258 qum
1940 3189 2028 3242 ille
2058 3205 2239 3267 Clem
2293 3210 2350 3247 se
2398 3202 2738 3247 contestatus
2796 3195 3045 3257 eremita,
3106 3193 3346 3263 graviter
3402 3191 3702 3246 accusabat

465 3282 588 3335 tilia:
611 3281 754 3349 regis
784 3298 812 3334 a
845 3296 903 3335 se
932 3283 984 3334 in
1010 3282 1170 3333 horto
1197 3280 1346 3350 regio
1376 3278 1475 3353 soli
1506 3288 1736 3349 repertae
1757 3289 1807 3333 el
1834 3280 2029 3336 occisa:

459 3382 649 3441 erepta
684 3374 737 3427 in
768 3388 869 3427 suo
905 3372 1077 3426 cubili
1115 3381 1452 3425 servaverat.
1489 3371 1584 3425 His
1626 3373 1866 3443 acceptis
1911 3390 2039 3451 ere-g

462 3463 595 3517 mita
622 3463 810 3517 urbem
838 3465 1025 3525 intrat,
1055 3472 1111 3516 et
1129 3463 1372 3516 auriﬁcis
1394 3462 1616 3517 domum
1643 3464 1884 3533 inquirit,
1918 3481 2025 3520 non

459 3552 721 3608 dubitans
752 3554 885 3624 quin
922 3564 1071 3608 tanto
1098 3555 1392 3609 humanius
1411 3555 1767 3625 excipiendus
1797 3556 1935 3611 foret
1960 3559 2029 3611 ab

461 3645 684 3700 homine
714 3647 815 3699 sibi
846 3661 913 3700 eo
952 3647 1219 3702 beneﬁcio
1253 3647 1519 3703 obstricto
1557 3648 1703 3718 quod
1738 3659 1845 3703 tam
1885 3650 2019 3704 lihe-

459 3737 650 3792 raliter
680 3740 900 3807 rependi
934 3754 963 3793 a
994 3739 1357 3807 participibus
1387 3739 1633 3809 ejusdem
1662 3741 1878 3796 videret
1911 3741 2027 3796 hci-

459 3825 586 3881 luis.
610 3827 713 3881 Sed
741 3843 865 3896 spes
888 3843 1014 3881 eum
1044 3829 1203 3898 longe
1229 3830 1449 3898 derepit
1471 3846 1566 3884 sua
1591 3847 1607 3886 :
1636 3846 1761 3884 nam
1788 3833 2025 3899 perﬁdus

456 3917 667 3971 aurifex
701 3920 885 3987 agnito
933 3917 990 3972 in
1034 3935 1194 3972 manu
1234 3920 1530 3975 servatoris
1559 3921 1643 3975 sui
1677 3932 1870 3991 torque
1901 3923 2025 3978 ﬁlize

459 4007 622 4076 regis,
647 4007 858 4062 incluso
884 4009 977 4063 illo
1009 4010 1156 4063 domi
1193 4027 1326 4073 sine.
1362 4011 1742 4066 demintiatum
1777 4014 1876 4068 ivit
1908 4014 2020 4084 regi

457 4113 518 4154 se
543 4098 953 4156 interfectorem
995 4103 1115 4170 ejus
1140 4102 1263 4157 filia:
1297 4103 1745 4173 deprehendisse,
1778 4097 2021 4161 mitteret

2131 3285 2551 3357 iugratissimam
2570 3281 2812 3339 auriﬁcis
2840 3284 3230 3353 proditionem.
3254 3285 3373 3353 ejus
3399 3282 3703 3351 turpitudi-

2130 3395 2256 3433 nem
2278 3393 2615 3447 exaggerans
2640 3392 2704 3431 ex
2740 3376 3041 3430 bestiarum
3071 3375 3190 3445 pari
3218 3390 3321 3444 ope
3350 3383 3697 3428 servatarum

2132 3468 2189 3522 in
2221 3484 2279 3522 se
2320 3468 2515 3522 oillciis
2544 3468 2878 3540 ingentibus.
2912 3467 3028 3523 Sub
3071 3467 3187 3521 haec
3229 3467 3422 3537 positis
3465 3465 3702 3536 genibus

2131 3569 2406 3629 precatus,
2446 3559 2654 3630 regium
2694 3559 3100 3614 adolescentem
3146 3570 3423 3612 momento
3461 3559 3698 3619 sanavit,

2129 3660 2185 3704 et
2219 3651 2357 3720 patri
2388 3650 2671 3706 laetissimo
2702 3650 3032 3705 incolumem
3069 3651 3325 3705 reddidit.
3352 3649 3488 3712 liex,
3519 3650 3705 3702 omni-

2132 3741 2235 3794 bus
2269 3741 2525 3812 cognitis,
2568 3742 2850 3797 auriﬁcem
2884 3743 3180 3813 ingratum,
3214 3750 3272 3796 ut
3322 3741 3517 3795 falsum
3547 3740 3701 3795 dela-

2132 3839 2304 3885 torem
2356 3842 2531 3886 morte
2577 3832 2717 3886 allici
2766 3833 3082 3892 mandavit:
3132 3832 3440 3896 eremitam,
3499 3843 3701 3901 pratter

2131 3921 2355 3976 monilia
2409 3922 2549 3985 ﬁliae,
2608 3936 2732 3990 qua
2784 3922 2861 3975 illi
2917 3921 3165 3982 donavit,
3227 3921 3414 3975 multis
3470 3922 3700 3989 insuper

2135 4015 2460 4068 innueribus
2544 4014 2882 4068 cumulatum
2960 4012 3522 4068 honorificentissime
3609 4011 3699 4065 di-

2128 4106 2298 4158 misit.
3028 4087 3065 4115 χ

1440 4325 1972 4389 DlSSEB'l‘ATlO
2015 4327 2524 4389 PAllAlSOlJCA
2563 4326 2709 4386 ΧΠ.

456 4452 805 4534 ,ςοσιίιειαιίσΔ
833 4450 1257 4534 similitudine,
1294 4451 1576 4534 fortunis
1618 4454 2018 4515 coalescentt’s
2061 4457 2228 4516 inter
2294 4454 2568 4515 homines
2626 4454 3065 4515 diversissima:
3116 4457 3305 4517 sortis
3349 4436 3698 4534 exemplum

532 4531 855 4609 proponit.
892 4530 1310 4612 Providentia
1363 4531 1741 4612 consulentis
1800 4533 2151 4594 hominibus
2188 4552 2401 4594 curam
2444 4534 2769 4612 beneﬁcam
2810 4533 3110 4608 declarat,
3160 4543 3214 4594 et
3248 4553 3380 4594 eam
3409 4530 3538 4595 esse
3594 4535 3700 4594 ἀει

531 4618 836 4670 monstrat
867 4610 1163 4685 optimum
1195 4617 1250 4669 et
1289 4611 1701 4671 certissimum
1726 4612 2201 4691 fundamentum
2230 4612 2470 4691 ﬁducia:
2498 4610 2801 4674 humanos.

523 4734 694 4803 Capio
738 4740 793 4785 ct
829 4733 1005 4802 probo
1044 4750 1165 4803 qum
1201 4735 1412 4800 dixisti,
1455 4736 1531 4789 ait
1572 4752 1667 4791 rex
1703 4738 2020 4793 Abessalom
2060 4743 2102 4799 D
2134 4739 2504 4810 providentia,
2558 4737 2827 4807 plurimas
2866 4737 2966 4790 init
3008 4735 3341 4805 easdemque
3374 4736 3699 4806 inopinatis-

455 4828 572 4884 ha’c
602 4827 785 4882 locuto
815 4827 1304 4898 gymnosophistte;
1344 4828 1538 4883 vellem
1565 4844 1712 4884 nunc
1743 4830 1933 4883 audire
1956 4847 2024 4885 ex

457 4932 531 4983 te.
567 4919 612 4974 si
666 4929 845 4983 vacat,
898 4934 1002 4974 nec
1047 4935 1214 4989 grave
1261 4928 1368 4981 est.
1420 4923 1703 4989 quomodo
1745 4924 2026 4991 contingat

456 5012 695 5082 aliquem
714 5028 778 5066 ex
808 5027 1045 5081 paupere
1070 5011 1294 5066 divitem
1331 5013 1446 5065 fieri
1472 5013 1565 5082 qui
1591 5013 1757 5068 miser
1773 5030 1839 5069 ex
1863 5014 2023 5070 felice

456 5107 611 5177 prius
638 5105 892 5160 evaserit.
928 5105 1008 5159 Ad
1040 5105 1144 5159 hoc
1178 5105 1623 5175 gymnosophista
1657 5121 1672 5160 :

526 5197 571 5251 l.
602 5197 760 5259 Rem,
790 5195 993 5265 inquit,
1022 5195 1264 5260 domine,
1299 5184 1543 5263 postulas
1572 5211 1679 5250 non
1710 5206 1819 5251 tam
1851 5197 2025 5268 expli-

456 5298 583 5345 catu
605 5288 878 5343 tlillicilem
905 5287 1241 5341 obscuritate
1268 5287 1350 5339 sui
1378 5302 1543 5355 quam
1569 5288 1714 5342 varia
1741 5290 2020 5357 quotidia-

456 5398 651 5436 norum
678 5389 977 5434 eventuum
1012 5377 1417 5445 multiplicitate
1443 5377 1709 5432 infinitam
1751 5380 1920 5433 dictu.
1952 5381 2020 5436 Ut

453 5476 601 5530 enim
652 5473 838 5528 multis
876 5472 1096 5526 fortuna
1141 5472 1398 5540 gravibus
1448 5481 1505 5525 et
1540 5471 1755 5527 acerbis
1801 5474 2021 5529 casibus

456 5568 620 5619 vitam
661 5563 884 5617 infestat
931 5562 1246 5623 humanam,
1281 5572 1536 5617 evertens
1581 5562 1768 5618 felices
1799 5566 2019 5632 opibus,

452 5668 508 5713 et
538 5654 646 5710 una
687 5656 1028 5711 revolutione
1074 5663 1206 5708 rota:
1239 5656 1663 5725 superbissimos
1700 5665 1957 5727 tyrannos
1991 5674 2021 5712 e

454 5749 676 5819 fastigio
713 5748 834 5802 solii
874 5748 926 5802 in
967 5746 1139 5801 imum
1189 5746 1408 5816 pistrini
1444 5748 1719 5818 redigens,
1755 5749 1828 5803 ita
1878 5750 2021 5805 hanc

457 5841 678 5893 frenans
713 5836 1103 5906 eorrigensque
1138 5835 1391 5893 Numinis
1433 5837 1622 5893 orbem
1660 5837 2019 5909 gubernantis

2127 4849 2153 4888 s
2178 4848 2296 4885 mas
2337 4833 2659 4900 plerumque
2699 4831 2962 4891 rationes,
3006 4831 3284 4900 egentium
3318 4830 3694 4893 ditandornm,

2125 4931 2181 4977 et
2214 4921 2503 4975 humilium
2538 4921 2719 4973 subita
2749 4920 2899 4974 orbis
2930 4919 3200 4989 vertigine
3231 4936 3260 4974 e
3284 4919 3402 4973 luto
3428 4921 3482 4972 in
3517 4919 3695 4972 lucem

2127 5024 2190 5063 ac
2217 5010 2401 5077 gloriae
2450 5009 2669 5063 culmen
2719 5007 3155 5062 evellendorum.
3197 5009 3274 5061 Ac
3327 5006 3472 5076 quod
3526 5008 3698 5075 magis

2126 5111 2211 5156 est
2256 5103 2481 5161 mirum,
2519 5101 2725 5154 eaedem
2764 5099 2872 5153 illis
2922 5098 3247 5169 plerumque
3282 5098 3694 5153 contrariorum

2126 5205 2423 5249 eventuum
2476 5207 2656 5247 causa:
2709 5199 2861 5254 sunt,
2915 5191 3053 5245 adeo
3092 5202 3153 5245 ut
3182 5191 3387 5261 quibus
3424 5191 3689 5259 potentia,

2126 5285 2328 5354 quibus
2373 5284 2566 5346 forma,
2613 5285 2816 5353 quibus
2851 5298 2939 5336 ars
2966 5296 3061 5336 sua
3097 5292 3262 5352 atque
3290 5283 3564 5336 industria
3598 5298 3690 5334 ea-

2128 5378 2293 5432 dettdi
2354 5395 2418 5431 ex
2474 5388 2617 5430 statu
2670 5378 3061 5432 oﬁ'endiculnm
3117 5377 3402 5446 objecerit,
3446 5373 3689 5437 eosdem,

2120 5470 2347 5524 lotlente
2376 5480 2435 5523 ut
2463 5472 2600 5525 solet
2630 5472 2682 5524 in
2711 5471 2969 5525 humanis
2994 5470 3159 5524 rebus
3190 5467 3458 5537 sapientia
3481 5466 3687 5527 divina,

2118 5577 2216 5616 sua
2253 5562 2532 5621 nobilitas.
2558 5577 2654 5615 sua
2688 5571 2967 5622 venustas,
3001 5576 3134 5613 suus
3182 5558 3338 5613 labor
3376 5556 3686 5627 peritiaque

2116 5655 2349 5708 fotunte
2389 5654 2601 5723 meliori
2643 5655 2955 5708 restituant.
2998 5653 3199 5706 llarum
3236 5653 3374 5706 adeo
3412 5651 3690 5709 vicissim:
3754 5682 3759 5685 λ

2116 5747 2308 5800 diuum
2340 5747 2615 5816 specimen
2650 5746 2836 5816 accipe
2866 5745 2922 5799 iu
2948 5744 3359 5800 narratiuncula
3390 5759 3499 5797 non
3519 5743 3682 5809 longa

2116 5838 2250 5894 satis
2290 5837 2785 5910 inexspectatorum
2836 5853 3211 5906 succcssuum,
3254 5853 3391 5909 quos
3422 5835 3678 5892 homines
