4016 6522
372 369 503 435 1349

1196 369 1568 428 ΞΙἘΩΙΜΕΝ
1618 368 2044 428 ΞᾹΓΙΕΧΤΙᾸΞ
2086 368 2463 432 ζιΝῡΟιὶυλι
2506 371 2666 434 ΥΕΤ.

3449 375 3473 439 1
3486 374 3586 436 ςηῑυο

363 495 601 554 quatuor
623 483 763 536 haud
793 484 1054 537 diuturno
1076 497 1204 538 sunt
1233 486 1412 554 Spttliu
1444 486 1677 553 experti.
1703 486 1926 538 Juvenis
1954 490 1998 548 Α
2031 495 2171 539 rent.
2219 486 2366 551 Quod
2400 502 2523 539 cum
2542 495 2687 539 esset
2710 485 2916 539 factum
2950 501 2963 539 :
2997 486 3100 551 Me,
3161 486 3339 557 inquit
3377 486 3582 545 formo-

366 576 508 645 regis
536 574 701 639 ﬁlius,
730 586 878 643 patre
906 589 1144 637 ntortuo.
1169 595 1197 629 a
1221 576 1387 629 fratre
1415 578 1621 629 minore
1647 578 1923 630 invidente

363 666 660 719 virtutibus
680 666 821 734 ejus,
845 679 899 721 et
927 669 1114 738 adjuto
1141 684 1301 721 manu
1330 669 1705 731 factiosorum,
1740 684 1920 722 notam
1958 698 1961 701 λ

360 756 479 824 ejus
504 757 813 824 aequitatem
839 758 1271 815 formidantinm.
1305 776 1468 829 regno
1498 762 1729 827 ejectus,
1757 776 1922 827 vagus

358 862 547 899 errare
584 848 849 917 inopsque
888 851 1209 919 cogebatur.
1248 852 1385 905 lluic
1422 867 1649 921 peregre
1684 862 1924 905 occurrit

364 937 795 994 formosissimus
850 950 905 995 et
969 944 1286 1009 prienobilis
1352 944 1695 1008 adolescens,
1758 959 1921 1011 quem

359 1028 661 1095 suspicacis
725 1031 991 1101 principis
1053 1034 1343 1105 zelotypia,
1390 1051 1456 1088 ex
1508 1036 1610 1088 levi
1670 1036 1921 1102 conjectu

361 1122 645 1173 oculorum
672 1124 885 1191 placere
911 1125 1063 1178 illum
1089 1142 1200 1181 sua:
1222 1128 1375 1181 uxori
1402 1128 1711 1191 criminata,
1739 1139 1923 1180 extOr-

362 1227 474 1263 rem
513 1213 737 1265 fecerat.
778 1216 891 1268 Non
925 1216 1018 1269 diu
1058 1229 1458 1287 processerant,
1490 1235 1648 1272 casus
1689 1220 1921 1271 invicem

361 1316 714 1360 renarrantcs
741 1323 893 1372 suos,
927 1325 1049 1364 eum
1077 1311 1144 1364 iis
1174 1326 1231 1364 se
1257 1312 1505 1382 adjnngit
1534 1324 1801 1366 mercator
1826 1312 1920 1380 qui

361 1410 499 1449 nave
567 1397 756 1462 fracta,
811 1416 917 1469 qua
977 1417 1090 1454 rem
1120 1403 1430 1457 universam
1480 1420 1635 1458 suam
1686 1404 1924 1472 ingentis

361 1487 521 1554 pretii
582 1490 838 1556 vehebat,
907 1495 1069 1546 modo
1113 1494 1199 1546 vix
1248 1496 1430 1549 salvus
1480 1502 1817 1560 enataverat,
1867 1505 1923 1549 et

362 1578 684 1633 seminudus
740 1583 1019 1650 quaerebat
1069 1585 1287 1652 stipem.
1342 1586 1583 1654 Denique
1630 1598 1845 1639 torosus
1867 1594 1922 1638 et

361 1666 533 1722 durus
565 1671 707 1725 filius
744 1673 916 1741 patris
946 1676 1219 1743 agricolze,
1255 1688 1513 1730 extrusus
1541 1677 1724 1741 domo,
1748 1677 1924 1729 abun-

362 1758 609 1813 dantium
638 1764 825 1818 sobole
848 1760 1133 1833 parentum
1166 1768 1435 1831 convicio,
1466 1772 1595 1821 dum
1642 1770 1689 1823 ei
1728 1782 1922 1837 expro-

364 1849 525 1905 brant
572 1852 849 1921 inertiam,
900 1856 957 1910 ni
1014 1867 1163 1911 tanto
1220 1868 1348 1912 natu
1406 1875 1649 1928 pressam
1692 1876 1921 1915 numero

365 1938 625 1994 familiam
664 1944 890 2009 levaret,
923 1949 1172 2002 eamdem
1207 1950 1418 2004 terebat
1462 1950 1624 2013 viam,
1668 1966 1919 2019 quzerens

364 2030 456 2084 ubi
497 2047 721 2101 operam
770 2037 993 2093 locaret.
1032 2038 1097 2094 Et
1146 2040 1237 2095 hic
1276 2052 1504 2110 quartus
1556 2042 1827 2097 admissus
1866 2044 1920 2097 in

362 2127 700 2180 consortium
766 2130 932 2182 trium
986 2131 1257 2199 priorum,
1312 2133 1662 2203 vicissimque
1702 2136 1924 2190 auditus

366 2209 490 2263 dum
524 2227 676 2267 suam
712 2223 769 2268 et
812 2215 927 2285 ipse
965 2219 1241 2273 fortunam
1283 2221 1498 2274 recitat.
1528 2220 1745 2276 Coaluit
1778 2224 1922 2276 inter

365 2312 599 2370 quatuor
621 2305 1006 2363 diversissimae
1031 2310 1157 2365 licet
1185 2313 1349 2366 sortis
1376 2313 1648 2377 homines,
1679 2330 1923 2368 commu-

362 2396 524 2450 nione
564 2398 855 2453 conciliata
904 2403 1266 2465 necessitatis,
1319 2405 1455 2458 satis
1496 2416 1643 2459 arcta
1690 2416 1741 2459 et
1792 2422 1920 2460 vera

362 2487 629 2543 charitate
646 2492 1019 2559 conglutinata
1046 2496 1301 2561 societas,
1326 2507 1384 2550 ut
1403 2508 1457 2550 et
1477 2500 1648 2551 mutui
1669 2499 1921 2553 libertate

362 2582 632 2637 sermonis
694 2583 891 2639 famem
956 2603 1018 2641 ac
1085 2588 1464 2643 lassitudinem
1528 2591 1921 2646 humanissime

365 2671 596 2725 invicem
626 2676 1065 2741 consolarentur,
1092 2680 1306 2747 etquod
1335 2680 1769 2748 quisqaejnvare
1795 2697 1921 2748 pos-

364 2773 469 2824 set,
508 2765 649 2818 haud
692 2767 797 2821 sihi
832 2769 1120 2838 quisquam
1159 2772 1436 2839 privatim,
1467 2772 1559 2824 sed
1592 2782 1838 2825 ainanter
1868 2774 1921 2827 in

362 2869 654 2911 commune
687 2862 1058 2913 consulerent.
1091 2861 1182 2915 Sic
1211 2864 1314 2916 iter
1340 2863 1551 2931 agendo
1580 2863 1924 2919 devenerunt

363 2946 415 2997 in
474 2948 728 3002 viciniam
794 2952 1032 3005 civitatis
1087 2968 1311 3021 magnae,
1375 2970 1535 3023 quant
1601 2956 1922 3023 priusquam

362 3036 631 3099 subirent,
669 3040 1077 3105 acquiesccntes
1125 3043 1190 3095 ad
1225 3044 1469 3096 umbram
1526 3044 1580 3097 in
1632 3045 1914 3112 crepidine

2027 594 2117 629 sus
2149 579 2487 641 adolescens,
2512 581 2649 632 ordo
2671 579 2780 648 jam
2807 594 2960 633 meus
2986 588 3141 633 vocat
3175 580 3240 634 ad
3286 581 3582 649 experiun-

2026 666 2154 717 dum
2180 665 2311 733 quid
2344 668 2454 719 hrec
2486 667 2681 731 forma,
2719 667 2918 736 quidve
2951 668 3213 722 nobilitas
3254 670 3423 738 possit
3464 670 3583 723 elfi-

2027 770 2168 808 cere.
2196 755 2291 808 Ibo
2319 756 2469 808 intro
2523 756 2577 807 in
2620 757 2835 820 urbem,
2884 767 2940 811 et
2993 758 3038 811 si
3089 760 3218 827 quid
3283 762 3585 814 invenerun

2024 855 2151 898 ante
2180 856 2393 899 noctem
2438 846 2694 900 referam.
2730 847 3053 902 Laudarunt
3082 864 3293 903 omnes.
3338 849 3432 903 Ille
3484 866 3584 918 per

2026 936 2262 989 celebris
2292 937 2529 990 civitatis
2568 937 2686 990 loca
2718 939 2809 991 diu
2865 951 3108 1007 vagatus,
3159 941 3351 995 incidit
3398 942 3452 995 in
3502 956 3583 993 se-

2027 1040 2269 1081 natorcm
2302 1031 2476 1083 otiose
2507 1032 2830 1099 spatiantem
2867 1034 2923 1084 in
2972 1034 3219 1089 basilica.
3280 1035 3331 1088 Is
3366 1051 3431 1087 cx
3481 1035 3582 1086 ad-

2027 1136 2185 1172 verso
2227 1123 2527 1188 gradientis
2555 1138 2615 1176 os
2646 1134 2701 1177 et
2733 1134 2993 1177 staturam
3037 1127 3131 1179 diu
3170 1126 3583 1189 intuitus,Ficti

2026 1226 2132 1262 non
2165 1222 2361 1278 potest,
2396 1229 2579 1265 secum
2626 1215 2822 1283 inquit,
2877 1218 3009 1284 quin
3066 1217 3181 1271 hmo
3243 1218 3439 1271 frontis
3474 1236 3501 1268 ιι
3527 1234 3585 1269 a-

2020 1302 2209 1369 jestas,
2239 1303 2326 1354 hic
2359 1303 2803 1371 regiusinccssus
2829 1307 3062 1361 indolem
3097 1310 3336 1363 nobilem
3357 1314 3586 1363 absent.-

2024 1392 2149 1451 dat;
2197 1395 2483 1462 explorare
2545 1398 2697 1465 juvat
2741 1399 3040 1452 hominem.
3103 1400 3193 1455 Sic
3259 1418 3584 1471 progressus

2024 1486 2240 1537 obviam
2275 1486 2450 1549 eunti,
2480 1488 2633 1561 Unde
2659 1499 2707 1542 te
2731 1491 3013 1553 habemus,
3051 1492 3249 1562 hOSpes
3270 1495 3383 1547 ?ait
3408 1513 3417 1545 :
3442 1496 3582 1547 aude

2024 1576 2183 1629 fateri
2214 1579 2337 1645 quis
2362 1578 2459 1642 sis,
2498 1583 2700 1634 senties
2735 1583 2784 1635 in
2822 1599 2885 1635 ea
2923 1586 3039 1637 loca
3104 1596 3156 1639 te
3212 1586 3430 1639 venisse
3487 1587 3579 1639 uhi

2022 1672 2258 1739 pretium
2313 1674 2585 1729 nobilitati
2632 1693 2694 1729 ac
2748 1679 2943 1732 merito
2993 1680 3080 1733 sit.
3142 1681 3256 1745 Ille,
3304 1683 3476 1750 patria
3526 1692 3582 1735 et

2022 1772 2185 1831 gente
2217 1777 2537 1829 memorata,
2583 1768 2933 1837 breviterque
2980 1772 3194 1836 adjecto
3240 1774 3306 1826 de
3363 1773 3581 1827 fortuna

2027 1870 2148 1919 sua,
2207 1867 2472 1925 quantum
2500 1861 2678 1928 primo
2706 1877 2959 1915 sermone
2993 1865 3233 1932 profiteri
3267 1866 3410 1935 apud
3432 1867 3585 1934 igno-

2025 1954 2109 2001 tos
2136 1956 2313 2001 tutum
2371 1960 2453 2003 est
2518 1952 2719 2015 vismn,
2770 1953 3021 2007 mirifice‘
3075 1955 3301 2021 patricio
3358 1956 3578 2023 placuit.

2022 2035 2212 2101 Quare
2250 2040 2400 2091 illum
2437 2041 2668 2093 comiter
2713 2057 2876 2095 manu
2917 2042 3274 2109 prehensum,
3302 2045 3403 2097 Tui
3432 2045 3587 2097 simi-

2023 2128 2104 2182 les
2137 2130 2375 2199 hospitio
2414 2147 2521 2185 non
2552 2142 2761 2196 carent,
2813 2134 3012 2203 inquit,
3063 2135 3157 2189 ubi
3198 2152 3299 2206 ego
3356 2136 3578 2189 domum

2024 2220 2237 2285 habeo;
2268 2222 2345 2276 sic
2376 2223 2429 2276 in
2472 2223 2616 2278 atdes
2645 2241 2771 2279 eum
2822 2225 3033 2281 inducit
3074 2243 3220 2295 suas,
3270 2228 3586 2299 apponique

2023 2328 2268 2366 mensam
2302 2316 2368 2369 de
2390 2315 2475 2368 via
2500 2315 2645 2369 lasso
2695 2332 2828 2371 sane
2881 2317 3087 2372 lautam
3148 2322 3199 2371 in
3225 2331 3402 2388 petat.
3469 2316 3583 2373 Sub

2022 2406 2183 2467 hanc,
2230 2410 2349 2478 ejus
2408 2423 2660 2465 sermone
2738 2410 3045 2483 decoreque
3092 2404 3155 2467 ac
3222 2430 3428 2466 morum
3480 2432 3576 2465 usu

2022 2510 2303 2567 comperta
2346 2502 2614 2571 elegantia
2664 2505 2834 2573 magis
2884 2517 3095 2573 captus,
3145 2506 3201 2559 Si
3261 2506 3356 2557 tibi
3403 2507 3577 2565 urbis,

2022 2593 2119 2654 ait,
2154 2592 2319 2660 hujus
2356 2594 2533 2661 placet
2578 2600 2958 2657 commoratio,
3013 2600 3229 2649 domum
3294 2598 3461 2649 habes
3526 2597 3581 2648 in

2024 2694 2235 2751 qua,ut
2268 2686 2412 2752 apud
2489 2694 2630 2750 tuos,
2682 2687 2961 2741 diverscre
3028 2689 3266 2757 quandiu
3316 2689 3579 2755 lulebit;

2025 2775 2107 2827 sin
2148 2776 2255 2828 alio
2284 2778 2518 2841 urgeris,
2548 2779 2873 2833 instructum
2908 2781 3107 2833 viatico
3145 2781 3435 2834 dimittam.
3468 2781 3579 2833 llne

2026 2876 2365 2933 postremum
2405 2868 2625 2935 juvenis
2664 2870 2897 2937 accepit,
2948 2872 3314 2923 necessarium
3347 2871 3450 2923 iter
3473 2868 3579 2923 sibi

2026 2962 2304 3015 causatus,
2336 2962 2637 3021 etacccpto
2692 2954 2875 3007 viatici
2933 2956 3152 3007 nomine
3203 2956 3336 3007 satis
3389 2972 3581 3023 magno

2030 3042 2274 3110 pecunia:
2335 3058 2583 3101 numero.
2627 3044 2692 3095 ad
2746 3043 2925 3097 socios
2978 3045 3080 3097 sub
3137 3044 3267 3098 solis
3329 3058 3579 3098 occasum

362 3130 461 3180 vim
494 3129 745 3196 publicat,
779 3130 1084 3200 disquirere
1120 3133 1492 3188 familiaritate
1541 3137 1701 3191 solita
1741 3152 1923 3206 cmpe-
1950 3149 1991 3206 (ζ
2025 3132 2181 3185 latius
2226 3132 2397 3195 vellit.
2448 3134 2653 3201 scripto
2681 3143 2736 3187 et
2783 3135 2900 3203 ipse
2972 3136 3024 3188 in
3079 3136 3290 3188 foribus
3343 3137 3582 3189 civitatis

364 3228 509 3273 runt.
531 3232 692 3285 quam
715 3219 945 3288 quisque
966 3224 1047 3274 sui
1073 3238 1134 3276 ac
1159 3225 1433 3277 sociorum
1459 3225 1918 3283 sublevandorum

361 3322 513 3375 Spem
548 3324 609 3360 ac
640 3309 950 3365 facultatem
978 3313 1183 3368 habere
1209 3330 1266 3369 se
1300 3315 1686 3373 arbitraretur.

435 3400 494 3450 ll.
539 3398 688 3461 Mihi,
711 3404 786 3453 ait
815 3404 954 3471 regis
992 3406 1153 3470 filius,
1189 3409 1407 3461 conscia
1440 3412 1687 3477 quaedam
1721 3411 1919 3466 fiducia

364 3488 668 3553 blanditur,
708 3493 952 3546 eamdem
978 3511 1097 3563 qua:
1129 3512 1298 3565 regno
1342 3514 1427 3552 tne
1455 3501 1686 3567 privavit
1732 3503 1922 3556 Provi-

362 3580 601 3633 dentiam
629 3583 787 3651 (nihil
824 3585 967 3637 enim
1002 3588 1363 3641 humanorum
1396 3591 1513 3644 sine
1542 3594 1774 3647 consilio
1809 3595 1922 3647 Nu-

365 3670 528 3724 minis
560 3676 790 3740 geritur)
834 3674 1278 3741 inSUSpicabilem
1315 3682 1771 3748 meteprndentite
1803 3699 1921 3736 mo-

366 3762 490 3814 dum
560 3764 845 3829 quemdam
902 3765 1245 3820 inventuram
1300 3773 1620 3825 extrahendi
1677 3789 1762 3827 me
1836 3775 1920 3829 his

361 3854 632 3916 sordibus,
663 3866 717 3908 et
752 3856 804 3908 in
837 3857 1047 3925 copiam
1082 3859 1225 3912 unde
1258 3876 1343 3914 me
1371 3877 1435 3915 ac
1466 3878 1617 3918 meos
1646 3867 1917 3931 consoler,

363 3953 680 4018 reponendi.
731 3954 841 4022 Ego
876 3969 1027 4018 vero,
1053 3954 1287 4023 subjecit
1340 3959 1457 4011 vice
1506 3973 1602 4012 sua
1646 3960 1919 4016 formosus

361 4046 583 4109 nobiiis,
614 4046 678 4098 iis
699 4062 834 4115 quas
869 4048 923 4100 in
953 4064 1036 4101 me
1062 4050 1348 4117 praedicari
1383 4052 1603 4105 memini
1634 4058 1917 4108 venuSlate

360 4147 413 4190 et
474 4140 721 4192 claritate
776 4140 1039 4194 natalium
1107 4157 1432 4212 magnopere
1483 4144 1718 4199 confido.
1777 4146 1916 4199 Tum

306 4280 311 4285 ,
361 4240 629 4281 mercator
678 4229 1018 4299 naufragus:
1062 4230 1200 4295 Etsi,
1235 4232 1332 4296 ait,
1376 4248 1488 4286 rem
1536 4226 1709 4287 meam
1768 4250 1917 4288 mare

359 4322 651 4390 absorpsit,
689 4332 866 4375 tamen
891 4323 1161 4376 industria
1193 4340 1314 4393 qua:
1372 4340 1482 4378 rem
1522 4324 1745 4387 fecerat,
1799 4342 1915 4380 me-

358 4428 479 4462 (um
513 4426 722 4464 emcrsa
769 4410 1029 4466 fluctibus
1066 4428 1215 4480 Spem
1244 4412 1297 4465 in
1348 4414 1468 4467 sinu
1522 4414 1665 4469 fovet
1700 4426 1914 4469 mutan-

359 4507 436 4556 «ιω
472 4505 668 4556 iterum
702 4504 899 4572 inopia:
932 4504 986 4557 in
1012 4505 1387 4559 conditionem
1429 4506 1587 4559 talem
1644 4524 1783 4576 quas
1806 4524 1914 4562 non

360 4596 489 4647 mhi
534 4595 630 4646 soli
658 4610 854 4663 queam
881 4595 1188 4649 consulere.
1232 4602 1475 4662 Quartus
1502 4600 1760 4663 rusticus,
1805 4599 1915 4655 Vos

358 4692 674 4755 iottgittqua,
708 4689 987 4756 inquit,ct
1046 4688 1251 4742 incerta
1307 4691 1701 4745 vaticinamini.
1749 4693 1912 4761 Atqui

362 4788 513 4846 ttt'gcl
537 4780 769 4841 esuries,
805 4778 964 4847 cujus
996 4793 1098 4847 ego
1132 4796 1370 4847 prtesens
1407 4782 1460 4834 in
1491 4783 1639 4837 hisce
1700 4787 1916 4841 lacertis

362 4870 675 4938 praesidium
733 4877 913 4922 teneo.
978 4868 1056 4921 Ne
1102 4871 1268 4922 multa
1315 4885 1330 4923 :
1388 4874 1773 4938 pra-stolamini
1828 4877 1916 4930 hic

368 4964 519 5026 mihi,
556 4962 735 5025 sultis,
792 4975 966 5028 usque
1017 4961 1083 5014 ad
1136 4977 1445 5030 vesperum,
1506 4967 1728 5019 aﬂeram
1772 4970 1914 5024 unde

359 5071 661 5110 emncmus.
729 5055 1174 5109 ASsentientibus
1234 5057 1490 5121 cunctis,
1542 5060 1754 5112 scandit
1824 5061 1915 5114 sil-

358 5165 545 5199 vosum
604 5156 843 5201 montem
905 5148 1071 5200 situm
1125 5147 1177 5200 in
1227 5148 1511 5214 proximo,
1563 5161 1934 5218 congestunt-‘

356 5258 460 5308 que
518 5240 585 5292 ibi
650 5254 913 5310 magnum.
975 5248 1029 5292 et
1102 5238 1241 5292 bene
1300 5249 1679 5308 exaggrratum
1742 5244 1914 5313 ligno-

358 5348 471 5382 rum
524 5331 723 5382 fasccm
769 5326 1013 5381 robustis
1063 5327 1352 5395 imponens
1396 5329 1675 5388 humeris,
1710 5345 1908 5382 venum

358 5422 700 5484 intulitforo,
735 5420 952 5488 citoque
981 5419 1279 5473 nummulis
1329 5420 1555 5486 paratis,
1600 5421 1751 5474 cibos
1798 5437 1911 5475 cm-

354 5526 472 5582 ptos
506 5514 669 5566 sociis
700 5514 979 5581 gratulans
1012 5512 1220 5573 attulit,
1254 5513 1305 5565 in
1333 5523 1487 5580 porta
1533 5513 1769 5565 civitatis
1794 5515 1912 5566 obi-

353 5620 432 5658 ter
463 5606 747 5658 scribens:
782 5603 954 5658 Unius
975 5603 1212 5657 hominis
1240 5604 1396 5659 labor
1422 5614 1657 5670 quatuor
1688 5617 1910 5671 egentes

352 5705 517 5763 pavit.
574 5696 827 5747 Suaviter
878 5693 972 5745 illa
1034 5709 1260 5761 vespera
1310 5694 1551 5758 fuerunt,
1610 5695 1908 5763 prtcst't‘iiltt

353 5804 469 5841 cum
501 5785 805 5841 abundaret
839 5801 901 5840 ex
939 5784 1186 5854 reliquiis
1209 5786 1351 5839 unde
1390 5786 1653 5854 postridie
1679 5790 1905 5855 prande-

2023 3238 2283 3278 successu
2314 3225 2427 3293 spei
2469 3240 2579 3279 sua:
2617 3226 2668 3279 in
2716 3226 2830 3281 ha2c
2883 3228 3095 3281 verba:
3154 3228 3323 3282 Unius
3366 3230 3583 3298 juvenis

2026 3313 2200 3369 forma
2235 3318 2552 3384 peregrinos
2579 3327 2815 3385 quatuor
2848 3319 3101 3372 instruxit
3132 3334 3370 3373 annona.

2093 3407 2185 3460 ΙΙΙ.
2242 3408 2366 3461 Dies
2385 3408 2496 3476 jam
2532 3408 2741 3476 aliquot
2768 3424 2832 3462 ex
2888 3409 3111 3463 formosi
3176 3411 3377 3464 nobilis
3417 3425 3584 3480 pecu-

2022 3499 2110 3553 nia
2133 3500 2530 3568 jucundissime
2560 3502 2772 3554 sodales
2793 3510 3030 3570 quatuor
3057 3504 3434 3567 conviterant,
3456 3520 3576 3556 cun

2022 3590 2111 3642 illa
2160 3591 2359 3643 sensim
2391 3590 2679 3645 deficiente
2711 3606 2984 3645 mercator
3021 3594 3112 3661 qui
3178 3610 3273 3663 per
3321 3610 3415 3648 eos
3464 3596 3583 3649 dies

2020 3688 2209 3748 parata
2232 3681 2335 3734 sibi
2368 3692 2515 3735 veste
2549 3690 2603 3735 et
2634 3692 2793 3750 portu
2825 3683 2978 3736 obito
3015 3684 3224 3752 aliquid
3277 3684 3352 3737 ibi
3426 3698 3579 3738 nota-

2022 3782 2194 3835 verat,
2232 3773 2373 3827 unde
2399 3776 2684 3842 praesentis
2711 3775 2848 3828 lucri
2885 3776 3070 3829 offerri
3104 3776 3207 3830 sibi
3233 3777 3577 3831 occasionem

2020 3866 2356 3935 opinaretur,
2386 3865 2615 3933 Nempe,
2652 3867 2831 3934 inquit
2898 3867 2963 3920 ad
3014 3870 3222 3932 socios,
3276 3884 3360 3921 me
3398 3870 3580 3921 intue-

2020 3957 2255 4019 mini,et
2282 3958 2396 4011 vice
2454 3974 2571 4011 mea
2630 3958 2955 4026 promiSsum
2997 3960 3277 4013 industriae
3316 3962 3578 4014 auxilium

2019 4065 2049 4103 a
2085 4066 2171 4103 me
2237 4050 2546 4116 reposcitis.
2620 4050 2738 4103 Non
2803 4050 3096 4118 interpono
3158 4067 3386 4105 moram.
3448 4052 3581 4106 Cras

2022 4156 2180 4194 mane
2225 4141 2477 4208 prodibo,
2512 4150 2567 4194 et
2597 4141 2641 4193 si
2680 4140 2987 4193 Mercurius
3020 4141 3312 4209 adjuverit,
3346 4158 3453 4196 non
3489 4160 3581 4196 va-

2019 4248 2182 4286 cuum
2225 4248 2311 4286 me
2345 4248 2571 4300 vespere
2607 4232 2906 4301 recipietis.
2942 4232 3052 4286 Nec
3086 4233 3317 4287 mendax
3339 4236 3568 4303 promis-

2018 4340 2138 4378 sum
2189 4324 2325 4389 fuit;
2374 4326 2474 4377 sub
2501 4340 2689 4377 serum
2720 4324 2826 4376 diei
2862 4331 3094 4392 poster-.8
3143 4324 3291 4378 miLle
3328 4343 3579 4381 nummos

2020 4414 2087 4467 ad
2111 4414 2290 4467 socios
2337 4414 2547 4477 attulit,
2579 4430 2720 4482 quos
2771 4414 2875 4468 hac
2933 4426 3052 4469 arte
3098 4426 3384 4484 paraverat
3427 4436 3439 4471 :
3489 4419 3576 4471 ln-

2020 4504 2245 4558 strando
2269 4504 2413 4557 circa
2463 4514 2655 4573 portus
2702 4506 3044 4574 crepidinem
3093 4508 3331 4561 advenas
3387 4525 3572 4567 naves.

2020 4611 2181 4650 unam
2222 4595 2503 4649 invenerat
2537 4597 2919 4651 recentissime
2962 4598 3272 4667 appulsam,
3302 4616 3366 4652 cx
3418 4602 3576 4669 cuju‘

2018 4696 2229 4740 rectore
2288 4686 2663 4754 percontando
2712 4702 2972 4755 quorsum
3034 4687 3265 4749 veniret,
3312 4688 3576 4740 elicuer:-.t

2016 4786 2179 4831 certat
2208 4776 2359 4829 illum
2394 4776 2591 4829 mercis
2622 4776 2754 4828 satis
2785 4792 2919 4829 rarae
2952 4776 3232 4831 desiderio
3288 4780 3482 4841 teneri,
3520 4779 3571 4829 in

2015 4883 2203 4936 quam.
2235 4867 2279 4919 si
2316 4867 2482 4935 proba
2515 4877 2570 4919 et
2612 4867 2806 4919 idonea
2847 4866 3005 4934 copia
3064 4867 3421 4935 reperiretur,
3482 4886 3508 4922 ε
3545 4886 3573 4922 x

2015 4970 2294 5025 septemve
2347 4974 2694 5011 nummorum
2734 4957 2900 5010 millia
2934 4957 3168 5010 libenter
3210 4958 3569 5027 impenderet.

2014 5052 2183 5105 Porro
2212 5067 2276 5104 ex
2299 5051 2488 5105 amicis
2523 5049 2802 5103 veteribus
2854 5049 3002 5117 (nam
3056 5049 3250 5103 horum
3310 5054 3572 5120 quosdam

2017 5145 2071 5197 in
2100 5146 2255 5198 turba
2294 5144 2430 5196 forte
2468 5150 2662 5195 nactus
2690 5142 2829 5194 erati
2863 5141 3149 5201 didicerat.
3185 5143 3304 5212 ejus
3345 5145 3570 5212 speciei,

2012 5252 2174 5304 quam
2215 5238 2300 5289 hic
2328 5235 2649 5304 peregrinus
2698 5233 2919 5288 institor
2955 5243 3201 5303 cuperet,
3228 5235 3437 5304 copiam
3479 5252 3571 5291 cx-

2012 5330 2268 5398 Spectari,
2330 5344 2359 5381 a
2416 5328 2677 5381 nauclcro
2732 5328 3063 5383 adventante
3152 5329 3570 5398 importandam.

2012 5422 2169 5477 llunc
2200 5422 2548 5490 przcstolatus
2578 5431 2924 5490 prteoccupat
2962 5423 3172 5491 primus
3201 5424 3469 5487 omnium,
3519 5436 3573 5477 ct

2011 5514 2077 5566 de
2103 5529 2282 5567 merce
2326 5529 2488 5581 quam
2524 5514 2632 5566 dixi
2693 5516 2868 5581 pretio
2914 5530 3259 5567 nummorum
3318 5531 3407 5567 sex
3451 5516 3573 5567 md-

2011 5609 2142 5661 tium
2178 5608 2451 5674 transigit,
2515 5622 2577 5659 ac
2610 5607 2736 5658 dato
2774 5621 2838 5659 ex
2888 5605 3078 5657 amicis
3119 5620 3383 5673 Sponsore
3424 5606 3574 5658 soln-

2015 5700 2178 5752 tionis
2240 5702 2382 5753 intra
2440 5699 2585 5753 dicm
2658 5699 3132 5767 reprazscntandze,
3220 5699 3570 5759 natarclzum,

2018 5806 2252 5856 quocum
2280 5800 2483 5860 egerat,
2514 5806 2633 5844 cum
2660 5806 2836 5845 merce
2867 5791 2979 5844 adit
3016 5809 3029 5857 ;
3076 5790 3120 5844 is
3157 5804 3274 5844 cam
3315 5791 3573 5859 qualitate
