4016 6566
454 379 584 444 ι3ἰι1

1828 386 2240 452 APPENDIX.

3555 405 3694 469 1352

411 500 418 507 ·
445 501 773 567 acnumero
802 490 1017 558 qualem
1054 492 1282 564 optabat
1337 508 1396 548 se
1424 494 1537 549 cito
1591 506 1813 551 nactum
1861 497 2015 567 gavi-
2047 507 2095 559 Α
2122 501 2271 556 mino
2303 517 2466 573 quem
2485 504 2805 572 extulimus,
2823 509 2974 579 regia
2998 510 3250 567 universa
3277 512 3487 569 familia
3509 515 3682 585 ;quid

424 588 565 640 'sus.
599 591 809 650 septem
846 583 1016 638 millia
1049 601 1333 640 nummum
1361 587 1505 642 haud
1530 598 1749 659 gravate
1793 591 2020 657 pacisci-

448 684 538 729 tur
570 685 627 729 et
651 676 835 729 statim
890 677 1088 732 tradit.
1121 678 1216 732 llis
1248 689 1438 733 noster
1475 681 1717 748 acceptis
1746 696 1900 735 suam
1965 689 2020 735 rt

447 772 733 837 sponsoris
757 769 917 825 lidem
954 771 1175 831 liberat,
1209 786 1303 825 sex
1335 772 1578 827 millibus
1604 789 1671 827 ex
1724 784 1885 842 pacto
1907 791 2017 828 nu-

449 859 728 914 merandis
788 861 878 914 cui
930 860 1187 915 debebat.
1246 860 1477 930 Moxque
1515 862 1581 915 ad
1635 862 1817 915 socios
1868 861 2023 916 festi-

451 967 591 1006 nans
618 953 672 1006 in
723 963 879 1022 porta
931 954 1083 1009 urbis
1142 956 1383 1009 carbone
1445 971 1556 1009 suae
1607 968 2019 1011 monumentum

450 1059 634 1113 operae.
664 1044 924 1114 signavit,
945 1046 1025 1100 sic
1058 1045 1310 1099 scribens
1347 1063 1360 1099 :
1387 1045 1664 1100 lndustria
1697 1049 2022 1102 mercatoris

456 1135 607 1190 mille
632 1151 892 1192 nummos
910 1153 1017 1192 una
1051 1138 1139 1193 die
1163 1138 1270 1192 sibi
1310 1148 1368 1194 et
1410 1139 1692 1193 sodalibus
1730 1156 1797 1194 ex
1846 1141 2021 1197 nihilo

453 1228 714 1283 confecit.

525 1318 614 1375 Ν.
657 1321 811 1377 Unus
868 1331 1157 1392 supererat
1209 1323 1354 1392 regis
1412 1323 1595 1392 ﬁlius;
1640 1326 1732 1395 qui
1777 1342 1887 1381 non
1946 1326 2020 1383 ita

452 1413 630 1467 multo
659 1422 804 1482 post,
835 1413 925 1469 die
979 1423 1159 1484 capto.
1199 1431 1307 1470 non
1370 1416 1528 1471 bonis
1583 1418 1778 1473 avibus
1826 1418 2019 1473 urbem

449 1503 669 1574 ingredi
692 1505 842 1559 visus
875 1513 959 1559 est
979 1514 1208 1560 stratam
1250 1507 1401 1562 luctu
1437 1524 1606 1574 ;nam
1650 1526 1711 1563 ea
1744 1510 1829 1564 sui
1878 1510 2023 1578 regis

450 1593 573 1649 sine
608 1593 804 1650 liberis
831 1593 1076 1649 defuncti
1101 1594 1268 1652 funus
1294 1608 1489 1654 maesta
1522 1600 1859 1655 celebrabat.
1887 1601 2023 1657 Pro-

452 1698 611 1738 ceres
642 1684 737 1753 qui
776 1685 1172 1759 rempublicam
1197 1687 1680 1751 administrabant,
1716 1690 1809 1744 tali
1835 1705 2018 1744 rerum

451 1775 688 1829 articulo
716 1774 1049 1838 solliciti,ne
1079 1776 1211 1847 quid
1250 1779 1537 1833 turbarum
1598 1780 1863 1846 oriretur,
1918 1798 2018 1836 cu-

452 1867 664 1922 stodias
697 1868 1112 1938 geminaverant
1136 1872 1849 1942 portarum.explorarique
1886 1873 2020 1928 sub-

447 1959 966 2031 euntesjusserant.
991 1959 1073 2014 Ab
1112 1959 1199 2015 bis
1226 1960 1649 2016 animadversus
1695 1965 2019 2034 peregrinus

446 2049 669 2120 juvenis
712 2050 918 2119 speciei
971 2050 1226 2115 heroicae,
1281 2067 1406 2107 cum
1454 2051 1823 2124 interrogatus
1868 2055 2017 2124 quis,

459 2140 643 2208 cujus,
675 2139 843 2202 unde,
875 2154 974 2195 cur
995 2141 1232 2201 veniret.
1257 2156 1581 2210 responsum
1619 2142 1764 2197 haud
1807 2154 2019 2200 certum

453 2229 791 2300 expedisset,
818 2243 1109 2300 suspectus
1148 2230 1204 2287 in
1229 2234 1448 2288 vincula
1478 2233 1641 2287 datus
1694 2243 1803 2300 est,
1859 2237 2020 2292 valde

455 2322 871 2386 miserantibus,
915 2322 1006 2377 ubi
1061 2337 1177 2378 rem
1229 2337 1557 2393 cognovere,
1620 2333 1731 2378 tam
1807 2327 2018 2381 tristem

450 2429 769 2469 successum
799 2414 989 2471 sociis.
1025 2414 1234 2470 Triduo
1264 2425 1387 2485 post
1403 2416 1758 2470 consulentes
1781 2416 1850 2471 de
1873 2418 2022 2488 regis

451 2507 727 2563 electione
786 2515 1098 2565 senatores.
1154 2507 1456 2562 audierunt
1529 2523 1559 2560 a
1633 2510 2021 2578 quaesitoribus

457 2615 582 2668 quae
611 2599 648 2653 ii
704 2611 739 2654 ε.
794 2599 1013 2668 captivo
1073 2599 1425 2653 adolescente
1466 2600 1844 2655 resciverant:
1900 2616 2022 2657 esse

454 2688 611 2742 illum
629 2688 774 2759 regis
801 2689 923 2743 noti
950 2697 1009 2745 et
1028 2689 1270 2759 potentis
1299 2690 1752 2760 primogenitum,
1783 2692 2021 2750 factione

452 2781 641 2836 fratris
666 2782 899 2837 minoris
930 2782 1081 2853 regni
1106 2782 1429 2840 hereditate
1458 2784 1733 2855 dejectum
1759 2802 1774 2851 ;
1804 2795 1860 2841 et
1883 2786 2020 2842 forte

453 2874 598 2929 fama
629 2874 711 2929 rei
737 2883 900 2930 tantae
932 2875 985 2929 in
1033 2875 1286 2944 proximo
1340 2886 1505 2946 gesta:
1558 2891 1627 2943 eo
1674 2887 2019 2946 pervenerat,

456 2965 748 3033 celebrans
778 2966 946 3021 etiam
978 2965 1082 3022 viri
1132 2966 1343 3023 laudes.
1404 2966 1500 3022 His
1549 2967 1752 3023 auditis
1797 2976 2023 3024 senatus

451 3060 736 3129 princeps,
761 3059 994 3129 Nempe,
1026 3060 1227 3131 inquit,
1255 3060 1468 3124 Patres,
1500 3075 1686 3131 regem
1710 3061 1855 3115 Deus
1874 3061 2020 3116 ultro

2118 590 2425 662 elegantius
2453 593 2633 652 facere
2668 597 2798 653 licet
2839 613 3006 668 quam
3061 601 3489 670 nobilissimum,
3536 606 3688 674 opti-

2123 698 2295 749 mum,
2360 701 2463 765 nec
2496 687 2688 743 rudem
2748 690 3013 759 regnandi
3066 693 3268 747 artium
3326 695 3585 765 juvenem
3637 696 3697 750 in

2120 791 2356 831 vacuum
2392 763 2569 834 nostri
2599 782 2752 852 regni
2779 783 3018 839 evehere
3044 784 3286 840 solium?
3318 763 3695 855 Disceptatum

2121 868 2441 938 aliquandiu
2474 871 2644 937 dere,
2677 883 3061 944 certatumque
3119 879 3266 932 votis
3324 894 3391 933 ac
3455 879 3692 942 studiis;

2123 962 2342 1015 tandem
2403 965 2668 1020 euntibus
2717 965 2997 1035 plerisque
3046 967 3101 1021 in
3151 969 3479 1023 sententiam
3523 969 3695 1039 primi

2122 1054 2419 1120 senatoris,
2450 1056 2683 1111 eductus
2714 1073 2744 1111 e
2785 1059 3040 1113 custodia
3074 1060 3179 1115 rite
3218 1070 3519 1115 coronatur
3559 1061 3683 1116 ado

2123 1146 2356 1201 lesccns.
2393 1146 2664 1217 Subjiciet
2692 1149 2798 1203 sibi
2825 1150 3060 1219 quisque
3091 1150 3252 1205 facile
3286 1168 3407 1221 qua:
3447 1152 3694 1216 novitas,

2121 1251 2358 1305 quaeque
2388 1238 2683 1294 admiratio
2720 1251 3047 1297 cunctorum
3080 1242 3268 1297 fuerit.
3328 1244 3519 1299 Trium
3573 1261 3695 1300 ma-

2123 1328 2269 1382 xime
2299 1329 2418 1397 ejus
2448 1331 2712 1385 comitum
2760 1342 2883 1401 post
2942 1335 3159 1389 anxiam
3222 1338 3693 1406 exspectationem

2124 1417 2595 1488 ingensgaudium
2616 1431 2672 1476 et
2701 1423 3000 1494 gratulatio
3044 1424 3140 1479 Dei
3185 1425 3345 1481 laude
3398 1428 3695 1497 conjuncta

2120 1509 2353 1563 exstitit.
2405 1510 2592 1580 Neque
2628 1513 2823 1568 borum
2859 1513 3063 1568 oblitus
3094 1515 3149 1569 in
3207 1515 3425 1571 fortuna
3479 1517 3696 1572 meliori

2125 1618 2302 1656 novus
2350 1618 2466 1662 rex.
2488 1605 2671 1659 statim
2702 1621 2797 1660 eos
2824 1608 3077 1672 accersit,
3107 1622 3172 1661 ac
3194 1608 3439 1662 nobilem
3464 1607 3693 1677 quidem

2123 1693 2423 1749 formosum
2460 1695 2610 1749 illum
2647 1698 2887 1766 palatino
2935 1698 3172 1753 maximo
3200 1707 3544 1752 auctoratum
3578 1714 3697 1751 ma-

2123 1786 2354 1855 gistratu
2388 1787 2530 1855 apud
2566 1802 2624 1841 se
2670 1788 2902 1854 babuit;
2955 1788 3281 1857 naufragum
3331 1799 3693 1843 mercatorem

2120 1873 2319 1928 aerario
2337 1875 2581 1944 praefecit
2607 1893 2621 1941 ;
2649 1878 2854 1931 rustico
2886 1877 3126 1947 denique
3144 1879 3396 1933 villarum
3414 1878 3695 1949 regiarum

2120 1960 2568 2034 procurationem
2592 1967 2965 2024 demandavit.
2991 1971 3070 2025 Ac
3086 1971 3231 2040 quod
3261 1971 3388 2026 illos
3404 1971 3696 2041 scripsisse

2121 2055 2176 2111 in
2202 2065 2356 2127 porta
2395 2070 2745 2128 compererat
2780 2061 3019 2132 elogium
3050 2077 3162 2116 sua:
3196 2079 3472 2133 quemque
3499 2061 3695 2126 sortis,

2121 2158 2180 2204 et
2215 2150 2332 2220 ipse
2365 2150 2418 2205 id
2455 2151 2727 2217 imitatus,
2753 2153 2809 2208 in
2864 2155 3045 2210 fronte
3076 2156 3338 2226 propylaei
3368 2165 3543 2224 porta:
3596 2170 3695 2207 ur-

2119 2238 2205 2293 bis
2232 2240 2504 2310 primariae
2559 2241 2731 2296 locari
2798 2259 3040 2298 marmor
3089 2245 3300 2298 curavit
3353 2243 3443 2299 cui
3489 2243 3696 2297 litteris

2120 2332 2583 2402 quadrantalibus
2625 2336 2810 2390 aureis
2867 2336 3103 2408 insculpi
3145 2338 3387 2408 jusserat
3420 2355 3435 2391 :
3474 2335 3696 2391 Certior

2121 2425 2462 2495 solidiorque
2517 2427 2664 2482 basis
2710 2427 2923 2482 fiducia:
2961 2429 3234 2492 bomanze,
3287 2444 3454 2499 quam
3511 2428 3691 2486 labor.

2120 2514 2320 2581 forma,
2386 2517 2682 2581 industria,
2736 2518 2920 2573 divina
2968 2529 3056 2574 est
3122 2521 3490 2590 providentia,
3541 2518 3694 2573 unde

2095 2596 2283 2662 ~omne
2326 2609 2526 2662 bonum
2571 2610 2842 2677 provenit.
2877 2610 3001 2665 Haec
3025 2609 3226 2666 Genxa:
3270 2610 3347 2680 (id
3378 2611 3429 2666 ei
3486 2625 3694 2665 nomen

2119 2707 2260 2765 erat)
2295 2713 2512 2767 semper
2543 2697 2647 2752 fuit
2667 2697 2877 2768 opinio,
2905 2699 3228 2755 felicissimo
3267 2708 3471 2756 eventu
3532 2715 3697 2755 com-

2122 2790 2373 2859 probata.
2401 2789 2516 2845 Sub
2573 2790 2691 2845 bzec
2751 2805 3021 2860 perorans
3069 2792 3686 2871 gymnosOpbista-regi

2120 2881 2478 2938 Abessalomo
2511 2881 2652 2936 dixit
2701 2881 2915 2960 :Vides
2970 2898 3037 2937 ex
3101 2883 3210 2945 his,
3264 2883 3504 2948 domine,
3559 2898 3695 2952 opes

2119 2972 2413 3041 egentibus
2457 2974 2779 3042 contingere
2838 2986 3025 3041 opera,
3071 2976 3275 3043 specie,
3298 2987 3522 3043 genere,
3546 2982 3692 3030 arte.

2126 3073 2181 3116 at
2215 3076 2383 3131 super
2429 3063 2639 3125 omnia,
2677 3062 3023 3132 providentia
3060 3072 3115 3118 et
3143 3072 3411 3134 potestate
3443 3062 3689 3134 supremi

453 3153 614 3209 nobis
656 3153 841 3215 offert,
919 3169 1032 3225 quo
1091 3154 1381 3209 meliorem
1442 3168 1513 3207 ne
1562 3161 1750 3222 optare
1802 3152 2020 3223 quidem
2050 3187 2093 3241 ο
2128 3153 2383 3209 Numinis
2412 3163 2609 3209 cuncta
2632 3155 3042 3226 sapientissime
3066 3154 3488 3227 mquissimeque
3504 3152 3697 3213 mode-

453 3259 767 3314 possumus.
801 3244 1110 3313 Exstincta,
1134 3257 1195 3300 ut
1219 3245 1394 3312 scitis,
1416 3255 1500 3301 est
1520 3260 1644 3301 cum
1677 3256 1868 3302 nostro
1917 3246 2016 3302 do-

2127 3245 2322 3302 rantis.

1432 3517 1963 3581 DlSSERTATlO
2001 3519 2502 3582 PARABOLICA
2536 3518 2715 3581 XIII.

453 3663 645 3725 Docet
676 3661 837 3725 vices
878 3678 1078 3743 (equas
1106 3680 1315 3725 rerum
1344 3671 1576 3724 (eterna
1604 3661 1734 3743 lege
1784 3664 2191 3820 cmsffitytas:
2236 3664 2399 3725 unde
2440 3665 2768 3726 conveniat
2797 3680 2925 3725 non
2975 3680 3137 3742 a'gre
3176 3663 3342 3742 ferre
3379 3677 3516 3723 cum
3550 3663 3692 3744 quis

1754 3760 1886 3820 quae
1947 3754 2085 3818 εστι,
2117 3747 2383 3820 patitur.

1754 3760 1886 3822 qua
1912 3747 2085 3820 fecit,
2117 3747 2383 3823 patitur.

527 3873 673 3928 Dixit
698 3880 880 3928 autem
922 3887 1022 3927 rex
1062 3872 1332 3943 :Percepi
1384 3872 1699 3942 parabolam
1760 3874 1921 3930 istam
1963 3885 2020 3933 et

452 3966 587 4036 quid
618 3982 716 4035 per
768 3980 890 4021 eam
944 3967 1301 4036 praecipiatur
1342 3967 1635 4037 intelligo;
1682 3985 1831 4024 nunc
1882 3969 2019 4025 doce

453 4073 567 4127 quo
605 4065 763 4126 pacto
785 4055 877 4112 flat
904 4065 961 4110 ut
996 4056 1154 4111 facile
1176 4056 1440 4111 oblivioni
1492 4056 1670 4110 tradat
1728 4072 1792 4111 ac
1823 4074 2017 4130 parum

455 4158 614 4203 curet
642 4148 852 4203 alienas
898 4148 1258 4211 calamitates,
1301 4146 1399 4217 qui
1448 4148 1658 4202 nullum
1710 4150 1826 4218 ipse
1870 4150 2022 4204 dam-

457 4251 591 4291 num
650 4253 844 4307 passus
893 4252 1136 4306 unquam
1191 4246 1330 4304 est;
1388 4237 1478 4292 ubi
1546 4246 1731 4293 autem
1786 4240 2026 4308 experiri

456 4332 595 4384 mala
625 4331 879 4399 cmperit,
939 4328 1173 4385 aliorum
1236 4328 1313 4384 illi
1364 4329 1569 4390 clades.
1622 4331 2024 4387 admonitiones

454 4438 519 4477 ac
547 4421 878 4476 documenta
905 4423 1017 4475 sint
1044 4420 1250 4491 quibus
1274 4421 1345 4476 ad
1381 4421 1820 4491 resipiscendum
1846 4421 2023 4477 addu-

456 4523 638 4569 catur.
1586 4567 1606 4582 ι

527 4604 610 4658 Ad
638 4620 700 4658 ea
737 4612 1018 4673 resumpto
1049 4617 1306 4669 sermone
1327 4602 1771 4673 gymnosophista
1790 4617 2019 4673 respon-

454 4696 534 4749 dit
566 4697 620 4749 in
667 4696 812 4749 hunc
842 4695 1065 4748 modutn
1109 4712 1122 4748 :
1173 4693 1276 4760 Qui
1323 4710 1431 4748 non
1471 4693 1689 4748 dubitat
1735 4695 1874 4761 alios
1932 4694 2023 4748 lae-

455 4788 589 4841 dere
632 4796 692 4841 ut
717 4787 821 4840 sibi
855 4785 1035 4855 prosit
1070 4786 1195 4855 ipsi,
1227 4786 1431 4840 stultus
1466 4785 1897 4855 imprudensquc
1914 4797 2018 4846 est,

455 4882 660 4950 quippe
689 4879 782 4948 qui
806 4894 913 4933 non
950 4879 1157 4949 cogitet
1187 4879 1436 4933 otnnium
1466 4876 1590 4933 esse
1633 4888 1880 4931 actorum
1930 4880 2021 4948 ju-

456 4986 567 5027 stas
591 4972 759 5027 vices.
795 4970 1242 5039 immutabiliqne
1270 4969 1468 5023 ordine
1494 4982 1875 5022 successuram
1926 4968 2025 5020 ali-

456 5062 676 5131 quando
707 5062 1018 5129 cuicunque
1056 5060 1270 5131 injuriae
1315 5075 1498 5127 parem
1550 5058 1840 5121 ultionem,
1868 5066 2016 5111 certe

456 5165 518 5210 ut
550 5154 877 5224 longissime
907 5152 1218 5213 diﬂeratur,
1246 5152 1438 5206 ultima
1482 5152 1573 5205 illa
1604 5151 1693 5204 die
1723 5167 1828 5218 qtta
1866 5164 2019 5217 aequa

456 5244 747 5301 retributio
776 5245 1014 5303 cmtctis,
1054 5253 1220 5313 prout
1272 5243 1535 5304 vixerint,
1571 5241 1854 5295 reddetur.
1908 5240 2022 5294 llac

456 5358 621 5412 porro
667 5360 696 5395 ιι
718 5351 847 5397 ente
880 5342 932 5395 in
962 5340 1306 5395 calamitates
1340 5336 2018 5398 incidetintmedirabiles,

461 5454 517 5489 rc
544 5434 650 5488 nisi
685 5434 852 5487 vitam
884 5432 1142 5486 emendet
1169 5431 1223 5483 in
1274 5441 1540 5498 tempore,
1574 5426 1909 5498 paenitentiae
1927 5426 2022 5480 de-

458 5524 624 5592 nique
656 5539 791 5577 sera:
820 5532 986 5589 atque
1023 5521 1236 5575 inutilis
1281 5521 1393 5573 acri
1432 5529 1705 5573 tormento
1754 5515 2026 5570 cruciabi-

457 5631 566 5670 tur.
596 5614 922 5684 Huiusmodi
968 5622 1152 5667 tamen
1190 5611 1468 5665 interdum
1517 5609 1884 5664 emendantur
1924 5623 2021 5661 ex-

457 5703 728 5775 perientia
755 5708 1023 5757 malorum
1051 5702 1435 5771 propriorum;
1469 5711 1525 5753 et
1568 5700 1612 5754 si
1648 5697 1867 5767 quando
1895 5711 2021 5750 sen-

458 5797 597 5852 tiant
625 5793 823 5849 damna
854 5794 921 5849 ab
960 5793 1083 5849 aliis
1113 5794 1285 5855 illata,
1319 5791 1624 5857 intelligere
1671 5790 1891 5845 demum
1936 5788 2023 5842 in-

2125 3876 2338 3946 cipiunt
2369 3874 2763 3929 abstinendum
2794 3871 2900 3929 sibi
2927 3887 3049 3928 esse
3074 3886 3106 3927 a
3156 3871 3422 3928 vexandis
3451 3887 3552 3943 per
3604 3872 3690 3927 in-

2119 3966 2299 4035 iunias
2355 3967 2499 4029 aliis,
2554 3974 2720 4036 prout
2772 3965 2958 4019 lemma
3002 3964 3253 4034 contigit.
3296 3963 3501 4018 Ferunt
3540 3964 3688 4019 enim

2126 4058 2313 4114 leaena:
2336 4058 2576 4127 cuipiam
2602 4057 2815 4112 catulos
2835 4055 2976 4111 duos
2999 4055 3190 4119 fuisse,
3214 4070 3351 4125 quos
3368 4056 3486 4125 ipsa
3518 4070 3690 4110 vena-

2132 4160 2245 4203 tum
2266 4149 2548 4220 prodiens,
2582 4156 2725 4211 tuto,
2764 4158 2824 4201 ut
2866 4147 3118 4217 putabat,
3152 4146 3275 4200 loco
3319 4145 3575 4215 deposuit
3631 4145 3688 4200 in

2128 4241 2291 4302 silva,
2329 4241 2423 4294 ubi
2455 4224 2554 4295 eos
2586 4240 2843 4295 inventos
2863 4248 3093 4295 venator
3121 4239 3342 4309 quidam
3394 4239 3687 4303 interfecit,

2126 4342 2183 4387 et
2203 4333 2344 4402 pelle
2373 4330 2593 4400 utrique
2636 4330 2883 4385 detracta
2923 4344 3224 4400 secumque
3272 4329 3474 4389 ablata,
3525 4343 3693 4383 exco-

2127 4423 2300 4477 riatos
2321 4430 2377 4477 et
2420 4421 2622 4477 misere
2650 4422 2860 4477 laceros
2903 4420 3145 4490 reliquit.
3187 4419 3377 4474 Redux
3406 4418 3472 4473 ad
3506 4418 3689 4473 locum

2048 4493 2100 4553 Ῑ)
2128 4515 2326 4575 leaena,
2367 4522 2419 4567 et
2447 4512 2804 4568 cltarissimos
2835 4513 2980 4567 fetus
3025 4512 3325 4565 exstinctos
3379 4520 3547 4580 atque
3597 4526 3663 4563 ex

2126 4606 2476 4659 carniﬁcatos
2541 4619 2802 4667 cernens,
2855 4603 3164 4658 incredibili
3222 4602 3434 4657 confixa
3500 4602 3693 4657 dolore
3760 4630 3765 4633 Α

2127 4705 2233 4759 est,
2266 4698 2589 4765 nullumque
2638 4695 2798 4749 linem
2854 4694 3018 4748 flendi
3048 4710 3112 4749 ac
3156 4693 3487 4748 lamentandi
3522 4693 3691 4748 facie-

2132 4785 2245 4845 bat.
2276 4786 2414 4840 adeo
2451 4795 2510 4839 ut
2532 4786 2793 4856 ejulatum
2825 4787 2944 4854 ejus
2976 4802 3037 4839 ac
3081 4786 3352 4855 planctum
3380 4788 3556 4837 excita
3607 4803 3695 4838 so-

2129 4877 2244 4929 nitu
2312 4877 2491 4930 vicina
2518 4892 2644 4931 ursa
2679 4893 2776 4945 pro
2821 4877 3227 4930 necessitudine
3268 4888 3588 4931 accurreret
3622 4878 3690 4931 ad

2127 4966 2358 5021 amicam
2419 4966 2827 5020 consolandam.
2882 4966 2974 5021 Ait
3026 4980 3157 5036 ergo
3204 4966 3366 5020 simul
3421 4972 3686 5036 pervenit.

2127 5054 2263 5121 Quis
2305 5068 2357 5111 te
2389 5066 2572 5111 tantus
2595 5072 2801 5111 mmror
2847 5056 3091 5112 conficit.
3118 5071 3215 5121 age
3245 5057 3378 5124 quid
3405 5059 3691 5125 qut-reris?

2129 5145 2262 5217 quid
2316 5147 2415 5201 tibi
2466 5146 2613 5216 quod
2654 5147 2831 5202 nolles
2859 5148 3090 5218 contigit
3118 5147 3141 5199 ?
3168 5147 3489 5206 Enimvero.
3516 5149 3691 5217 inquit

2132 5240 2245 5301 illa,
2281 5235 2559 5308 quomodo
2592 5255 2699 5293 non
2735 5238 2915 5305 ﬂeam,
2944 5255 3053 5293 non
3113 5238 3339 5299 ululem,
3398 5254 3507 5291 non
3543 5240 3700 5308 plan-

2128 5349 2272 5403 gam,
2304 5347 2426 5399 qua:
2457 5331 2595 5385 duos
2628 5348 2781 5386 meos
2833 5334 3045 5386 catulos
3079 5330 3403 5385 amiserim?
3438 5330 3547 5385 lius
3611 5348 3690 5384 τρο

2128 5424 2392 5492 liqueram
2423 5423 2777 5477 absconditos
2802 5424 2856 5477 in
2886 5423 3231 5477 arundineto.
3252 5422 3490 5476 Venator
3511 5434 3694 5476 autem

2130 5515 2353 5586 quidam
2404 5515 2515 5569 illic
2540 5525 2788 5584 repertos
2826 5515 2955 5583 (heu
3016 5503 3151 5568 mibi
3176 5513 3214 5584 ε)
3246 5515 3476 5575 occidit,
3512 5522 3565 5567 et
3596 5531 3695 5567 nu-

2129 5610 2378 5661 tla'arum
2428 5606 2677 5659 carnium
2722 5608 2892 5675 pelles
2943 5605 3200 5661 anlerens
3232 5606 3391 5660 abiit.
3446 5605 3596 5659 Dixit
3642 5604 3693 5658 ei

2130 5712 2308 5751 ursa:
2350 5697 2540 5766 Atqui,
2572 5697 2769 5761 amica,
2804 5697 2947 5752 ferre
2989 5707 3042 5752 te
3075 5697 3223 5752 hunc
3259 5713 3447 5751 casum
3478 5712 3547 5751 eo
3564 5711 3697 5751 con-

2132 5788 2375 5844 stantius
2402 5804 2499 5856 par
2530 5798 2636 5856 est,
2664 5788 2810 5856 quod
2841 5804 2968 5845 eum
3003 5791 3224 5847 conscia
3258 5789 3355 5845 tibi
3380 5804 3442 5845 es
3458 5791 3694 5844 merenti
