4016 6546
390 434 526 497 1353

1273 432 1649 497 SPECIMEN
1684 433 2117 496 SAPIENTUE
2154 433 2516 496 lNDORUM
2551 428 2718 495 VE’I‘.
2774 502 2777 517 Ι

3503 430 3645 500 1354

382 543 705 617 contigisse,
738 557 862 599 nam
897 543 1090 600 eadem
1115 557 1240 613 quae
1268 541 1450 599 fecisti
1498 557 1655 614 passa
1686 558 1767 597 es.
1798 540 1949 607 Quo-
1985 552 2023 603 Α
2059 542 2325 612 profecto,
2385 542 2565 613 inquit
2616 543 2788 598 leaena
2824 559 2839 610 ;
2904 541 2993 599 cui
3050 557 3175 599 ursa
3201 585 3215 609 ,
3266 542 3407 609 Quid
3471 546 3641 616 igitur

382 641 528 697 circa
579 637 802 693 modum
828 651 1000 707 ponas
1030 636 1275 691 luctibus
1314 650 1537 700 censeo,
1593 649 1664 690 ac
1694 641 1960 703 reputans

314 802 321 805 _
384 740 566 786 tecum
590 744 754 799 quam
775 728 978 783 multas
1014 736 1072 782 et
1097 727 1213 797 ipsa
1263 736 1467 781 matres
1519 726 1688 782 orbas
1735 718 1958 790 feceris,

384 823 681 876 orbitatem
714 822 863 891 justa
893 821 1013 875 vice
1038 819 1137 874 tibi
1172 834 1463 889 repensam
1520 818 1650 875 boni
1709 817 1957 877 consule,

384 922 480 969 aut
530 913 806 983 patienter
853 912 1049 967 saltem
1109 911 1305 966 tolera.
1381 910 1594 966 Usitata
1652 910 1860 979 pateris
1905 916 1965 961 et

382 1020 538 1074 aequa
571 1022 585 1058 :
618 1013 826 1057 aeterna
855 1003 1063 1072 quippe
1124 1002 1400 1056 sancitum
1431 1002 1575 1071 lege,
1623 1000 1829 1069 ubique
1896 1013 1963 1052 ac

383 1112 603 1165 semper
638 1096 820 1164 serius
842 1095 997 1149 ocius
1025 1094 1117 1158 sit,
1152 1103 1212 1148 ut
1251 1110 1374 1163 qua:
1432 1094 1575 1147 male
1624 1092 1750 1161 quis
1803 1090 1963 1153 dixit,

383 1190 606 1253 audiat;
629 1204 750 1258 quae
782 1170 934 1253 fecit,
970 1188 1113 1244 ferat
1148 1205 1162 1244 :
1205 1203 1327 1256 quas
1376 1186 1737 1240 seminaverit
1775 1192 1962 1245 metat,

385 1298 604 1351 quaque
633 1296 890 1336 mensura
941 1296 1172 1335 mensus
1217 1279 1339 1333 aliis
1384 1279 1569 1340 fuerit,
1623 1276 1816 1331 eadem
1858 1274 1963 1344 ipsi

385 1375 746 1438 remetiatur;
792 1373 1030 1442 denique
1078 1356 1173 1443 qui
1220 1374 1459 1430 foveam.
1521 1370 1615 1438 qui
1676 1370 1959 1439 laqueum,

384 1467 478 1536 qui
507 1466 695 1521 dolum
737 1466 990 1535 quemvis
1028 1465 1081 1519 in
1113 1465 1372 1519 damnum
1393 1465 1627 1519 alterius
1658 1462 1959 1533 paraverit,

384 1559 663 1612 similibus
689 1558 1022 1627 quandoque
1050 1558 1525 1611 circumveniatur
1586 1556 1829 1612 insidiis.
1882 1556 1965 1610 Ad

384 1666 449 1703 ea
484 1650 653 1704 lezena
712 1664 844 1704 vero
872 1651 1038 1711 victa,
1069 1648 1257 1713 Recte,
1296 1650 1494 1719 inquit,
1546 1642 1762 1705 mones.
1823 1649 1997 1723 Tum-

388 1757 535 1804 ursa,
576 1739 693 1807 Dic,
726 1740 922 1795 amabo
967 1748 1042 1803 te,
1072 1749 1209 1809 quot
1249 1757 1509 1797 numeras
1558 1742 1684 1797 vita:
1740 1740 1967 1796 annos?

391 1833 532 1887 Sane
562 1833 788 1894 multos,
836 1830 917 1885 ait
972 1831 1185 1899 leaena;
1230 1841 1286 1886 et
1347 1847 1494 1898 ursa,
1544 1831 1659 1887 Hoc
1719 1847 1961 1903 quoque,

2064 650 2244 689 causa:
2276 644 2380 699 est,
2417 638 2514 699 ait,
2559 651 2661 692 cur
2689 636 2898 691 nullius
2924 637 3120 710 patris,
3188 638 3397 693 nullius
3444 639 3637 694 matris

2063 739 2131 779 ex
2162 738 2270 780 tam
2298 725 2496 779 multis
2539 740 2678 794 quos
2710 727 2908 780 catulis
2962 724 3191 790 orbasti,
3230 726 3468 795 eiulatus
3539 743 3639 781 au-

2065 817 2322 872 diamus?
2362 815 2418 872 Si
2478 833 2610 887 ergo
2650 818 2727 871 illi
2770 818 2918 872 taciti
2971 818 3189 873 dolores
3246 834 3377 873 suos
3433 834 3641 875 conco-

2066 921 2267 979 quunt,
2300 920 2579 979 utcunque
2613 910 2864 980 plerique
2912 927 3022 965 non
3078 912 3255 966 meriti
3294 912 3518 981 paribus
3564 912 3642 966 fa-

2065 1003 2170 1057 ctis
2207 998 2565 1074 clades‘suas,
2594 1001 2721 1055 vide
2748 1017 2816 1055 an
2844 1017 2955 1055 non
2986 1018 3205 1071 aequum
3240 1002 3313 1056 sit
3343 1014 3392 1056 te
3430 1005 3641 1072 patien-

2070 1096 2179 1149 tius
2215 1095 2382 1165 paulo
2418 1094 2564 1148 ferre
2584 1093 2788 1163 quibus
2805 1094 2966 1163 digna
3024 1110 3106 1159 es,
3147 1112 3247 1150 nec
3282 1096 3444 1150 nimis
3495 1096 3643 1149 indi-

2065 1197 2296 1259 gnanler
2326 1187 2582 1256 excipere
2619 1187 2690 1242 ab
2724 1187 2993 1256 exemplis
3034 1205 3065 1242 a
3109 1196 3161 1242 te
3194 1188 3335 1243 datis
3365 1189 3418 1242 in
3485 1200 3637 1243 tuum

2065 1280 2236 1335 semel
2285 1291 2450 1349 caput
2502 1279 2758 1351 iujuriam
2800 1279 3113 1335 reﬂexum?
3163 1282 3331 1347 Quin,
3393 1291 3546 1350 puto,
3592 1282 3637 1334 si

2064 1389 2259 1429 verum
2295 1373 2379 1428 vis
2406 1373 2613 1437 dicere,
2641 1366 3395 1444 fateberisfhaudquaquam
3434 1385 3484 1428 te
3531 1384 3638 1428 tam

2065 1465 2281 1520 facilem
2314 1465 2372 1519 in
2415 1466 2681 1520 vexandis
2733 1464 2858 1520 aliis
2911 1465 3180 1528 futuram,
3227 1466 3271 1518 si
3315 1480 3637 1535 persuasum

2067 1556 2355 1611 habuisses
2385 1556 2514 1612 hinc
2536 1566 2864 1611 eventurum
2895 1567 2953 1610 ut
2990 1568 3045 1611 tu
3073 1572 3294 1627 quoque
3340 1557 3640 1626 aliquando

2067 1652 2219 1719 paria
2250 1659 2526 1717 paterere.
2562 1648 2660 1703 His
2684 1649 2891 1703 auditis
2944 1649 3141 1710 leaena,
3180 1658 3443 1717 reputans
3494 1651 3640 1719 apud

2065 1755 2209 1804 sese,
2240 1741 2451 1811 proprii
2487 1741 2723 1812 seipsam
2747 1742 2832 1806 sui
2857 1757 3078 1796 causam
3112 1741 3406 1797 infortunii
3446 1741 3639 1803 fuisse,

2066 1839 2268 1893 seriam
2298 1836 2423 1890 vitae
2449 1836 2655 1905 prioris
2695 1834 3083 1906 paenitentiam
3136 1835 3413 1903 concepit,
3465 1842 3647 1890 certa-

388 1923 494 1977 nisi
526 1938 690 1994 grave
715 1932 819 1986 est,
855 1937 1120 1987 memora,
1160 1936 1270 1992 quo
1318 1922 1499 1978 victus
1554 1938 1759 1995 genere
1812 1933 1964 1980 tanto
1997 1929 2040 1985 B
2067 1943 2175 1998 que
2207 1925 2642 1989 emendationis,
2703 1924 2969 1994 deinceps
3020 1939 3117 1979 esu
3172 1923 3420 1978 carnium
3471 1924 3644 1978 absti-

393 2031 643 2086 tempore
683 2015 760 2070 sis
788 2029 909 2079 usa,
964 2014 1097 2084 quid
1160 2023 1240 2069 tot
1294 2013 1416 2069 istis
1473 2015 1636 2071 annis
1672 2018 1966 2074 comedere

386 2109 768 2164 consueveris.
822 2108 1034 2177 Nempe
1055 2105 1223 2171 nosti,
1266 2107 1346 2162 ait
1393 2108 1510 2169 illa.
1542 2107 1691 2164 vesci
1723 2124 1810 2164 me
1845 2125 1968 2164 car-

388 2200 553 2256 nibus
582 2199 948 2253 auimantium
977 2197 1182 2253 solere.
1242 2197 1406 2263 Sane,
1461 2199 1540 2253 ait
1572 2215 1720 2266 ursa;
1775 2216 1971 2255 rursus

385 2292 519 2347 illud
547 2306 770 2362 quaero:
800 2292 936 2358 Quis
964 2290 1064 2347 tibi
1091 2306 1286 2347 carnes
1310 2291 1443 2346 istas
1472 2292 1971 2349 subministrabat?

392 2384 668 2449 Venabar,
697 2383 903 2454 inquit,
965 2383 1217 2454 quotidie
1252 2384 1308 2439 in
1340 2392 1550 2449 monte,
1595 2392 1651 2441 et
1704 2402 1842 2457 quas
1872 2387 1967 2442 be-

317 2508 325 2516 ›
388 2478 523 2532 stias
580 2477 829 2544 arripere
895 2485 1144 2547 poteram
1208 2477 1496 2533 vorabam.
1546 2478 1760 2534 Rursus
1810 2495 1963 2547 ursa,

384 2566 527 2633 Quid
560 2566 659 2621 tibi
683 2567 926 2632 videtur,
949 2568 1173 2638 inquit;
1207 2568 1469 2625 animalia
1508 2569 1598 2625 illa
1625 2579 1735 2625 tam
1766 2574 1960 2637 multa,

386 2676 507 2728 quae
532 2660 763 2725 vorasti,
796 2660 1079 2732 genitores
1114 2676 1225 2717 non
1245 2661 1607 2717 habuerunt?
1636 2662 1963 2720 Habuerunt

2062 2021 2207 2085 nuit,
2262 2018 2535 2075 fructibus
2599 2018 2863 2073 arborum
2929 2016 3099 2070 vitam
3182 2016 3443 2070 tolerans.
3514 2015 3646 2069 Post

2064 2128 2186 2184 qua
2209 2111 2519 2184 subiunxit,
2550 2110 2882 2180 compendio
2928 2110 3074 2164 dicta
3124 2108 3392 2179 colligens
3418 2123 3647 2178 gymno-

2068 2203 2495 2276 sophista:Sic
2576 2202 2741 2265 habe,
2792 2216 2889 2258 rex
2947 2202 3206 2266 maxime,
3283 2200 3379 2270 qui
3451 2198 3647 2253 dolore
3718 2198 3721 2201 λ

2071 2298 2335 2371 pungitur
2365 2295 2577 2366 accepti
2638 2295 2850 2360 damni,
2906 2294 3004 2349 ubi
3063 2292 3228 2349 simul
3277 2290 3643 2361 cognoverit.

2072 2387 2219 2444 istud
2250 2387 2375 2443 ideo
2396 2402 2456 2443 se
2489 2386 2603 2457 pati
2639 2387 2768 2456 quia
2793 2381 3054 2441 similiter
3103 2384 3160 2439 in
3199 2384 3341 2438 alios
3377 2395 3647 2451 peccave-

2069 2482 2163 2546 rit,
2188 2488 2245 2535 et
2271 2478 2475 2535 malum
2509 2479 2724 2534 illatum
2763 2477 2908 2533 feret
2936 2476 3134 2541 levius,
3170 2484 3228 2532 et
3270 2472 3649 2529 deterrebitur

2068 2576 2125 2631 in
2142 2585 2428 2647 posterum
2453 2574 2522 2630 ab
2548 2575 2697 2640 aliis,
2736 2571 2987 2629 reditura
3018 2571 3074 2626 in
3088 2579 3369 2627 auctorem
3392 2564 3645 2639 quando-

2067 2684 2177 2735 que
2200 2669 2427 2741 injuria,
2445 2667 2740 2724 violandis.

1246 2864 1253 2867 ’
1337 2896 1871 2961 DlSSERTATIO
1930 2900 2448 2964 PARABOLICA
2516 2898 2693 2984 xtv.

390 2996 612 3060 Tradit
667 2995 921 3057 modum
976 2994 1377 3059 discernendi
1406 2999 1676 3059 consilia
1705 2999 1893 3061 utilia
1933 3001 2019 3086 ab_
2058 3003 2629 3086 ξηαῃίὺυενᾳααιία
2679 3005 2951 3068 maxime
2994 3013 3140 3067 sunt
3190 3005 3259 3068 id
3313 3002 3646 3069 suadentia

1575 3086 1821 3140 tentare
1853 3082 2019 3160 quod
2047 3084 2187 3162 ﬁeri
2222 3082 2461 3165 nequit.

450 3197 668 3269 Optima
695 3206 751 3253 et
784 3207 835 3254 te
863 3199 1049 3270 digna,
1078 3214 1175 3255 rex
1204 3199 1302 3265 ait,
1331 3201 1602 3272 nobisque
1636 3204 1849 3261 utiliter
1877 3221 1958 3262 re-
1986 3214 2030 3277 ε
2064 3206 2403 3280 posterinrds
2456 3211 2664 3266 habere
2713 3211 2917 3266 soleam
2938 3250 2952 3265 .
3003 3211 3183 3279 Quare
3233 3216 3376 3283 agite
3403 3252 3418 3274 ,
3476 3211 3646 3266 libere

382 3291 607 3346 colenda
635 3290 959 3362 disputasti;
991 3308 1141 3348 nunc
1171 3292 1239 3348 de
1269 3294 1603 3351 consiliariis
1635 3312 1777 3367 quos
1802 3298 1963 3353 adhi-

254 3436 255 3441 η
353 3360 513 3437 .bere
553 3360 966 3452 reges'debent,
1014 3386 1193 3455 deque
1239 3385 1461 3442 illorum
1507 3360 1724 3444 delectu
1759 3399 1817 3445 et
1860 3407 1964 3446 usu

383 3472 719 3541 perlibenter
744 3473 951 3541 aliquid
984 3474 1257 3528 audirem.

452 3567 493 3621 l.
524 3564 663 3620 Tum
687 3564 1133 3636 gymnosophista
1158 3565 1299 3622 hanc
1328 3576 1411 3623 est
1424 3558 1674 3624 fabulam
1702 3585 1958 3626 exorsus:

382 3662 514 3717 Erat
546 3676 642 3716 rex
677 3660 918 3715 murium
951 3660 1284 3733 Troglodyta
1320 3664 1565 3729 nomine,
1600 3665 1794 3720 urbem
1823 3666 1966 3721 bene

381 3752 650 3809 munitam
674 3753 727 3807 in
751 3753 968 3808 deserta
989 3765 1045 3809 et
1066 3755 1186 3810 avia
1212 3756 1434 3827 regione
1457 3772 1669 3813 summa
1699 3760 1966 3830 tranquil-

386 3845 543 3899 litate
619 3842 898 3909 obtinens,
960 3845 1395 3916 imperitansque
1461 3848 1671 3918 ingenti
1733 3866 1967 3905 numero

384 3952 637 3995 suorum.
675 3935 814 3993 Tres
846 3938 988 3994 circa
1024 3954 1082 3995 se
1116 3938 1377 3996 assiduos‘
1404 3941 1643 3998 habebat
1678 3954 1967 4001 senatores

384 4031 584 4100 gentis,
622 4029 827 4101 quibus
866 4031 1151 4088 deferebat
1182 4035 1523 4105 plurimum;
1554 4045 1610 4091 et
1642 4046 1799 4093 erant
1836 4038 1966 4093 lecti

382 4139 577 4181 omnes
601 4124 959 4195 expertique:
984 4126 1079 4181 sed
1103 4127 1320 4183 cunctis
1342 4128 1643 4185 antistabat
1672 4131 1965 4188 intervallo

384 4214 648 4276 maximo,
684 4214 779 4284 qui
816 4213 1178 4287 Tyrophagus
1210 4217 1532 4285 vocabatur,
1569 4220 1854 4280 Creoboro
1911 4234 1968 4280 et

385 4304 667 4360 Linorodo
707 4304 955 4378 (nomina
985 4306 1102 4363 haec
1129 4318 1291 4363 erant
1317 4309 1485 4366 dudm
1518 4310 1779 4388 aliorum)
1818 4314 1963 4370 haud

386 4401 553 4471 paulo
589 4400 937 4471 prudentior.
980 4401 1047 4457 lli
1087 4417 1282 4460 omnes
1317 4398 1556 4474 quadam
1596 4407 1685 4463 die
1723 4408 1963 4464 circum-

384 4499 597 4547 stantes
636 4507 841 4562 regem,
876 4492 927 4548 ei
960 4503 1018 4548 et
1047 4493 1284 4550 invicem
1314 4497 1734 4567 gratulabantur
1771 4515 1962 4571 pacem

2062 3307 2338 3377 suggerite
2368 3307 2413 3361 si
2444 3305 2577 3376 quid
2608 3304 3037 3361 occurritvobis
3064 3315 3441 3375 opportunum
3472 3304 3643 3359 factu.

2064 3399 2210 3454 Faxo
2245 3412 2312 3453 ne
2339 3414 2425 3452 me
2481 3396 2697 3451 tardum
2728 3395 2782 3450 in
2819 3396 3189 3462 admittendo,
3223 3411 3362 3452 neve
3418 3412 3642 3467 segnem

2064 3493 2119 3546 in
2147 3489 2520 3559 exsequendo,
2554 3488 2703 3559 quod
2740 3489 2847 3543 tale
2881 3488 3287 3559 proposueritis
3313 3489 3480 3559 queri
3519 3505 3642 3557 pose

2064 3582 2206 3638 sitis.
2253 3582 2334 3637 Ad
2379 3595 2443 3636 ea
2489 3580 2824 3645 Creoborus,
2856 3581 3109 3637 certatim
3156 3582 3439 3652 adjulaute
3477 3580 3646 3635 Lino-

2067 3672 2224 3737 rodo,
2259 3687 2526 3741 generosa
2568 3671 2671 3728 ista
2725 3682 2783 3727 et
2819 3670 3151 3741 dignissima
3189 3671 3441 3741 principe
3483 3671 3647 3725 indu-

2065 3766 2249 3820 ctione
2284 3764 2453 3819 animi
2504 3764 2750 3830 laudata,
2794 3763 3205 3820 incalescebant
3237 3764 3292 3817 in
3336 3761 3644 3827 suadendo,

2067 3867 2127 3914 ut
2155 3857 2607 3913 conscriberetur
2637 3872 2803 3928 quam
2840 3855 3336 3912 numerosissimus
3364 3854 3646 3909 exercitus

2067 3960 2254 4021 posset
2281 3965 2349 4004 ex
2381 3960 2509 4004 tunc
2539 3948 2857 4005 abundante
2886 3949 3180 4019 iuventute
3210 3945 3391 4017 gentis
3418 3963 3433 4011 ;
3476 3944 3648 3999 duces

2066 4042 2195 4099 inde
2234 4040 2370 4113 ipsis
2401 4042 2805 4112 praeponendos
2848 4056 3013 4110 quam
3057 4037 3562 4108 experientissimos
3591 4045 3649 4091 et

2067 4134 2423 4199 fortissimos,
2454 4141 2571 4188 tum
2600 4132 2880 4189 fortunam
2912 4131 3250 4194 tentandam,
3277 4146 3419 4201 quae,
3447 4138 3507 4184 ut
3537 4128 3647 4183 dici

2067 4228 2229 4291 solet,
2259 4227 2528 4283 audentes
2560 4227 2750 4299 juvat:
2777 4241 2890 4282 non
2936 4236 3141 4281 temere
3170 4223 3345 4279 videri
3387 4236 3645 4294 magnum

2066 4338 2136 4380 ex
2170 4321 2274 4376 isto
2304 4330 2506 4377 conatu
2542 4336 2727 4392 Opera:
2755 4320 2999 4403 pretium
3037 4317 3396 4390 sperandum.

2137 4413 2206 4471 ll.
2241 4413 2395 4469 Talia
2420 4414 2543 4469 istis
2574 4412 2999 4477 disserentibus,
3039 4412 3341 4468 dormitare
3374 4420 3470 4465 aut
3496 4409 3646 4466 aliud

2070 4522 2235 4578 agere
2264 4506 2628 4579 Tyrophagus
2657 4503 2972 4570 videbatur,
3006 4504 3316 4560 admirante
3351 4520 3519 4575 rege;
3551 4504 3645 4572 qui

385 4593 442 4639 ει
472 4583 893 4654 Ρτοδβετίιθιεηι
937 4600 1146 4653 rerum,
1181 4601 1342 4657 quam
1380 4589 1541 4644 unica
1575 4591 1844 4647 duntaxat
1878 4596 1963 4647 in-
1994 4586 2038 4644 D
2068 4600 2285 4654 tandem
2314 4608 2439 4669 post
2463 4598 2688 4669 longum
2720 4597 2837 4669 ejus
2858 4597 3161 4658 silentium,
3188 4594 3355 4651 Miror
3381 4605 3432 4649 te
3461 4594 3648 4660 hodie,

387 4676 708 4745 terpellaret
757 4677 1072 4733 sollicitudo
1116 4678 1186 4733 ab
1232 4680 1549 4737 incursibus
1576 4683 1785 4750 felium,
1823 4700 1963 4755 quo-

384 4785 511 4823 rum
533 4778 681 4823 esset
705 4769 917 4824 dudum
953 4771 1197 4841 ipsorum
1224 4775 1415 4851 generi
1443 4785 1500 4830 et
1530 4779 1824 4834 multitudo
1852 4778 1969 4832 for-

386 4861 675 4925 midolosa,
722 4871 779 4917 et
823 4863 908 4918 vis
936 4878 1001 4918 ac
1032 4865 1334 4921 crudelitas
1367 4868 1752 4925 intolerabilis.
1788 4863 1971 4937 Quare

388 4954 500 5009 duo
532 4956 793 5024 postremi
849 4964 1064 5026 tempus
1102 4971 1225 5014 esse
1276 4959 1520 5023 aiebant,
1570 4960 1631 5014 in
1678 4962 1786 5017 hoc
1831 4961 1967 5016 ﬂore

388 5047 625 5103 fortunze
674 5049 927 5117 publicae,
980 5049 1307 5119 dispiciendi
1360 5068 1489 5105 num
1538 5052 1670 5122 quid
1718 5055 1965 5123 expediri

390 5138 605 5193 consilii
639 5148 822 5209 posset
850 5139 916 5195 ad
945 5143 1112 5196 semel
1145 5142 1552 5209 defungendum
1595 5146 1755 5200 taedio
1783 5157 1838 5201 et
1874 5163 1968 5215 pe-

391 5232 570 5287 riculo
594 5232 1007 5288 tam‘diuturuae
1038 5243 1259 5305 tamque
1286 5235 1612 5306 importuna:
1636 5239 1965 5307 tyrannidis.

389 5325 469 5379 Ad
503 5341 567 5380 ea
591 5324 998 5397 Troglodyles:
1034 5325 1166 5381 l’ost
1199 5327 1590 5393 necessariam,
1620 5329 1716 5397 ait,
1753 5346 1966 5395 curam,

388 5434 451 5473 ac
479 5418 708 5473 tutelam
743 5419 849 5472 mei
878 5417 1098 5489 capitis,
1134 5418 1224 5474 cui
1253 5419 1418 5474 etiam
1471 5435 1578 5474 non
1615 5434 1734 5476 mea
1780 5437 1968 5488 causa,

389 5510 486 5565 sed
521 5512 831 5564 communis
856 5510 1052 5565 salutis
1084 5522 1361 5581 respectu.
1408 5512 1660 5577 consulo,
1709 5514 1966 5583 equidem

392 5600 527 5655 nihil
562 5600 741 5654 habeo
771 5602 1057 5670 antiquius
1103 5616 1267 5672 quam
1296 5601 1673 5670 subiectorum
1711 5618 1835 5657 meo
1863 5604 1969 5658 im-

390 5694 549 5763 perio
574 5692 863 5748 securitati
887 5709 953 5748 ac
978 5694 1287 5747 rationibus
1312 5695 1654 5765 prospicere,
1681 5696 1819 5750 adeo
1843 5698 1968 5767 qui-

396 5786 541 5854 dem,
573 5798 633 5842 ut
662 5787 902 5841 filiorum
933 5797 988 5843 et
1020 5788 1563 5857 consanguineorum
1600 5789 1749 5860 ipsos
1781 5800 1972 5844 tener-

395 5880 565 5937 rimos
591 5879 824 5934 affectus
849 5878 1117 5934 charitale
1144 5880 1329 5949 populi
1362 5897 1509 5937 cura:
1532 5898 1665 5937 mete
1689 5880 1965 5939 commissi

637 5977 905 6039 Damon.
939 5979 1054 6039 Gn.
1094 5977 1323 6039 CXLIII

2071 4690 2418 4762 Tyrophage,
2469 4689 2528 4744 in
2560 4690 2794 4745 consilio
2826 4697 3010 4744 tacere
3053 4698 3255 4759 praeter
3297 4703 3529 4741 morem.
3564 4687 3658 4741 Att

2069 4781 2291 4838 dubitas
2312 4796 2462 4836 nunc
2484 4782 2724 4852 primum
2753 4791 2846 4835 tua
2872 4779 3003 4836 huic
3023 4781 3189 4836 οωιυί
3211 4794 3373 4834 sensa
3396 4778 3650 4833 commit-

2068 4881 2207 4935 tere,
2236 4888 2359 4943 qua:
2392 4882 2499 4927 tam
2529 4886 2671 4941 saepe
2711 4872 3081 4940 suspeximus,
3132 4871 3287 4941 quasi
3340 4870 3647 4941 periculum

2069 4969 2142 5020 sit
2172 4977 2267 5020 aut
2295 4982 2363 5021 ne
2405 4966 2531 5029 talia
2565 4964 2677 5021 sint
2698 4981 2820 5035 qu
2847 4966 3033 5036 aperui
3068 4974 3297 5034 queant,
3332 4975 3446 5025 aut,
3484 4964 3569 5018 vel
3601 4964 3647 5018 si

2069 5057 2202 5127 quid
2250 5058 2478 5112 afferres
2523 5055 2671 5127 quod
2722 5072 2830 5111 non
2884 5056 3239 5126 probaretur,
3290 5055 3358 5110 ad
3407 5054 3650 5110 dedecus

2070 5147 2403 5202 danmumve
2454 5146 2731 5216 pertinere
2782 5145 2837 5202 id
2873 5156 3025 5200 tuum
3074 5146 3187 5201 ullo
3217 5146 3386 5201 modo
3439 5156 3645 5215 posset,

2070 5240 2263 5309 utique
2309 5254 2434 5293 cum
2482 5240 2706 5310 plenum
2757 5246 2813 5293 et
2856 5238 3087 5293 liberum
3139 5238 3383 5293 senatori
3432 5244 3651 5291 constet

2069 5332 2293 5401 quidvis
2326 5332 2473 5402 quod
2521 5331 2726 5393 sentiat
2768 5331 3130 5402 expromendi
3174 5331 3285 5407 jus,
3343 5338 3401 5385 et
3448 5337 3650 5383 nostra:

2070 5422 2503 5478 deliberationes
2534 5423 2974 5494 impenetrabilis
3019 5423 3210 5478 arcani
3247 5421 3513 5493 religione
3559 5435 3647 5474 se-

2071 5516 2315 5587 piantur.
2342 5516 2419 5569 Ad
2449 5532 2512 5571 ea
2549 5516 2941 5590 Tymphagus:
2968 5516 3164 5572 Nullus
3191 5513 3327 5570 talis’
3358 5516 3425 5569 de
3467 5525 3519 5568 te
3551 5522 3650 5567 aut

2071 5608 2140 5662 de
2172 5608 2308 5662 meis
2340 5608 2494 5663 hisce
2530 5608 2754 5678 collegis
2788 5617 2988 5670 metus,
3030 5608 3198 5677 hujus
3220 5608 3351 5670 mei,
3383 5604 3533 5676 quod
3563 5622 3651 5660 re-

2071 5698 2390 5770 prehendis,
2441 5698 2686 5773 domine,
2733 5699 2937 5754 silentii
2988 5713 3153 5755 causa
3197 5707 3302 5762 est,
3340 5712 3556 5761 verum,
3588 5706 3652 5751 ut

2069 5790 2246 5845 fatear
2290 5791 2550 5861 ingenue,
2590 5807 2743 5847 mera
2791 5791 2975 5862 inopia
3008 5792 3327 5857 verborum,
3380 5798 3437 5845 et
3487 5789 3647 5859 quasi

2073 5882 2319 5952 quaedam
2352 5880 2581 5939 infantia
2609 5896 2776 5952 super
2798 5890 3128 5955 argumento
3164 5881 3448 5951 inopinato
3481 5890 3648 5954 atque

3182 5972 3256 6037 h3
