4016 6558
399 310 539 378 13ῖὸ

966 357 975 367 -
1038 321 1438 397 ΛΡΡΕΝΙἨΧ.
1480 347 1548 360 --
1594 327 1979 388 SPECIMEN

2093 329 2448 390 lPIENTlE
2486 329 2843 391 INDORUM
2880 329 3047 393 VET.

3504 328 3643 395 1356

395 425 698 500 improviso
748 433 884 488 mihi
933 436 1210 502 maxime,
1249 437 1316 513 de
1368 454 1497 508 quo,
1554 439 1599 493 si
1644 454 1867 495 necesse
1903 441 1972 494 sit
2004 448 2043 503 Α
2078 458 2174 511 per
2204 443 2478 496 somnium
2523 442 2823 513 ingressos,
2853 441 3098 497 abfuisse
3143 453 3276 494 vero
3320 439 3490 496 multo
3518 440 3645 497 lon-

404 524 611 586 dicere,
644 525 776 580 illud
814 544 983 583 unum
1013 544 1167 585 mens
1196 531 1457 600 suggerit,
1487 547 1608 586 csse
1644 532 1789 585 istud
1824 535 1971 600 quod

403 613 515 668 uici
545 614 767 685 collegae
809 633 1149 688 proposuere
1192 621 1473 691 negotium
1525 623 1863 693 hujusmodi,
1902 622 1971 679 de

405 723 515 776 quo
544 723 647 764 nec
677 709 920 780 cogitare
952 712 1189 781 amplius
1224 728 1326 768 nec
1357 714 1503 784 loqui
1537 730 1776 784 unquam
1809 729 1973 783 opor-

408 807 535 852 teat.
576 797 833 854 Omnium
862 802 1063 871 quippe
1091 819 1273 858 rerum
1322 820 1444 874 quae
1472 808 1530 859 in
1574 806 1975 860 deliberatione

407 903 698 949 versantur
727 896 898 965 prima
920 896 1011 950 illa
1042 899 1315 967 uniceque
1340 898 1601 968 requisita
1628 898 1873 953 conditio
1892 905 1972 952 est

409 997 461 1039 ut
504 990 713 1054 possint
752 987 889 1043 eflici
920 1006 933 1051 ;
972 990 1250 1044 debellare
1288 999 1469 1043 autem
1503 1006 1566 1044 ac
1602 988 1850 1044 funditus
1878 1006 1974 1044 cx-

407 1080 689 1150 Stinguerc
737 1092 953 1153 gentem
990 1084 1201 1146 felium,
1244 1095 1397 1139 extra
1434 1093 1700 1161 nostram,
1735 1084 1969 1153 quamli-

408 1173 501 1226 hct
532 1181 862 1243 satagamus,
913 1176 1231 1230 facultatem
1264 1192 1410 1241 csse,
1446 1178 1599 1239 satis,
1654 1186 1713 1231 ut
1752 1192 1839 1229 res
1876 1191 1975 1245 per

407 1278 465 1318 se
501 1274 706 1321 taceret
739 1267 878 1335 ipsa,
923 1270 1122 1324 docere
1155 1284 1255 1323 nos
1290 1278 1473 1337 posset
1506 1270 1773 1325 memoria
1808 1270 1979 1337 majo-

408 1372 551 1420 rum,
583 1373 721 1428 quos
758 1360 1101 1429 potentiores
1128 1368 1183 1415 et
1215 1362 1579 1431 sapientiores
1626 1361 1808 1424 nobis,
1837 1376 1980 1414 nun-

372 1472 377 1479 ο
412 1465 576 1517 quam
609 1463 789 1506 tamen
837 1451 1005 1508 fando
1045 1452 1358 1509 audivimus
1402 1454 1457 1508 in
1503 1453 1666 1508 talem
1697 1467 1846 1522 spem
1896 1452 1983 1506 vel

2079 539 2200 604 gius
2225 536 2292 587 ab
2317 535 2427 589 ullo
2453 534 2506 587 in
2534 550 2647 589 rem
2684 533 2996 589 istiusmodi
3028 541 3294 602 apparatu
3320 540 3414 586 aut
3440 546 3642 588 conatu

2080 627 2415 683 meditando.
2438 627 2648 683 Contra
2673 642 2737 681 ea
2761 641 2885 679 cum
2912 626 3227 680 Creoborus
3256 633 3312 677 et
3340 623 3648 679 Linerodus

2081 720 2216 773 nihil
2265 719 2564 777 hiseereut,
2608 732 2724 776 rex.
2778 718 2976 771 tacitus
3018 716 3299 770 admirans
3339 716 3648 786 Tympbagi

2080 813 2310 867 solidam
2338 812 2555 867 consilii
2596 814 2726 875 vim,
2759 819 2962 865 emtum
2997 810 3227 863 dimisit.
3261 807 3441 862 llabes
3474 808 3649 861 infor-

2081 916 2280 958 matam
2316 904 2422 958 hoc
2466 904 2610 957 facto
2641 902 2843 964 ideam,
2874 901 3117 964 domine,
3151 900 3312 955 ofﬁcii
3343 900 3473 953 boni
3504 903 3650 970 regis

2081 995 2134 1048 iu
2170 995 2533 1049 discernenda
2564 994 3006 1047 consiliariorum
3036 1002 3093 1046 et
3127 992 3484 1046 consiliorum
3518 1006 3651 1060 qua-

2079 1088 2253 1140 litate.
2286 1086 2415 1152 Qua:
2444 1101 2575 1140 sane
2613 1085 2874 1139 discretio
2901 1095 3130 1138 eatenus
3154 1092 3240 1137 est
3270 1082 3507 1151 principi
3553 1097 3650 1136 ne-

2081 1182 2323 1233 cessaria
2354 1222 2368 1244 ,
2424 1189 2695 1249 quatenus
2746 1177 3088 1245 echricutia
3151 1175 3537 1238 demonstrat,
3587 1187 3647 1227 ea

2084 1272 2329 1325 adhibita
2378 1270 2798 1324 commoditates
2842 1269 3133 1335 maximas,
3181 1266 3436 1337 neglecta
3456 1266 3649 1319 damna

2087 1362 2329 1432 ingentia
2358 1363 2522 1416 rebus
2556 1361 2788 1430 publicis
2814 1360 3023 1416 inferri.

1398 1658 1929 1720 DISSERTATIO
1960 1657 2468 1719 PARABOLICA
2503 1659 2645 1718 XV.

885 1759 1168 1838 Castigat
1201 1761 1521 1821 curiosum
1565 1757 1948 1820 desiderium
1979 1757 2466 1839 longinquarum
2506 1765 2563 1818 et
2597 1755 2914 1818 inutilium
2948 1771 3179 1815 rerum.

480 1860 581 1918 llic
613 1878 707 1918 rex
749 1862 1140 1918 Abessalomus
1190 1863 1653 1934 gymnosoDhistm
1701 1863 1816 1918 ait:
1846 1862 1979 1917 Pcr-
2013 1869 2054 1925 Β
2084 1878 2304 1924 vereor,
2355 1862 2452 1926 ait,
2506 1877 2573 1915 ne
2621 1860 2811 1929 patriae
2859 1856 3013 1928 prius
3061 1855 3408 1911 obliviscaris
3453 1855 3654 1924 lingua

407 1954 526 2024 cepi
574 1954 754 2007 fruetu
802 1954 972 2007 animi
1006 1968 1204 2023 magno
1256 1970 1377 2023 quae
1430 1953 1665 2008 docuisti
1713 1954 1882 2007 multa
1926 1960 1983 2006 et

406 2046 689 2109 praeclara.
739 2045 950 2114 tibique
981 2044 1116 2113 iam,
1170 2055 1228 2098 ut
1270 2056 1355 2099 cst
1384 2045 1708 2106 verisimile,
1748 2044 1981 2099 dicendo

408 2140 572 2200 fesso,
626 2138 891 2191 molestus
939 2153 1063 2192 esse
1114 2137 1384 2199 desinam,
1435 2138 1527 2191 ubi
1581 2153 1749 2191 unum
1803 2137 1983 2192 adhuc

408 2233 654 2295 :ttltllCl‘O,
689 2231 819 2301 quid
852 2245 1084 2285 censeas
1116 2245 1178 2284 ac
1210 2230 1497 2301 praecipias
1526 2230 1673 2284 circa
1704 2230 1981 2284 curiosam

411 2323 748 2392 pruriginem
782 2322 1146 2392 quorumdam
1188 2321 1582 2377 fastidientium
1614 2331 1824 2392 parata,
1846 2338 1983 2378 con-

408 2423 668 2469 sentanea
708 2415 843 2485 ipsis
899 2423 953 2470 ct
998 2414 1217 2470 abunde
1270 2414 1617 2480 sufﬁcientia,
1650 2414 1980 2470 iubiantiutn

410 2519 540 2558 vero
570 2503 905 2576 longinquis.
937 2506 1150 2568 arduis,
1190 2505 1495 2560 inutilibus.

478 2596 519 2650 l.
553 2596 761 2652 Ultimi
794 2613 963 2667 super
1007 2614 1071 2653 ea
1120 2613 1178 2658 rc
1216 2600 1487 2654 sermonis
1534 2601 1981 2671 gymnosophista

412 2688 516 2743 hoc
557 2688 775 2744 initium
811 2688 981 2745 fecit:
1015 2691 1143 2746 Fuit
1178 2692 1320 2760 apud
1351 2704 1453 2746 nos
1486 2703 1667 2747 asceta
1699 2693 1982 2762 religionis

408 2792 462 2833 et
486 2782 793 2850 prudentiae
815 2782 1042 2855 insignis
1067 2784 1313 2853 quidam,
1338 2784 1403 2838 ad
1424 2801 1587 2855 quem
1613 2786 1814 2855 hospes
1836 2786 1981 2841 haud

408 2872 558 2938 paris
583 2873 869 2941 sapientiae
892 2873 1195 2936 diverteris,
1225 2889 1356 2930 sane
1378 2875 1693 2949 humaniter
1720 2887 1984 2944 exceptus

409 2973 512 3018 cst.
548 2963 695 3020 Inter
725 2980 939 3021 caenam
971 2982 1072 3036 pro
1105 2967 1400 3037 prmheutis
1436 2968 1781 3038 philosolihia
1807 2970 1986 3038 fruga-

409 3056 542 3120 lcm,
593 3058 753 3129 cujus
804 3044 953 3113 totus
996 3068 1292 3128 apparatus
1344 3074 1501 3124 pane.
1556 3060 1808 3131 dactylis,
1841 3051 1982 3129 aqua

408 3149 721 3211 conStabat,
742 3148 944 3219 hospes
963 3152 1196 3218 gustatis
1216 3149 1468 3223 dactylis,
1494 3150 1752 3213 Suavem,
1778 3151 1980 3220 inquit,

411 3241 482 3292 ita
520 3254 607 3293 me
658 3241 802 3293 Deus
831 3216 998 3302 amet,
1023 3240 1208 3295 cibum
1239 3242 1253 3295 l
1294 3216 1455 3295 taedet
1486 3256 1572 3294 me
1603 3241 1718 3311 jam
1769 3216 1980 3310 patriar,
2012 3216 2057 3276 θ

410 3346 530 3398 quae
552 3332 688 3386 tales
713 3348 824 3386 non
856 3330 1030 3403 gignit
1051 3332 1295 3398 fructus;
1326 3333 1456 3389 licet
1478 3349 1733 3397 uvarum,
1758 3333 1985 3397 ficuum.

413 3439 615 3478 nucum
648 3441 711 3479 ac
731 3440 1019 3493 pomorum
1042 3425 1223 3481 omnis
1247 3428 1466 3499 generis
1490 3429 1642 3482 ferax
1666 3427 1756 3493 sit,
1784 3427 1988 3497 quibus

412 3519 635 3573 abunde
665 3533 870 3573 mensae
902 3517 1258 3574 instruuntur
1294 3518 1438 3589 apud
1474 3533 1594 3583 nos,
1634 3529 1815 3574 tamen
1851 3518 1987 3574 mihi

414 3613 603 3667 videor
632 3627 743 3667 non
776 3625 935 3681 posse
959 3613 1070 3683 jam
1119 3613 1241 3667 sine
1283 3611 1372 3667 his
1396 3610 1625 3677 vivere;
1659 3626 1831 3683 quare
1862 3612 1987 3666 volo

414 3702 619 3757 referre
672 3703 893 3757 domum
935 3718 1123 3758 semen
1171 3712 1267 3757 aut
1310 3702 1593 3759 surculum
1638 3704 1854 3758 arboris
1892 3703 1990 3756 da—

414 3796 588 3865 ctylos
630 3794 883 3860 ferentis,
912 3810 980 3850 ex
1019 3811 1128 3866 qua
1163 3794 1486 3851 viridarium
1532 3810 1863 3859 conseram;
1896 3803 1989 3849 aut

414 3898 583 3953 certe,
613 3889 762 3958 quod
789 3887 1104 3959 expeditius
1132 3887 1274 3943 forte
1300 3887 1489 3955 fuerit,
1521 3888 1575 3943 in
1608 3887 1753 3943 hanc
1782 3896 1987 3941 terram

414 3982 756 4036 domicilium
795 3980 1147 4038 transferam.
1178 3981 1444 4036 Arridens
1471 3980 1559 4036 bis
1589 3989 1794 4045 asceta,
1827 3979 1991 4035 Juvat

419 4093 527 4142 Ille,
570 4075 771 4146 inquit,
801 4075 1010 4130 habere
1054 4089 1157 4130 nos
1185 4074 1396 4145 aliquid
1444 4088 1556 4129 non
1589 4073 1816 4129 insuave
1846 4073 1943 4128 tibi
1973 4090 1989 4139 ;

418 4181 624 4235 tamen,
656 4168 701 4224 si
734 4183 822 4222 me
869 4168 1009 4225 sinis
1038 4167 1247 4235 dicere,
1293 4182 1488 4240 magna
1523 4183 1653 4239 pars
1681 4167 1993 4237 tranquilli-

420 4263 547 4316 tatis
574 4262 742 4316 vitam
771 4262 987 4317 beantis
1017 4262 1071 4317 in
1099 4260 1341 4318 finienda
1368 4260 1649 4317 con‘cessis
1673 4276 1735 4316 ac
1770 4261 1994 4332 parabi-

418 4356 565 4411 libus
613 4355 919 4427 cupiditate
947 4355 1210 4421 sita_est:
1262 4355 1358 4427 qui
1410 4356 1621 4427 appetit
1669 4354 1991 4426 longinqua,

419 4450 504 4504 vel
530 4450 813 4520 sequendo
837 4452 1111 4519 fatigatur,
1138 4448 1223 4503 vel
1246 4449 1484 4504 carendo
1505 4447 1759 4519 angitur;
1788 4459 1995 4503 utram-

2085 1972 2249 2028 quam
2282 1955 2439 2009 istius
2473 1953 2774 2024 peregrinae
2807 1966 2964 2007 usum
3000 1948 3305 2019 paraveris.
3350 1947 3534 2016 Spissa
3567 1961 3655 1999 ris

2084 2061 2187 2117 cst,
2214 2052 2451 2120 experto
2475 2048 2659 2107 crede.
2694 2063 2798 2101 nec
2826 2045 2985 2101 istius
3009 2041 3184 2098 aetatis
3214 2051 3308 2096 aut
3336 2040 3658 2109 occupatio-

2086 2147 2172 2201 nis
2200 2156 2340 2199 tum:
2384 2158 2486 2198 nec
2524 2139 2866 2195 contentioni
2905 2134 3387 2193 aerumnosissimae
3418 2148 3518 2202 par
3570 2148 3658 2183 rc-

2084 2238 2387 2305 sponderet
2438 2236 2670 2290 fructus.
2722 2229 2988 2298 Quocirca
3043 2236 3344 2283 metuerem
3397 2223 3655 2294 equidem

2086 2346 2155 2384 ne
2201 2327 2295 2383 tibi
2326 2326 2576 2382 eveniret
2602 2321 2747 2393 quod
2781 2337 2945 2378 corvo
2987 2318 3163 2374 aiunt.
3203 2316 3272 2382 ls,
3306 2314 3661 2384 conspicatus

2086 2419 2379 2492 aliquando
2405 2416 2644 2490 perdicis
2669 2415 2969 2477 incessum,
2996 2419 3189 2481 captus
3214 2407 3368 2480 quasi
3394 2405 3657 2477 prmelara

2086 2511 2289 2581 specie,
2323 2510 2517 2566 statuit
2547 2507 2804 2561 omittere
2833 2503 3136 2559 naturalem
3169 2513 3351 2561 suum,
3384 2510 3553 2566 seque
3582 2494 3659 2548 la-

2087 2604 2310 2659 boriose
2338 2602 2429 2656 diu
2470 2600 2736 2655 exercens
2765 2597 2823 2652 in
2857 2592 3125 2650 iibrandis
3157 2588 3433 2661 passibus,
3458 2598 3515 2642 et
3542 2585 3659 2641 cir-

2087 2696 2428 2768 cumagendo
2478 2693 2546 2749 ad
2601 2689 2846 2762 singulos
2906 2700 3176 2756 corpore,
3226 2679 3661 2748 alternandaque

2087 2789 2454 2861 propensione
2481 2786 2535 2839 in
2559 2785 2703 2838 latus
2730 2792 3045 2852 utrumque,
3073 2778 3222 2833 hunc
3252 2774 3407 2831 stulti
3431 2781 3661 2829 conatus

2087 2892 2346 2939 eventum
2394 2878 2609 2942 habuit,
2645 2886 2707 2933 ut
2755 2890 2859 2931 uec
2906 2871 3145 2943 perdicis
3193 2882 3461 2940 gressum,
3493 2878 3658 2934 quem

2072 2976 2470 3039 aemulabatur,
2499 2977 2914 3040 assequeretur,
2960 2979 3064 3021 nec
3110 2961 3398 3019 corvinum
3447 2964 3664 3011 teneret

2089 3069 2347 3141 amplius,
2404 3064 2819 3131 ludibriumque
2886 3058 3109 3128 utrique
3149 3053 3335 3127 generi
3382 3060 3527 3107 esset
3556 3112 3565 3123 κ
3598 3062 3665 3103 ac

2089 3179 2154 3218 ex
2184 3161 2334 3216 omni
2367 3161 2579 3229 eiectus
2609 3166 2781 3221 coetu,
2809 3156 2926 3210 risu
2954 3153 3157 3222 passim
3188 3154 3516 3204 cunctorum
3549 3152 3663 3196 tra-

2090 3258 2408 3312 duceretur.
2434 3253 2558 3308 llzec
2582 3265 2743 3321 poena
2763 3254 2845 3301 est
2871 3244 3132 3315 inquietae
3151 3235 3443 3311 pruriginis
3473 3235 3526 3288 in
3553 3246 3667 3285 non

2092 3349 2197 3405 sibi
2245 3361 2488 3417 congrua
2534 3337 2949 3413 prosilibundm.
3006 3330 3373 3391 Meministine
3444 3328 3713 3397 patrem.

2093 3452 2269 3504 tuum,
2302 3446 2395 3499 aut
2448 3445 2770 3506 patruorum
2822 3429 3083 3497 aliquem,
3132 3424 3215 3479 vel
3248 3420 3414 3476 fando
3466 3418 3521 3472 in
3571 3426 3666 3469 tua

2093 3533 2295 3589 familia
2325 3530 2457 3585 ferri
2493 3524 2753 3583 audivisti
2785 3522 2854 3577 de
2880 3533 3109 3577 avorum
3138 3514 3397 3588 quopiam
3428 3509 3524 3582 qui
3552 3509 3668 3562 lin-

2091 3642 2251 3698 guam
2292 3636 2533 3694 unquam
2559 3617 2908 3675 Chaldaicam
2947 3609 3241 3668 calluerit?
3282 3607 3420 3698 Cum
3464 3604 3670 3672 hospes

2091 3724 2366 3789 negasset,
2401 3720 2583 3768 asceta
2614 3708 2918 3779 excipiens,
2952 3705 3146 3775 igitur,
3176 3697 3413 3761 addidit,
3440 3707 3671 3789 magne-

2096 3786 2224 3879 perc
2248 3815 2442 3861 auctor
2472 3805 2568 3859 tibi
2604 3816 2727 3856 sum
2760 3815 2869 3854 non
2905 3793 3233 3865 erumpendi
3267 3801 3422 3845 extra
3448 3786 3673 3879 cancelf

2093 3875 2177 3957 los
2224 3895 2578 3954 familiarium
2620 3891 3037 3962 exemplorum,
3091 3886 3185 3943 sed
3231 3881 3473 3939 coercita
3518 3875 3672 3932 inani

2096 3991 2436 4054 curiositate,
2457 3984 2843 4057 acquiescendi
2866 3980 3145 4039 concessis
3172 3993 3201 4032 a
3230 3983 3429 4031 natura
3451 3979 3508 4027 et
3532 3971 3672 4026 edu-

2095 4085 2333 4144 cationis
2380 4091 2550 4137 sorte.
2607 4079 2888 4133 Hactenus
2930 4069 3380 4145 gymnoSOphista
3424 4068 3669 4126 locutus,

2096 4187 2151 4234 et
2192 4175 2515 4231 adoratione
2545 4168 2940 4227 demississime
2985 4171 3277 4219 veneratus
3323 4173 3532 4229 regem,
3561 4157 3671 4210 Re-

2098 4268 2319 4341 spondi,
2355 4265 2601 4329 domine,
2633 4261 2834 4333 inquit,
2871 4268 2933 4314 ut
2967 4255 3118 4329 potui
3154 4268 3255 4325 pro
3288 4248 3675 4341 mediocritate

2096 4357 2373 4415 facultatis
2404 4371 2558 4421 mere,
2590 4352 2658 4408 ad
2691 4361 2783 4407 tua
2812 4350 2915 4405 ista
2946 4346 3172 4418 quaesita
3206 4343 3376 4398 multa
3402 4350 3458 4395 et
3484 4340 3674 4426 varia:

2101 4455 2156 4509 in
2184 4468 2313 4522 quo,
2344 4464 2548 4516 quzcso,
2577 4444 3009 4502 sieruditionem
3036 4439 3219 4493 minus
3247 4448 3425 4507 pecs,
3454 4448 3561 4502 qua
3590 4446 3679 4484 me

420 4557 528 4612 que
571 4542 878 4597 molestiam
924 4540 1286 4607 lucrifecerit,
1310 4540 1404 4615 qui
1428 4539 1544 4596 suis
1565 4550 1862 4596 contentus
1885 4555 1993 4596 non
2028 4556 2072 4615 ι)
2102 4544 2425 4599 destitutum
2459 4539 2655 4594 idonea
2683 4543 2739 4590 ut
2772 4532 2953 4588 sentio
2995 4531 3077 4587 sic
3103 4529 3250 4583 ultro
3292 4526 3490 4586 fateor,
3523 4531 3677 4577 certe

422 4636 651 4690 inhiarit
697 4634 915 4690 alienis.

432 4732 439 4743 '
496 4730 559 4783 ll.
598 4728 869 4799 Castigata
905 4725 1102 4782 leniter
1135 4726 1372 4798 hospitis
1416 4728 1612 4784 levitas
1657 4728 2000 4800 acquievisse

425 4832 700 4893 przeccpto
733 4820 970 4892 sapienti
999 4820 1311 4888 videbatur,
1336 4822 1559 4893 quando
1589 4822 1789 4878 iterum
1818 4823 2002 4893 erupit

426 4918 478 4971 iu
526 4916 923 4987 appetitionem
973 4915 1421 4987 intempestivam
1474 4916 1706 4987 alterius
1754 4918 1993 4988 generis.

426 5011 769 5079 Allegaverat
792 5009 932 5069 [orte
956 5017 1159 5074 asceta,
1185 5021 1447 5080 provecto
1469 5009 1523 5064 in
1546 5010 1696 5065 varia
1720 5024 1996 5078 sermone,

427 5102 756 5159 sententiam
784 5118 848 5157 ex
880 5101 1027 5157 libro
1052 5100 1375 5167 Chaldaico,
1409 5117 1575 5172 quam
1600 5101 2000 5173 interpretatus

426 5196 792 5249 disseruerat.
840 5191 1056 5248 Placuit
1103 5190 1304 5263 b03piti
1353 5193 1630 5261 eruditio;
1675 5202 1751 5258 et,
1791 5186 2001 5248 Amab‘o

429 5298 501 5352 te,
535 5284 735 5356 inquit,
772 5286 972 5339 iterum
1006 5294 1217 5354 repete,
1259 5284 1406 5355 quod
1438 5286 1707 5349 recitasti,
1755 5286 2003 5339 testimo-

429 5381 622 5444 nium;
666 5394 754 5434 me
795 5377 1033 5435 delectat
1083 5377 1187 5433 iste
1232 5390 1403 5433 sonus
1446 5392 1554 5433 non
1599 5378 2004 5443 intellecturum

429 5473 559 5527 licet
590 5486 809 5536 vocum,
855 5486 918 5528 ac
952 5467 1190 5527 decerno
1234 5468 1364 5525 dare
1409 5485 1633 5541 operam
1663 5470 2007 5526 addiscendae

432 5563 520 5617 isti
557 5562 775 5634 linguai,
810 5571 1051 5632 petoque
1081 5576 1150 5616 ne
1197 5559 1446 5631 graveris
1491 5561 1657 5631 hujus
1698 5561 1810 5632 jam
1859 5576 2007 5615 nunc

431 5654 710 5711 idiomatis
755 5654 1031 5711 elementa
1062 5653 1200 5711 mihi
1233 5653 1587 5712 tradere.Cui
1619 5670 1809 5722 senex,
1843 5653 2010 5711 Atqui

2103 4639 2443 4692 voluntatem
2494 4629 2747 4701 parendi,
2792 4637 2848 4682 ct
2893 4620 3237 4693 obsequendi
3287 4617 3631 4673 alacritatem
3659 4652 3675 4676 ,

2104 4729 2271 4784 etiam
2324 4728 2468 4780 ultra
2504 4724 2651 4777 vires
2696 4719 2987 4792 prolixam,
3015 4712 3275 4784 ampleCti
3322 4720 3373 4764 te
3407 4708 3596 4769 velim,
3627 4716 3682 4758 et

2108 4837 2191 4875 me
2218 4822 2273 4874 in
2306 4832 2535 4872 numero
2575 4814 2674 4869 tibi
2702 4809 3236 4885 addictissimorum,
3268 4802 3469 4858 favoris
3506 4803 3681 4855 inter-

2106 4914 2238 4968 dum
2265 4911 2343 4966 tui
2385 4909 2519 4980 regii
2552 4906 2923 4974 beneficaique
2952 4902 3143 4974 gratiae
3180 4894 3683 4969 significationibus

2105 5019 2417 5074 aspergere.

2180 5096 2288 5150 llas
2338 5091 2653 5164 quindecim
2706 5088 3120 5145 dissertationes
3172 5082 3393 5151 sapiens
3439 5076 3689 5133 medicus

2110 5190 2345 5244 Pcrzocs
2372 5203 2440 5241 ex
2469 5184 2657 5240 lndica
2703 5183 2758 5237 in
2799 5182 3072 5236 Persicam
3108 5176 3353 5246 linguam
3403 5188 3433 5226 a
3464 5186 3524 5226 se
3551 5184 3687 5224 cou-

2113 5298 2298 5337 vcrsas
2327 5280 2439 5350 regi
2461 5276 2691 5332 Chosroi
2719 5274 2952 5340 obtulit;
2984 5270 3109 5326 inde
3134 5268 3338 5323 eazdem
3376 5281 3441 5319 ex
3467 5263 3686 5317 Persico

2116 5376 2170 5428 in
2202 5373 2492 5428 Arabicum
2527 5367 2801 5425 translatae
2829 5377 3136 5421 sermonem
3162 5369 3323 5426 sunt;
3355 5373 3422 5411 ex
3452 5353 3686 5409 Arabico

2116 5483 2247 5524 vero
2278 5465 2538 5521 idiomate
2572 5464 2694 5518 illas
2729 5444 2831 5527 ego
2864 5458 3100 5530 Symcon
3131 5451 3393 5522 magister
3416 5456 3474 5504 et
3503 5445 3686 5515 pbiio-

2115 5563 2323 5633 snphus
2350 5564 2716 5631 cognomento
2748 5553 2903 5616 Setb,
2952 5545 3259 5623 communis
3290 5538 3548 5598 utilitatis
3593 5549 3688 5606 spe

2116 5655 2353 5717 illectus,
2379 5651 2563 5706 Grmcc
2587 5664 2707 5704 sum
2739 5647 3147 5716 interpretatus.
3473 5641 3511 5672 θ

1512 5773 1650 5828 Laus
1683 5773 1786 5827 Dea
1835 5773 2089 5829 bonorum
2121 5774 2359 5826 omnium
2390 5768 2629 5825 ductori.
